{"host":"dn2xyj3kd3d9cfyb","time":1612429065,"event":{"mods":["BaseMod","Colored Powertips","Downfall","Hubris","Marisa£®ÏF”Í°°ƒß¿Ì…≥£©","Minty Spire (QoL Compilation)","Remilia£®¿Ÿ√◊¿Ú—«£©","Replay The Spire","Shop Mod","StSLib","The Animator","The Construct","The Cursed","The Mystic","Youmu£®ªÍ∆«—˝√Œ£©","Yuri Mod","Yuyuko"],"gold_per_floor":[99,99,99,99,99,99,122,122,22,38,56,56,56,41,55,160,160,160,160],"floor_reached":18,"language":"ZHS","playtime":1051,"items_purged":["downfall:Malfunctioning"],"score":153,"play_id":"2cd4df8c-1dd5-4e79-a03d-b88f54d6421c","local_time":"20210204165745","is_ascension_mode":true,"campfire_choices":[{"floor":1,"key":"RECALL"},{"data":"construct:MetalShell","floor":6,"key":"SMITH"},{"data":"construct:MetalShell+1","floor":9,"key":"SMITH"},{"data":"construct:Autoturret+1","floor":13,"key":"SMITH"}],"circlet_count":0,"master_deck":["construct:Strike_Gold","construct:Strike_Gold","construct:Strike_Gold+1","construct:Strike_Gold","construct:Strike_Gold","construct:Defend_Gold","construct:Defend_Gold+1","construct:Defend_Gold","construct:Defend_Gold+1","construct:Defend_Gold","construct:AttackMode","construct:DefenseMode","construct:Autoturret+2","construct:MetalShell+2","construct:SaveState","construct:VentSteam","Secret Weapon","construct:Autoturret+1","construct:ShieldGenerator"],"relics":["construct:ClockworkPhoenix","downfall:HeartsMalice","Happy Flower","downfall:HeartBlessingRed","BargainBundle","hubris:VirtuousBlindfold"],"acts_visited":["Exordium","TheCity"],"potions_floor_usage":[15],"damage_taken":[{"damage":0,"enemies":"Small Slimes","floor":2,"turns":1},{"damage":0,"enemies":"Jaw Worm","floor":4,"turns":1},{"damage":0,"enemies":"Cultist","floor":8,"turns":1},{"damage":6,"enemies":"Red Slaver","floor":10,"turns":4},{"damage":0,"enemies":"3 Louse","floor":11,"turns":4},{"damage":0,"enemies":"downfall:FleeingMerchant","floor":14,"turns":4},{"damage":0,"enemies":"Lots of Slimes","floor":15,"turns":2},{"damage":9,"enemies":"WA_ARCHETYPE_RETAIN","floor":16,"turns":22}],"seed_played":"7703521550125587191","potions_obtained":[{"floor":10,"key":"Block Potion"},{"floor":11,"key":"Explosive Potion"},{"floor":16,"key":"BlessingOfTheForge"}],"is_trial":false,"path_per_floor":["R","M","?","M","?","R","T","M","R","M","M","?","R","$","M","B",null,"R"],"character_chosen":"THE_CONSTRUCT_MOD","items_purchased":["BargainBundle","Guardian:BlockOnCardUsePotion","Secret Weapon","construct:Autoturret+1"],"campfire_rested":0,"item_purchase_floors":[14,14,14,14],"current_hp_per_floor":[85,85,85,85,85,85,85,85,85,79,79,79,79,79,79,70,85,85,85],"gold":160,"neow_bonus":"THREE_ENEMY_KILL","is_daily":false,"chose_seed":false,"campfire_upgraded":3,"win_rate":0.0,"timestamp":1612429065,"path_taken":["R","M","?","M","?","R","T","M","R","M","?","?","R","$","M","BOSS","R"],"items_purchased_type":["Relic","Potion","Card","Card"],"build_version":"2020-12-22","purchased_purges":1,"victory":false,"max_hp_per_floor":[85,85,85,85,85,85,85,85,85,85,85,85,85,85,85,85,85,85,85],"card_choices":[{"not_picked":["construct:QuickAttack","construct:FocusedBeam"],"picked":"construct:Autoturret","floor":2},{"not_picked":["construct:ScrapCannon","construct:Analyze"],"picked":"construct:MetalShell","floor":4},{"not_picked":["construct:ReactiveShield","construct:ChargeShot"],"picked":"construct:SaveState","floor":8},{"not_picked":["construct:SaveState","construct:ClusterMines","construct:Dampening"],"picked":"SKIP","floor":10},{"not_picked":["construct:FlakBarrage","construct:ClusterMines"],"picked":"construct:VentSteam","floor":11},{"not_picked":["construct:Missile","construct:SyphonStrike","construct:Accumulate"],"picked":"SKIP","floor":14},{"not_picked":["construct:ModeShift","construct:Autoturret","construct:Versatility"],"picked":"SKIP","floor":15},{"not_picked":["construct:GatlingGun","construct:HyperBeam"],"picked":"construct:ShieldGenerator","floor":16}],"player_experience":601837,"relics_obtained":[{"floor":7,"key":"Happy Flower"}],"event_choices":[{"damage_healed":0,"gold_gain":0,"player_choice":"Forge","damage_taken":0,"max_hp_gain":0,"max_hp_loss":0,"event_name":"Accursed Blacksmith","floor":12,"gold_loss":0,"cards_upgraded":["construct:Autoturret"]}],"is_beta":false,"boss_relics":[{"not_picked":["Snecko Eye","Ring of Chaos"],"picked":"hubris:VirtuousBlindfold"}],"items_purged_floors":[14],"is_endless":false,"potions_floor_spawned":[10,11,16],"ascension_level":1}}