{"host":"dggqshehf2ar9kzd","time":1612474540,"event":{"mods":["BaseMod","Highlight Path","Minty Spire (QoL Compilation)"],"gold_per_floor":[116,116,129,147,147,147,166,166,166,182,210,227,73,93,93,191,191,202,202,217,217,217],"floor_reached":21,"language":"ENG","playtime":1086,"items_purged":["Strike_P"],"score":201,"play_id":"05da8e7a-bc4d-48e0-b7f4-8c90a293f9e9","local_time":"20210204163540","is_ascension_mode":true,"campfire_choices":[{"data":"Vigilance","floor":6,"key":"SMITH"},{"data":"Sanctity","floor":8,"key":"SMITH"},{"data":"Meditate","floor":15,"key":"SMITH"}],"circlet_count":0,"master_deck":["Strike_P","Strike_P","Defend_P","Defend_P","Defend_P","Defend_P","Eruption","Vigilance+1","Sanctity+1","EmptyFist","Meditate+1","CutThroughFate","Nirvana","Prostrate","Pray","Prostrate","ConjureBlade","PathToVictory"],"relics":["PureWater","NeowsBlessing","PreservedInsect","The Courier","SacredBark"],"acts_visited":["Exordium","TheCity"],"potions_floor_usage":[18,20,20,21],"damage_taken":[{"damage":0,"enemies":"2 Louse","floor":1,"turns":1},{"damage":0,"enemies":"Cultist","floor":3,"turns":1},{"damage":0,"enemies":"Jaw Worm","floor":4,"turns":1},{"damage":5,"enemies":"Exordium Thugs","floor":7,"turns":6},{"damage":8,"enemies":"Blue Slaver","floor":10,"turns":5},{"damage":10,"enemies":"Gremlin Nob","floor":11,"turns":4},{"damage":5,"enemies":"3 Louse","floor":12,"turns":4},{"damage":0,"enemies":"2 Fungi Beasts","floor":14,"turns":6},{"damage":35,"enemies":"The Guardian","floor":16,"turns":8},{"damage":34,"enemies":"Chosen","floor":18,"turns":5},{"damage":18,"enemies":"2 Thieves","floor":20,"turns":4},{"damage":6,"enemies":"Snecko","floor":21,"turns":3}],"seed_played":"-4260127912557787856","potions_obtained":[{"floor":1,"key":"SteroidPotion"},{"floor":7,"key":"SteroidPotion"},{"floor":10,"key":"PowerPotion"},{"floor":16,"key":"Swift Potion"},{"floor":20,"key":"Dexterity Potion"}],"is_trial":false,"path_per_floor":["M","?","M","M","?","R","M","R","T","M","E","M","$","M","R","B",null,"M","?","M","M"],"character_chosen":"WATCHER","items_purchased":["Prostrate","Pray"],"campfire_rested":0,"item_purchase_floors":[13,13],"current_hp_per_floor":[72,72,72,72,72,72,67,67,67,59,49,44,44,44,44,9,72,38,25,7,1,1],"gold":217,"neow_bonus":"THREE_ENEMY_KILL","is_daily":false,"chose_seed":false,"campfire_upgraded":3,"win_rate":0.0,"timestamp":1612474540,"path_taken":["M","?","?","M","?","R","?","R","T","M","E","M","$","M","R","BOSS","M","?","M","M"],"items_purchased_type":["Card","Card"],"build_version":"2020-12-22","purchased_purges":1,"victory":false,"max_hp_per_floor":[72,72,72,72,72,72,72,72,72,72,72,72,72,72,72,72,72,72,77,77,77,77],"card_choices":[{"not_picked":["Halt","LikeWater"],"picked":"Sanctity","floor":1},{"not_picked":["Halt","Conclude"],"picked":"Protect","floor":3},{"not_picked":["Evaluate","Blasphemy"],"picked":"EmptyFist","floor":4},{"not_picked":["Conclude","FlurryOfBlows","ReachHeaven"],"picked":"SKIP","floor":7},{"not_picked":["ThirdEye","FlyingSleeves"],"picked":"Meditate","floor":10},{"not_picked":["Fasting2","SashWhip"],"picked":"CutThroughFate","floor":11},{"not_picked":["Conclude","Fasting2"],"picked":"Nirvana","floor":12},{"not_picked":["BowlingBash","SignatureMove"],"picked":"Prostrate","floor":14},{"not_picked":["Scrawl","DeusExMachina"],"picked":"ConjureBlade","floor":16},{"not_picked":["CrushJoints","EmptyFist","Tantrum+1"],"picked":"SKIP","floor":18},{"not_picked":["CutThroughFate+1","CrushJoints+1"],"picked":"PathToVictory","floor":20}],"player_experience":330442,"relics_obtained":[{"floor":9,"key":"PreservedInsect"},{"floor":11,"key":"The Courier"}],"event_choices":[{"cards_removed":["Strike_P"],"damage_healed":0,"gold_gain":0,"player_choice":"Purged","damage_taken":0,"max_hp_gain":0,"max_hp_loss":0,"event_name":"Purifier","floor":2,"gold_loss":0},{"cards_removed":["Protect"],"damage_healed":5,"gold_gain":0,"player_choice":"Offered Common","damage_taken":0,"max_hp_gain":0,"max_hp_loss":0,"event_name":"Bonfire Elementals","floor":5,"gold_loss":0},{"cards_removed":["Protect"],"damage_healed":5,"gold_gain":0,"player_choice":"Offered Special","damage_taken":0,"max_hp_gain":0,"max_hp_loss":0,"event_name":"Bonfire Elementals","floor":5,"gold_loss":0},{"damage_healed":0,"gold_gain":0,"player_choice":"Shed Blood","damage_taken":18,"max_hp_gain":5,"max_hp_loss":0,"event_name":"Forgotten Altar","floor":19,"gold_loss":0}],"is_beta":false,"boss_relics":[{"not_picked":["Runic Dome","Philosopher\u0027s Stone"],"picked":"SacredBark"}],"items_purged_floors":[13],"is_endless":false,"potions_floor_spawned":[1,7,10,16,20],"killed_by":"Snecko","ascension_level":2}}