{"host":"jjobdbtkl3y7u1ei","time":1612422263,"event":{"mods":["BaseMod","Colored Map","Colored Powertips","Gremlin Mod","Hermit","Highlight Path","Hubris","Infinite Spire","Marisa????????","Mimic Mod","Minty Spire (QoL Compilation)","Replay The Spire","StSLib","The Cursed","The Death Knight","The Disciple","The Mystic","The Necromancer","The Runesmith","The Servant 0.9.4"],"gold_per_floor":[110,120,19,19,19,19,44,44,91,91,108,120,151,163,163,258,258,269,269,286,304,204,129,161,177,203,222,238,238,238],"floor_reached":29,"language":"ENG","playtime":4154,"items_purged":["Strike_S","Defend_S"],"score":257,"play_id":"a2404dc0-e24a-4db0-8818-1e156ee5b45f","local_time":"20210204020423","is_ascension_mode":false,"campfire_choices":[{"data":"Exchange","floor":6,"key":"SMITH"},{"data":"TheWorld","floor":8,"key":"SMITH"},{"data":"Ricochet","floor":10,"key":"SMITH"},{"floor":15,"key":"DIG"}],"circlet_count":0,"master_deck":["Strike_S","Defend_S","KidneyShot","Exchange+1","Sabotage","Ricochet+1","Potential+1","TheWorld+1","Rearm","Unruled","Revamp","FloweringNight","BestPractice","Contraction","WasteNot","MurderousAura"],"relics":["Uniform","hubris:Teleporter","Oddly Smooth Stone","PocketWatch","Centennial Puzzle","Empty Cage","ReplayTheSpireMod:Shallot","ReplayTheSpireMod:Lightbulb"],"acts_visited":["Exordium","TheCity"],"potions_floor_usage":[],"damage_taken":[{"damage":1,"enemies":"2 Louse","floor":1,"turns":3},{"damage":0,"enemies":"Cultist","floor":2,"turns":4},{"damage":18,"enemies":"Gremlin Nob","floor":7,"turns":4},{"damage":0,"enemies":"Small Slimes","floor":11,"turns":1},{"damage":3,"enemies":"Exordium Thugs","floor":12,"turns":3},{"damage":7,"enemies":"Lagavulin","floor":13,"turns":7},{"damage":0,"enemies":"Blue Slaver","floor":14,"turns":2},{"damage":20,"enemies":"Hexaghost","floor":16,"turns":8},{"damage":5,"enemies":"3 Byrds","floor":18,"turns":3},{"damage":2,"enemies":"Chosen","floor":20,"turns":4},{"damage":3,"enemies":"Snake Plant","floor":21,"turns":4},{"damage":15,"enemies":"Book of Stabbing","floor":24,"turns":4},{"damage":5,"enemies":"Shelled Parasite and Fungi","floor":25,"turns":5},{"damage":15,"enemies":"Centurion and Healer","floor":27,"turns":3},{"damage":13,"enemies":"Snake Plant","floor":28,"turns":5},{"damage":13,"enemies":"Slavers","floor":29,"turns":1}],"seed_played":"9190067393692027824","potions_obtained":[{"floor":7,"key":"Energy Potion"},{"floor":12,"key":"Block Potion"},{"floor":13,"key":"Milkshake"},{"floor":14,"key":"DeathKnight:BottledBloodEchoes"},{"floor":19,"key":"Adrenaline Potion"}],"is_trial":false,"path_per_floor":["M","M","$","?","$","R","E","R","T","R","M","M","E","M","R_BF","B",null,"M","?","M","M","$","?","E","M","T","M","M","E"],"character_chosen":"THE_SERVANT","items_purchased":["Potential"],"campfire_rested":0,"item_purchase_floors":[3],"current_hp_per_floor":[64,64,64,64,64,64,46,46,46,46,46,43,36,36,36,16,65,60,60,58,55,55,55,40,35,35,20,7,0,0],"gold":238,"neow_bonus":"REMOVE_CARD","is_daily":false,"chose_seed":false,"campfire_upgraded":3,"win_rate":0.0,"timestamp":1612422263,"path_taken":["M","M","$","?","$","R","E","R","T","R","M","M","E","M","R_BF","BOSS","M","?","M","?","$","?","E","M","T","M","M","E"],"items_purchased_type":["Card"],"build_version":"2020-12-22","purchased_purges":2,"victory":false,"max_hp_per_floor":[65,65,65,65,65,65,65,65,65,65,65,65,65,65,65,65,65,65,65,65,65,65,65,65,65,65,65,65,65,65],"card_choices":[{"not_picked":["Replace","Spin"],"picked":"Sabotage","floor":1},{"not_picked":["DoubleEdge","Alleviate"],"picked":"Ricochet","floor":2},{"not_picked":["DoubleEdge","Replace"],"picked":"TheWorld","floor":7},{"not_picked":["SpecialFormula","DualDimension","Starlight"],"picked":"SKIP","floor":11},{"not_picked":["FanOfKnives","DoubleEdge"],"picked":"Rearm","floor":12},{"not_picked":["Alleviate","Rewind"],"picked":"Unruled","floor":13},{"not_picked":["Misdirection","Spin"],"picked":"Revamp","floor":14},{"not_picked":["Sunlight","ForgedInTime"],"picked":"FloweringNight","floor":16},{"not_picked":["Spin","Defy"],"picked":"BestPractice","floor":18},{"not_picked":["FanOfKnives","Alleviate","DoubleEdge"],"picked":"SKIP","floor":20},{"not_picked":["Ricochet","Desolation","FastForward+1"],"picked":"SKIP","floor":21},{"not_picked":["Unruled+1","Rewind+1"],"picked":"Contraction","floor":24},{"not_picked":["Shuttle+1","Sabotage"],"picked":"WasteNot","floor":25},{"not_picked":["Rewind+1","Rearm+1"],"picked":"MurderousAura","floor":27},{"not_picked":["Moondial","Ricochet","Snipe"],"picked":"SKIP","floor":28}],"player_experience":320964,"relics_obtained":[{"floor":7,"key":"hubris:Teleporter"},{"floor":9,"key":"Oddly Smooth Stone"},{"floor":13,"key":"PocketWatch"},{"floor":15,"key":"Centennial Puzzle"},{"floor":24,"key":"ReplayTheSpireMod:Shallot"},{"floor":26,"key":"ReplayTheSpireMod:Lightbulb"}],"event_choices":[{"damage_healed":0,"gold_gain":0,"player_choice":"Upgraded","damage_taken":0,"max_hp_gain":0,"max_hp_loss":0,"event_name":"Upgrade Shrine","floor":4,"gold_loss":0,"cards_upgraded":["Potential"]},{"damage_healed":0,"gold_gain":0,"player_choice":"Got Potions","damage_taken":0,"max_hp_gain":0,"max_hp_loss":0,"event_name":"Lab","floor":19,"gold_loss":0},{"cards_removed":["Strike_S"],"damage_healed":0,"gold_gain":0,"player_choice":"Gave Gold","damage_taken":0,"max_hp_gain":0,"max_hp_loss":0,"event_name":"Beggar","floor":23,"gold_loss":75}],"is_beta":false,"boss_relics":[{"not_picked":["Snecko Eye","hubris:TerracottaHorce"],"picked":"Empty Cage"}],"items_purged_floors":[3,22],"is_endless":false,"potions_floor_spawned":[7,12,13,14,18,20,24],"killed_by":"Slavers","ascension_level":0}}