{"host":"vz6qv7tthcp8jtis","time":1612471999,"event":{"mods":["BaseMod","Block Reminder","Colored Map","Highlight Path","Keyboard Shortcuts","Minty Spire (QoL Compilation)","Relic Stats"],"gold_per_floor":[111,111,124,141,141,174,174,203,229,244,257,268,113,139,139,238,238,258,5,5,21,21,21,49,49,49,64,64,93,93,110,110,206,206,220,220,271,288,288,320,320,349,403,403,173,198,198,214,214,214,214],"floor_reached":50,"language":"ENG","playtime":3473,"items_purged":["Strike_R","Strike_R"],"score":725,"play_id":"311f0315-cbe1-4358-b136-0253e390ab76","local_time":"20210204215319","is_ascension_mode":true,"campfire_choices":[{"data":"Intimidate","floor":7.0,"key":"SMITH"},{"data":"Demon Form","floor":15.0,"key":"SMITH"},{"data":"True Grit","floor":23.0,"key":"SMITH"},{"data":"Evolve","floor":25.0,"key":"SMITH"},{"data":"Havoc","floor":28.0,"key":"SMITH"},{"data":"Infernal Blade","floor":30.0,"key":"SMITH"},{"data":"Ghostly","floor":32.0,"key":"SMITH"},{"floor":41.0,"key":"REST"},{"floor":44.0,"key":"RECALL"},{"data":"Dark Embrace","floor":49.0,"key":"SMITH"}],"circlet_count":0,"master_deck":["Strike_R+1","Strike_R+1","Defend_R+1","Defend_R+1","Bash+1","Warcry+1","Shrug It Off+1","Feel No Pain+1","Iron Wave+1","Intimidate+1","Demon Form+1","Twin Strike+1","Shrug It Off+1","Inflame+1","Pummel+1","Havoc+1","True Grit+1","Ghostly+1","Ghostly+1","Ghostly+1","Ghostly+1","Ghostly+1","Evolve+1","Impervious+1","Cleave+1","Infernal Blade+1","Bloodletting+1","Immolate+1","Intimidate+1","Power Through+1","Feel No Pain+1","Whirlwind+1","Dark Embrace+1","Dark Embrace+1"],"relics":["Burning Blood","Lizard Tail","Tiny Chest","Strawberry","Regal Pillow","War Paint","Meat on the Bone","Mark of Pain","Strange Spoon","Prayer Wheel","Mummified Hand","Centennial Puzzle","Empty Cage","Bronze Scales","Mark of the Bloom","Magic Flower","Red Skull","Juzu Bracelet","Happy Flower","Pear","Letter Opener"],"acts_visited":["Exordium","TheCity","TheBeyond"],"potions_floor_usage":[],"damage_taken":[{"damage":12.0,"enemies":"Small Slimes","floor":1.0,"turns":5.0},{"damage":8.0,"enemies":"2 Louse","floor":3.0,"turns":3.0},{"damage":15.0,"enemies":"Cultist","floor":4.0,"turns":5.0},{"damage":18.0,"enemies":"Gremlin Nob","floor":6.0,"turns":5.0},{"damage":50.0,"enemies":"Lagavulin","floor":8.0,"turns":11.0},{"damage":7.0,"enemies":"Red Slaver","floor":10.0,"turns":6.0},{"damage":0.0,"enemies":"Exordium Thugs","floor":11.0,"turns":4.0},{"damage":6.0,"enemies":"Lots of Slimes","floor":12.0,"turns":6.0},{"damage":15.0,"enemies":"3 Sentries","floor":14.0,"turns":8.0},{"damage":15.0,"enemies":"The Guardian","floor":16.0,"turns":9.0},{"damage":15.0,"enemies":"Shell Parasite","floor":18.0,"turns":4.0},{"damage":9.0,"enemies":"Chosen","floor":21.0,"turns":5.0},{"damage":6.0,"enemies":"Slavers","floor":24.0,"turns":11.0},{"damage":0.0,"enemies":"Snecko","floor":27.0,"turns":7.0},{"damage":0.0,"enemies":"Gremlin Leader","floor":29.0,"turns":7.0},{"damage":0.0,"enemies":"Snake Plant","floor":31.0,"turns":5.0},{"damage":6.0,"enemies":"Champ","floor":33.0,"turns":11.0},{"damage":3.0,"enemies":"Orb Walker","floor":35.0,"turns":5.0},{"damage":4.0,"enemies":"3 Shapes","floor":38.0,"turns":4.0},{"damage":35.0,"enemies":"Giant Head","floor":40.0,"turns":11.0},{"damage":1.0,"enemies":"Nemesis","floor":42.0,"turns":7.0},{"damage":0.0,"enemies":"Reptomancer","floor":46.0,"turns":5.0},{"damage":3.0,"enemies":"Maw","floor":48.0,"turns":7.0},{"damage":9,"enemies":"Time Eater","floor":50,"turns":5}],"seed_played":"-4577889992980161046","potions_obtained":[{"floor":4.0,"key":"ColorlessPotion"},{"floor":6.0,"key":"Strength Potion"},{"floor":11.0,"key":"SneckoOil"},{"floor":12.0,"key":"Fire Potion"},{"floor":21.0,"key":"FearPotion"},{"floor":27.0,"key":"FearPotion"},{"floor":29.0,"key":"ColorlessPotion"},{"floor":31.0,"key":"Dexterity Potion"},{"floor":33.0,"key":"BlessingOfTheForge"},{"floor":40.0,"key":"SpeedPotion"},{"floor":46.0,"key":"Strength Potion"}],"is_trial":false,"path_per_floor":["M","?","M","M","?","E","R","E","T","M","M","M","$","E","R","B",null,"M","$","T","M","?","R","E","R","T","M","R","E","R","M","R","B",null,"M","?","T","M","?","E","R","E","T","R","$","E","T","M","R","B"],"character_chosen":"IRONCLAD","items_purchased":["Pummel","Strange Spoon","Dark Embrace","Happy Flower"],"campfire_rested":1,"item_purchase_floors":[13,19,45,45],"current_hp_per_floor":[50,47,45,36,36,31,31,40,40,39,45,45,45,36,36,39,87,78,78,78,75,43,43,43,43,43,43,43,43,43,43,43,43,43,43,43,43,43,43,8,8,7,7,7,7,7,7,4,4,0,0],"gold":214,"neow_bonus":"ONE_RARE_RELIC","is_daily":false,"chose_seed":false,"campfire_upgraded":8,"win_rate":0.0,"timestamp":1612471999,"path_taken":["M","?","M","M","?","E","R","E","T","?","M","M","?","E","R","BOSS","M","$","?","?","?","R","E","R","T","M","R","E","R","M","R","BOSS","M","?","?","M","?","E","R","E","T","R","?","E","?","M","R","BOSS"],"items_purchased_type":["Card","Relic","Card","Relic"],"build_version":"2020-12-22","purchased_purges":2,"victory":false,"max_hp_per_floor":[80,80,80,80,80,87,87,87,87,87,87,87,87,87,87,87,87,87,87,87,87,43,43,43,43,43,43,43,43,43,43,43,43,43,43,43,43,43,43,43,43,43,43,43,43,53,53,53,53,53,53],"relic_stats":{"Regal Pillow":15,"Mark of the Bloom":109,"Happy Flower":[5],"counters":[24,156],"Magic Flower":[0],"Juzu Bracelet":0,"Letter Opener":[5],"War Paint":["Defend_R","Shrug It Off"],"Burning Blood":91,"Strange Spoon":[50],"Lizard Tail":43,"Centennial Puzzle":[18],"Mummified Hand":[53],"Bronze Scales":[93],"Tiny Chest":2,"Prayer Wheel":5,"obtain_stats":[{"Regal Pillow":8,"Mark of the Bloom":39,"Pear":46,"Happy Flower":45,"Magic Flower":40,"Juzu Bracelet":43,"Letter Opener":47,"War Paint":9,"Empty Cage":34,"Burning Blood":0,"Strange Spoon":19,"Lizard Tail":0,"Centennial Puzzle":29,"Mummified Hand":26,"Strawberry":6,"Bronze Scales":37,"Tiny Chest":2,"Prayer Wheel":24,"Mark of Pain":17,"Red Skull":42,"Meat on the Bone":14},{"Regal Pillow":5,"Mark of the Bloom":19,"Pear":22,"Happy Flower":21,"Magic Flower":20,"Juzu Bracelet":21,"Letter Opener":22,"War Paint":5,"Empty Cage":17,"Burning Blood":0,"Strange Spoon":11,"Lizard Tail":0,"Centennial Puzzle":15,"Mummified Hand":13,"Strawberry":4,"Bronze Scales":18,"Tiny Chest":1,"Prayer Wheel":13,"Mark of Pain":10,"Red Skull":21,"Meat on the Bone":9},{"Regal Pillow":29,"Mark of the Bloom":121,"Pear":144,"Happy Flower":139,"Magic Flower":132,"Juzu Bracelet":139,"Letter Opener":144,"War Paint":29,"Empty Cage":112,"Burning Blood":0,"Strange Spoon":66,"Lizard Tail":0,"Centennial Puzzle":96,"Mummified Hand":82,"Strawberry":18,"Bronze Scales":117,"Tiny Chest":5,"Prayer Wheel":82,"Mark of Pain":62,"Red Skull":139,"Meat on the Bone":53}],"Meat on the Bone":12},"card_choices":[{"not_picked":["Heavy Blade","Rampage"],"picked":"Warcry","floor":1.0},{"not_picked":["Clothesline","Body Slam"],"picked":"Shrug It Off","floor":3.0},{"not_picked":["Body Slam","Sword Boomerang"],"picked":"Feel No Pain","floor":4.0},{"not_picked":["Clash","Searing Blow"],"picked":"Intimidate","floor":6.0},{"not_picked":["Inflame","Combust"],"picked":"Demon Form","floor":8.0},{"not_picked":["Clash","Cleave"],"picked":"Twin Strike","floor":10.0},{"not_picked":["Headbutt","Barricade"],"picked":"Shrug It Off","floor":11.0},{"not_picked":["Shrug It Off","Perfected Strike"],"picked":"Inflame","floor":12.0},{"not_picked":["Thunderclap","Immolate","Juggernaut"],"picked":"SKIP","floor":14.0},{"not_picked":["Warcry","Entrench"],"picked":"Havoc","floor":18.0},{"not_picked":["Dropkick+1","Sword Boomerang+1"],"picked":"True Grit","floor":21.0},{"not_picked":["Headbutt","Intimidate"],"picked":"Evolve","floor":24.0},{"not_picked":["Cleave","Thunderclap"],"picked":"Impervious","floor":27.0},{"not_picked":["Pommel Strike","Infernal Blade"],"picked":"Cleave+1","floor":27.0},{"not_picked":["Thunderclap","Flame Barrier+1"],"picked":"Infernal Blade","floor":29.0},{"not_picked":["Pommel Strike","Whirlwind+1"],"picked":"Bloodletting+1","floor":31.0},{"not_picked":["Clash","Shrug It Off","Battle Trance"],"picked":"SKIP","floor":31.0},{"not_picked":["Brutality","Barricade"],"picked":"Immolate","floor":33.0},{"not_picked":["Pommel Strike","Flex"],"picked":"Intimidate+1","floor":35.0},{"not_picked":["Rampage+1","Entrench+1","Metallicize"],"picked":"SKIP","floor":35.0},{"not_picked":["Perfected Strike+1","Clash"],"picked":"Power Through+1","floor":38.0},{"not_picked":["Inflame+1","Armaments+1","Sword Boomerang+1"],"picked":"SKIP","floor":38.0},{"not_picked":["Blood for Blood","Clothesline+1"],"picked":"Feel No Pain+1","floor":40.0},{"not_picked":["Pommel Strike+1","Exhume"],"picked":"Whirlwind+1","floor":42.0},{"not_picked":["Bludgeon","Searing Blow","Clash+1"],"picked":"SKIP","floor":46.0},{"not_picked":["Heavy Blade","Pommel Strike"],"picked":"Dark Embrace+1","floor":48.0},{"not_picked":["Armaments+1","Sword Boomerang","Body Slam+1"],"picked":"SKIP","floor":48.0}],"player_experience":130831,"relics_obtained":[{"floor":6.0,"key":"Strawberry"},{"floor":8.0,"key":"Regal Pillow"},{"floor":9.0,"key":"War Paint"},{"floor":14.0,"key":"Meat on the Bone"},{"floor":24.0,"key":"Prayer Wheel"},{"floor":26.0,"key":"Mummified Hand"},{"floor":29.0,"key":"Centennial Puzzle"},{"floor":37.0,"key":"Bronze Scales"},{"floor":40.0,"key":"Magic Flower"},{"floor":42.0,"key":"Red Skull"},{"floor":43.0,"key":"Juzu Bracelet"},{"floor":46.0,"key":"Pear"},{"floor":47.0,"key":"Letter Opener"}],"event_choices":[{"damage_healed":0.0,"max_hp_gain":0.0,"max_hp_loss":0.0,"gold_gain":0.0,"event_name":"Scrap Ooze","player_choice":"Success","floor":2.0,"gold_loss":0.0,"damage_taken":3.0,"relics_obtained":["Tiny Chest"]},{"damage_healed":0.0,"max_hp_gain":0.0,"max_hp_loss":0.0,"gold_gain":0.0,"cards_transformed":["Defend_R"],"event_name":"Transmorgrifier","player_choice":"Transformed","floor":5.0,"gold_loss":0.0,"damage_taken":0.0,"cards_obtained":["Iron Wave"]},{"damage_healed":0.0,"max_hp_gain":0.0,"max_hp_loss":44.0,"gold_gain":0.0,"event_name":"Ghosts","player_choice":"Became a Ghost","floor":22.0,"gold_loss":0.0,"damage_taken":0.0,"cards_obtained":["Ghostly","Ghostly","Ghostly","Ghostly","Ghostly"]},{"damage_healed":0.0,"max_hp_gain":0.0,"max_hp_loss":0.0,"gold_gain":0.0,"event_name":"Tomb of Lord Red Mask","player_choice":"Ignored","floor":36.0,"gold_loss":0.0,"damage_taken":0.0},{"damage_healed":0.0,"max_hp_gain":0.0,"max_hp_loss":0.0,"gold_gain":0.0,"event_name":"MindBloom","player_choice":"Upgrade","floor":39.0,"gold_loss":0.0,"damage_taken":0.0,"cards_upgraded":["Strike_R","Strike_R","Defend_R","Bash","Warcry","Feel No Pain","Iron Wave","Twin Strike","Shrug It Off","Inflame","Pummel","Ghostly","Ghostly","Ghostly","Ghostly","Impervious","Immolate"],"relics_obtained":["Mark of the Bloom"]}],"is_beta":false,"boss_relics":[{"not_picked":["SacredBark","Runic Cube"],"picked":"Mark of Pain"},{"not_picked":["Runic Dome","Cursed Key"],"picked":"Empty Cage"}],"items_purged_floors":[13,19],"is_endless":false,"potions_floor_spawned":[4,6,11,12,21,27,29,31,33,40,46],"killed_by":"Time Eater","ascension_level":2}}