{"host":"mr1ctipv0dcr6y8g","time":1612482938,"event":{"mods":["BaseMod","Beaked The Cultist","DeckTracker","Energized Spire","Minty Spire (QoL Compilation)","Shop Mod","StSLib","The Construct"],"gold_per_floor":[117,117,134,148,158,158,175,175,175,185,185,110,110,136,136,231,231,251,251,264,264,264],"floor_reached":21,"language":"ENG","playtime":1855,"items_purged":["beaked:Strike_Y"],"score":206,"play_id":"70e39cb0-8d0e-46e1-884a-9206d99649b5","local_time":"20210204165538","daily_mods":["Heirloom","Time Dilation","Flight"],"is_ascension_mode":false,"campfire_choices":[{"data":"beaked:Foresight","floor":6,"key":"SMITH"},{"data":"beaked:HuntressSpirit","floor":8,"key":"SMITH"},{"data":"beaked:BloodRitual","floor":11,"key":"SMITH"},{"data":"beaked:ScreechingChant","floor":13,"key":"SMITH"},{"data":"beaked:Hexing","floor":15,"key":"SMITH"}],"circlet_count":0,"master_deck":["beaked:Strike_Y","beaked:Strike_Y","beaked:Strike_Y","beaked:Strike_Y","beaked:Strike_Y","beaked:Defend_Y","beaked:Defend_Y","beaked:Defend_Y","beaked:Defend_Y","beaked:Ceremony","beaked:Ceremony","beaked:Ceremony","beaked:Foresight+1","beaked:Brace","beaked:HuntressSpirit+1","beaked:ScreechingChant+1","beaked:MachineSpirit","beaked:BloodRitual+1","beaked:Hexing+1","beaked:ShadowFade","beaked:Evade","beaked:SurvivalInstinct+1"],"relics":["beaked:MendingPlumage","Unceasing Top","MealTicket","Question Card","Ginger","energizedSpire:MagnifyingGlass"],"acts_visited":["Exordium","TheCity"],"potions_floor_usage":[14,21,21],"damage_taken":[{"damage":6,"enemies":"2 Louse","floor":1,"turns":3},{"damage":6,"enemies":"Jaw Worm","floor":3,"turns":5},{"damage":5,"enemies":"Cultist","floor":4,"turns":4},{"damage":11,"enemies":"Large Slime","floor":5,"turns":7},{"damage":3,"enemies":"Blue Slaver","floor":7,"turns":7},{"damage":7,"enemies":"Lots of Slimes","floor":10,"turns":7},{"damage":44,"enemies":"3 Sentries","floor":14,"turns":22},{"damage":26,"enemies":"The Guardian","floor":16,"turns":9},{"damage":26,"enemies":"3 Byrds","floor":18,"turns":8},{"damage":24,"enemies":"Spheric Guardian","floor":20,"turns":9},{"damage":62,"enemies":"3 Cultists","floor":21,"turns":5}],"seed_played":"-8940469871380380993","potions_obtained":[{"floor":1,"key":"SpeedPotion"},{"floor":5,"key":"construct:ShiftPotion"},{"floor":14,"key":"Regen Potion"},{"floor":18,"key":"construct:ShiftPotion"},{"floor":20,"key":"Strength Potion"}],"is_trial":true,"path_per_floor":["M","?","M","M","M","R","M","R","T","M","R","$","R","E","R","B",null,"M","?","M","M"],"character_chosen":"BEAKED_THE_CULTIST","items_purchased":[],"campfire_rested":0,"item_purchase_floors":[],"current_hp_per_floor":[50,47,50,49,50,50,50,50,50,50,50,50,50,50,50,50,50,50,50,50,0,0],"gold":264,"neow_bonus":"","is_daily":false,"chose_seed":false,"campfire_upgraded":5,"win_rate":0.0,"timestamp":1612482938,"path_taken":["M","?","M","M","M","R","M","R","T","M","R","$","R","E","R","BOSS","M","?","M","?"],"items_purchased_type":[],"build_version":"2020-12-22","purchased_purges":1,"victory":false,"max_hp_per_floor":[50,50,50,50,50,50,50,50,50,50,50,50,50,50,50,50,50,50,50,50,50,50],"card_choices":[{"not_picked":["beaked:RitualOfBody","beaked:TuckingFeathers"],"picked":"beaked:Foresight","floor":1},{"not_picked":["beaked:CursingBlood","beaked:Tradeoff"],"picked":"beaked:Brace","floor":3},{"not_picked":["beaked:WarriorEssence","beaked:SacrificialDive"],"picked":"beaked:HuntressSpirit","floor":4},{"not_picked":["beaked:Tradeoff","beaked:BraceForImpact"],"picked":"beaked:ScreechingChant","floor":5},{"not_picked":["beaked:Devastation","beaked:Resilience"],"picked":"beaked:MachineSpirit","floor":7},{"not_picked":["beaked:Recite","beaked:CrazyRituals","beaked:Resilience"],"picked":"beaked:BloodRitual","floor":10},{"not_picked":["beaked:BloodForTheGods","beaked:SurvivalInstinct","beaked:FullHouse"],"picked":"beaked:Hexing","floor":14},{"not_picked":["beaked:DarkPact","beaked:Brainwash","beaked:LiftOff"],"picked":"beaked:ShadowFade","floor":16},{"not_picked":["beaked:Poke+1","beaked:HuntressEssence","beaked:Foresight"],"picked":"beaked:Evade","floor":18},{"not_picked":["beaked:Poke","beaked:Hexing","beaked:Resilience+1"],"picked":"beaked:SurvivalInstinct+1","floor":20}],"player_experience":1528159,"relics_obtained":[{"floor":9,"key":"Question Card"},{"floor":14,"key":"Ginger"}],"event_choices":[{"damage_healed":0,"gold_gain":0,"player_choice":"Success","damage_taken":3,"relics_obtained":["MealTicket"],"max_hp_gain":0,"max_hp_loss":0,"event_name":"Scrap Ooze","floor":2,"gold_loss":0},{"damage_healed":0,"gold_gain":0,"player_choice":"Ignored","damage_taken":0,"max_hp_gain":0,"max_hp_loss":0,"event_name":"NoteForYourself","floor":19,"gold_loss":0}],"is_beta":false,"boss_relics":[{"not_picked":["energizedSpire:OgreHead","Empty Cage"],"picked":"energizedSpire:MagnifyingGlass"}],"items_purged_floors":[12],"is_endless":false,"potions_floor_spawned":[1,5,14,18,20],"killed_by":"3 Cultists","ascension_level":0}}