{"host":"6fkscwgr344hcmao","time":1612457047,"event":{"mods":["2.2 Compatiblity","AchievementEnabler","BaseMod","Colored Map","Highlight Path","Minty Spire (QoL Compilation)","Random Character Button","Rare Cards Sparkle"],"gold_per_floor":[109,34,44,58,58,58,85,85,85,101,101,117,135,148,148,244,244,255,270,285,285,300,300,1,1,52,66,66,85,85,102,102,205,205,219,119,133,133,151,151,151,151,203,203,203,56,66,78,78,78,78,78,29,61,61],"floor_reached":56,"language":"POL","playtime":3319,"items_purged":["Strike_G","Strike_G"],"score":1128,"play_id":"a24dfbf5-9e00-4f1d-996b-1da910b85c81","local_time":"20210204174407","is_ascension_mode":false,"campfire_choices":[{"floor":6,"key":"REST"},{"floor":8,"key":"REST"},{"floor":15,"key":"REST"},{"floor":23,"key":"REST"},{"floor":25,"key":"REST"},{"data":"Noxious Fumes","floor":30,"key":"SMITH"},{"data":"Leg Sweep","floor":32,"key":"SMITH"},{"floor":40,"key":"RECALL"},{"data":"Backstab","floor":42,"key":"SMITH"},{"data":"Outmaneuver","floor":45,"key":"SMITH"},{"data":"Bouncing Flask","floor":49,"key":"SMITH"},{"data":"Footwork","floor":52,"key":"SMITH"}],"circlet_count":0,"master_deck":["Strike_G+1","Defend_G+1","Defend_G","Defend_G+1","Defend_G","Defend_G","Survivor","Neutralize","Bouncing Flask+1","Backstab+1","Outmaneuver+1","Bouncing Flask+1","Poisoned Stab","Dodge and Roll","PiercingWail","Prepared","Corpse Explosion","Catalyst+1","Deadly Poison","Deflect+1","Footwork+1","Backflip","Noxious Fumes+1","Escape Plan","Leg Sweep+1","Acrobatics"],"relics":["Ring of the Serpent","War Paint","The Specimen","FossilizedHelix","Unceasing Top","Velvet Choker","Enchiridion","Orichalcum","Snake Skull","Lee\u0027s Waffle","Shuriken"],"acts_visited":["Exordium","TheCity","TheBeyond","TheEnding"],"potions_floor_usage":[16,33,39,54,55],"damage_taken":[{"damage":3,"enemies":"Jaw Worm","floor":1,"turns":5},{"damage":0,"enemies":"2 Louse","floor":3,"turns":3},{"damage":0,"enemies":"Small Slimes","floor":4,"turns":2},{"damage":48,"enemies":"3 Sentries","floor":7,"turns":7},{"damage":0,"enemies":"Blue Slaver","floor":10,"turns":2},{"damage":0,"enemies":"3 Louse","floor":12,"turns":2},{"damage":0,"enemies":"Large Slime","floor":13,"turns":6},{"damage":0,"enemies":"Gremlin Gang","floor":14,"turns":3},{"damage":40,"enemies":"Slime Boss","floor":16,"turns":13},{"damage":0,"enemies":"Chosen","floor":18,"turns":5},{"damage":0,"enemies":"Spheric Guardian","floor":19,"turns":4},{"damage":12,"enemies":"3 Cultists","floor":20,"turns":4},{"damage":15,"enemies":"Cultist and Chosen","floor":22,"turns":5},{"damage":8,"enemies":"Centurion and Healer","floor":27,"turns":5},{"damage":0,"enemies":"Snake Plant","floor":29,"turns":4},{"damage":0,"enemies":"Cultist and Chosen","floor":31,"turns":5},{"damage":15,"enemies":"Champ","floor":33,"turns":11},{"damage":0,"enemies":"3 Shapes","floor":35,"turns":4},{"damage":12,"enemies":"3 Darklings","floor":37,"turns":3},{"damage":4,"enemies":"Jaw Worm Horde","floor":39,"turns":2},{"damage":3,"enemies":"4 Shapes","floor":47,"turns":3},{"damage":0,"enemies":"Transient","floor":48,"turns":5},{"damage":60,"enemies":"Time Eater","floor":50,"turns":11},{"damage":41,"enemies":"Shield and Spear","floor":54,"turns":5},{"damage":40,"enemies":"The Heart","floor":55,"turns":10}],"seed_played":"956352236447276973","potions_obtained":[{"floor":7,"key":"Dexterity Potion"},{"floor":10,"key":"SneckoOil"},{"floor":12,"key":"EntropicBrew"},{"floor":13,"key":"Explosive Potion"},{"floor":16,"key":"FairyPotion"},{"floor":33,"key":"LiquidMemories"},{"floor":47,"key":"Regen Potion"}],"is_trial":false,"path_per_floor":["M","$","M","M","?","R","E","R","T","M","?","M","M","M","R","B",null,"M","M","M","?","M","R","$","R","T","M","?","M","R","M","R","B",null,"M","$","M","?","M","R","?","R","T","?","R","$","M","M","R","B",null,"R","$","E","B",null],"character_chosen":"THE_SILENT","items_purchased":["Backstab","Orichalcum","Footwork","Lee\u0027s Waffle","Acrobatics"],"campfire_rested":5,"item_purchase_floors":[2,24,24,46,53],"current_hp_per_floor":[67,67,67,67,53,70,22,43,43,43,43,43,43,43,64,24,70,70,70,58,42,27,48,48,69,69,61,61,61,61,61,61,46,70,70,70,58,58,54,54,54,54,54,54,54,77,74,74,74,14,77,77,77,36,11],"gold":61,"neow_bonus":"RANDOM_COMMON_RELIC","is_daily":false,"chose_seed":false,"campfire_upgraded":6,"win_rate":0.0,"timestamp":1612457047,"path_taken":["M","$","M","M","?","R","E","R","T","M","?","M","M","M","R","BOSS","M","M","M","?","M","R","$","R","T","M","?","M","R","M","R","BOSS","M","$","M","?","M","R","?","R","T","?","R","$","?","M","R","BOSS","R","$","E","BOSS"],"items_purchased_type":["Card","Relic","Card","Relic","Card"],"build_version":"2020-12-22","purchased_purges":2,"victory":true,"max_hp_per_floor":[70,70,70,70,70,70,70,70,70,70,70,70,70,70,70,70,70,70,70,70,70,70,70,70,70,70,70,70,70,70,70,70,70,70,70,70,70,70,70,70,70,70,70,70,70,77,77,77,77,77,77,77,77,77,77],"card_choices":[{"not_picked":["Sucker Punch","Poisoned Stab"],"picked":"Bouncing Flask","floor":1},{"not_picked":["Slice","Deflect"],"picked":"Outmaneuver","floor":3},{"not_picked":["Underhanded Strike","Cloak And Dagger"],"picked":"Bouncing Flask","floor":4},{"not_picked":["Prepared","Dodge and Roll"],"picked":"Poisoned Stab","floor":7},{"not_picked":["Sucker Punch","Prepared"],"picked":"Dodge and Roll","floor":10},{"not_picked":["Flechettes","Eviscerate","Choke"],"picked":"SKIP","floor":12},{"not_picked":["Underhanded Strike","Blur"],"picked":"PiercingWail","floor":13},{"not_picked":["Tactician","Outmaneuver"],"picked":"Prepared","floor":14},{"not_picked":["Malaise","Storm of Steel"],"picked":"Corpse Explosion","floor":16},{"not_picked":["Deadly Poison+1","Poisoned Stab"],"picked":"Catalyst+1","floor":18},{"not_picked":["Poisoned Stab","Concentrate+1"],"picked":"Deadly Poison","floor":19},{"not_picked":["Quick Slash","Flying Knee","Dagger Spray+1"],"picked":"SKIP","floor":20},{"not_picked":["Deadly Poison","Corpse Explosion"],"picked":"Deflect+1","floor":22},{"not_picked":["PiercingWail","Blade Dance+1"],"picked":"Backflip","floor":27},{"not_picked":["Bane","Deflect"],"picked":"Escape Plan","floor":29},{"not_picked":["Sucker Punch","Prepared"],"picked":"Leg Sweep","floor":31},{"not_picked":["PiercingWail","Dagger Throw","Flechettes"],"picked":"SKIP","floor":35},{"not_picked":["Calculated Gamble","Poisoned Stab+1","Underhanded Strike+1"],"picked":"SKIP","floor":37},{"not_picked":["Dagger Spray","Deflect","Choke+1"],"picked":"SKIP","floor":39},{"not_picked":["Tactician+1","Skewer+1","Backflip"],"picked":"SKIP","floor":47},{"not_picked":["Well Laid Plans","Sucker Punch+1","Tactician"],"picked":"SKIP","floor":48},{"not_picked":["Caltrops","Flechettes","Cloak And Dagger"],"picked":"SKIP","floor":54}],"player_experience":227983,"relics_obtained":[{"floor":7,"key":"The Specimen"},{"floor":9,"key":"FossilizedHelix"},{"floor":21,"key":"Enchiridion"},{"floor":43,"key":"Snake Skull"},{"floor":54,"key":"Shuriken"}],"event_choices":[{"damage_healed":0,"gold_gain":0,"player_choice":"Entered Light","damage_taken":14,"max_hp_gain":0,"max_hp_loss":0,"event_name":"Shining Light","floor":5,"gold_loss":0,"cards_upgraded":["Bouncing Flask","Strike_G"]},{"damage_healed":0,"gold_gain":0,"player_choice":"Searched \u00271\u0027 times","damage_taken":0,"relics_obtained":["Unceasing Top"],"max_hp_gain":0,"max_hp_loss":0,"event_name":"Dead Adventurer","floor":11,"gold_loss":0},{"damage_healed":0,"gold_gain":0,"player_choice":"Obtained Book","damage_taken":16,"max_hp_gain":0,"max_hp_loss":0,"event_name":"Cursed Tome","floor":21,"gold_loss":0},{"damage_healed":0,"gold_gain":0,"player_choice":"Read","damage_taken":0,"max_hp_gain":0,"max_hp_loss":0,"event_name":"The Library","floor":28,"gold_loss":0,"cards_obtained":["Noxious Fumes"]},{"damage_healed":0,"gold_gain":0,"player_choice":"Ignored","damage_taken":0,"max_hp_gain":0,"max_hp_loss":0,"event_name":"Tomb of Lord Red Mask","floor":38,"gold_loss":0},{"cards_removed":["Strike_G"],"damage_healed":0,"gold_gain":0,"player_choice":"Removed Attack","damage_taken":0,"max_hp_gain":0,"max_hp_loss":0,"event_name":"Falling","floor":41,"gold_loss":0},{"cards_removed":["Strike_G"],"damage_healed":0,"gold_gain":0,"player_choice":"Offered Basic","damage_taken":0,"max_hp_gain":0,"max_hp_loss":0,"event_name":"Bonfire Elementals","floor":44,"gold_loss":0}],"is_beta":false,"boss_relics":[{"not_picked":["HoveringKite","Empty Cage"],"picked":"Velvet Choker"},{"not_picked":["Snecko Eye","SlaversCollar"],"picked":"Ring of the Serpent"}],"items_purged_floors":[24,36],"is_endless":false,"potions_floor_spawned":[7,10,12,13,14,16,18,19,31,33,35,47],"ascension_level":0}}