{"host":"sav7uxregyirlf69","time":1612421776,"event":{"mods":["AchievementEnabler","BaseMod","Colored Map","DeckTracker","Keyboard Shortcuts","Minty Spire (QoL Compilation)","READ ME - Guardian Mod","StSLib","SuperFastMode"],"gold_per_floor":[361,361,93,103,103,103,153,171,223,241,261,302,70,70,70,70,70],"floor_reached":16,"language":"KOR","playtime":228,"items_purged":["Defend_G","Strike_G"],"score":200,"play_id":"c3138977-7878-4f27-9431-564602b653b6","local_time":"20210204155616","is_ascension_mode":true,"campfire_choices":[{"data":"Terror","floor":6,"key":"SMITH"},{"floor":15,"key":"REST"}],"circlet_count":0,"master_deck":["AscendersBane","Strike_G","Strike_G","Strike_G","Defend_G","Defend_G","Defend_G","Defend_G","Survivor","Neutralize","Terror+1","Quick Slash","Finisher","Backflip","Dagger Spray","Tactician","Footwork","Expertise"],"relics":["Ring of the Snake","PreservedInsect","Golden Idol","Blood Vial","Peace Pipe"],"acts_visited":[],"potions_floor_usage":[16],"damage_taken":[{"damage":0,"enemies":"2 Louse","floor":1,"turns":4},{"damage":7,"enemies":"Jaw Worm","floor":4,"turns":4},{"damage":0,"enemies":"Cultist","floor":8,"turns":3},{"damage":20,"enemies":"Exordium Wildlife","floor":10,"turns":7},{"damage":3,"enemies":"Large Slime","floor":11,"turns":6},{"damage":7,"enemies":"Lagavulin","floor":12,"turns":6},{"damage":31,"enemies":"Slime Boss","floor":16,"turns":7}],"seed_played":"-5182940778620885497","potions_obtained":[{"floor":11,"key":"FairyPotion"}],"is_trial":false,"path_per_floor":["M","?","$","M","?","R","?","M","T","M","M","E","$","?","R","B"],"character_chosen":"THE_SILENT","items_purchased":["PreservedInsect","Quick Slash","PowerPotion","Footwork"],"campfire_rested":1,"item_purchase_floors":[3,3,13,13],"current_hp_per_floor":[59,59,59,52,31,31,31,31,31,13,12,7,7,7,25,18,18],"gold":70,"neow_bonus":"TWO_FIFTY_GOLD","is_daily":false,"chose_seed":false,"campfire_upgraded":1,"win_rate":0.0,"timestamp":1612421776,"path_taken":["M","?","$","M","?","R","?","M","T","?","M","E","$","?","R","BOSS"],"items_purchased_type":["Relic","Card","Potion","Card"],"build_version":"2020-12-22","purchased_purges":2,"victory":false,"max_hp_per_floor":[60,60,60,60,60,60,60,60,60,60,60,60,60,60,60,60,60],"card_choices":[{"not_picked":["PiercingWail","Endless Agony"],"picked":"Terror","floor":1},{"not_picked":["Quick Slash","Cloak And Dagger"],"picked":"Finisher","floor":4},{"not_picked":["Catalyst","Deflect","Slice"],"picked":"SKIP","floor":8},{"not_picked":["Bane","Acrobatics"],"picked":"Backflip","floor":10},{"not_picked":["Choke","All Out Attack"],"picked":"Dagger Spray","floor":11},{"not_picked":["Setup","Concentrate"],"picked":"Tactician","floor":12}],"player_experience":1484029,"relics_obtained":[{"floor":9,"key":"Blood Vial"},{"floor":12,"key":"Peace Pipe"}],"event_choices":[{"damage_healed":0,"gold_gain":0,"player_choice":"Ignored","damage_taken":0,"max_hp_gain":0,"max_hp_loss":0,"event_name":"Liars Game","floor":2,"gold_loss":0},{"damage_healed":0,"gold_gain":0,"player_choice":"Take Damage","damage_taken":21,"relics_obtained":["Golden Idol"],"max_hp_gain":0,"max_hp_loss":0,"event_name":"Golden Idol","floor":5,"gold_loss":0},{"damage_healed":0,"gold_gain":50,"player_choice":"Pray","damage_taken":0,"max_hp_gain":0,"max_hp_loss":0,"event_name":"Golden Shrine","floor":7,"gold_loss":0},{"damage_healed":0,"gold_gain":0,"cards_transformed":["Strike_G"],"player_choice":"Change","damage_taken":0,"max_hp_gain":0,"max_hp_loss":0,"event_name":"Living Wall","floor":14,"gold_loss":0,"cards_obtained":["Expertise"]}],"is_beta":false,"boss_relics":[],"items_purged_floors":[3,13],"is_endless":false,"potions_floor_spawned":[11],"killed_by":"Slime Boss","ascension_level":20}}