{"host":"x5w9zppki4gdwvc7","time":1612412182,"event":{"mods":["AchievementEnabler","BaseMod","Colored Powertips","DeckTracker","Minty Spire (QoL Compilation)","Relic Sorter"],"gold_per_floor":[117,117,131,146,156,156,156,81,81,156,11,30,30,43,43,144,144,154,164,177,227,29,61,71,71,71,71,88,88,88,105,105,201,201,212,212,226,226,245,245,262,262,262,1,1,0,13,13,13,13,13],"floor_reached":50,"language":"ENG","playtime":2185,"items_purged":["Defend_P","Strike_P","Decay"],"score":504,"play_id":"4c341a4c-3b8c-4182-a2c4-46ffb258bec0","local_time":"20210204051622","is_ascension_mode":false,"campfire_choices":[{"data":"Vigilance","floor":6,"key":"SMITH"},{"data":"Eruption","floor":15,"key":"SMITH"},{"data":"PathToVictory","floor":25,"key":"SMITH"},{"data":"PathToVictory","floor":27,"key":"SMITH"},{"data":"FollowUp","floor":30,"key":"SMITH"},{"floor":32,"key":"REST"},{"data":"Madness","floor":40,"key":"SMITH"},{"data":"Madness","floor":45,"key":"SMITH"},{"floor":49,"key":"RECALL"}],"circlet_count":0,"master_deck":["Strike_P+1","Defend_P+1","Defend_P+1","Eruption+1","Vigilance+1","FollowUp+1","CrushJoints+1","Wallop+1","FlurryOfBlows+1","PathToVictory+1","LessonLearned+1","InnerPeace+1","FearNoEvil+1","PathToVictory+1","FlurryOfBlows+1","Prostrate+1","Madness+1","Madness+1"],"relics":["PureWater","Molten Egg 2","Eternal Feather","Membership Card","VioletLotus","Mercury Hourglass","Matryoshka","Meat on the Bone","Ornamental Fan","Busted Crown","Happy Flower","Singing Bowl","Pear","Frozen Eye","Red Mask","Kunai"],"acts_visited":["Exordium","TheCity","TheBeyond"],"potions_floor_usage":[16,16,18,23,31,33,39,41,50,50],"damage_taken":[{"damage":2,"enemies":"Small Slimes","floor":1,"turns":3},{"damage":0,"enemies":"Cultist","floor":3,"turns":2},{"damage":6,"enemies":"2 Louse","floor":4,"turns":2},{"damage":6,"enemies":"2 Fungi Beasts","floor":5,"turns":3},{"damage":0,"enemies":"Exordium Wildlife","floor":12,"turns":3},{"damage":0,"enemies":"Large Slime","floor":14,"turns":5},{"damage":27,"enemies":"Hexaghost","floor":16,"turns":9},{"damage":11,"enemies":"Shell Parasite","floor":18,"turns":7},{"damage":0,"enemies":"Chosen","floor":19,"turns":3},{"damage":12,"enemies":"Snake Plant","floor":20,"turns":4},{"damage":41,"enemies":"Slavers","floor":23,"turns":6},{"damage":6,"enemies":"Cultist and Chosen","floor":24,"turns":4},{"damage":12,"enemies":"Centurion and Healer","floor":28,"turns":4},{"damage":7,"enemies":"3 Cultists","floor":31,"turns":4},{"damage":63,"enemies":"Automaton","floor":33,"turns":8},{"damage":2,"enemies":"3 Darklings","floor":35,"turns":3},{"damage":5,"enemies":"3 Shapes","floor":37,"turns":5},{"damage":6,"enemies":"3 Darklings","floor":39,"turns":5},{"damage":0,"enemies":"Transient","floor":41,"turns":5},{"damage":23,"enemies":"Jaw Worm Horde","floor":47,"turns":5},{"damage":87,"enemies":"Time Eater","floor":50,"turns":11}],"seed_played":"-5833248749857833956","potions_obtained":[{"floor":1,"key":"SmokeBomb"},{"floor":4,"key":"BottledMiracle"},{"floor":12,"key":"FearPotion"},{"floor":14,"key":"Fire Potion"},{"floor":18,"key":"LiquidMemories"},{"floor":19,"key":"Ancient Potion"},{"floor":28,"key":"StancePotion"},{"floor":31,"key":"FearPotion"},{"floor":35,"key":"SneckoOil"},{"floor":37,"key":"FearPotion"},{"floor":39,"key":"FearPotion"}],"is_trial":false,"path_per_floor":["M","?","M","M","M","R","?","$","T","?","$","M","?","M","R","B",null,"M","M","M","?","$","E","M","R","T","R","M","?","R","M","R","B",null,"M","?","M","?","M","R","M","?","T","$","R","?","M","T","R","B"],"character_chosen":"WATCHER","items_purchased":["Membership Card","Mercury Hourglass","PathToVictory","Pear","Frozen Eye"],"campfire_rested":1,"item_purchase_floors":[11,22,22,44,44],"current_hp_per_floor":[70,70,70,64,58,58,63,63,63,52,52,52,52,52,58,31,77,66,66,54,54,54,13,7,16,16,25,25,25,34,39,71,20,77,75,75,70,60,54,66,66,66,66,76,85,85,64,64,73,0,0],"gold":13,"neow_bonus":"TRANSFORM_CARD","is_daily":false,"chose_seed":false,"campfire_upgraded":7,"win_rate":0.0,"timestamp":1612412182,"path_taken":["M","?","?","M","M","R","?","$","T","?","?","M","?","M","R","BOSS","M","M","?","?","$","E","M","R","T","R","?","?","R","M","R","BOSS","M","?","?","?","M","R","M","?","T","$","R","?","M","?","R","BOSS"],"items_purchased_type":["Relic","Relic","Card","Relic","Relic"],"build_version":"2020-12-22","purchased_purges":3,"victory":false,"max_hp_per_floor":[72,72,72,72,72,72,77,77,77,77,77,77,77,77,77,77,77,77,77,77,77,77,77,77,77,77,77,77,77,77,77,77,77,77,77,77,77,77,77,77,77,77,77,87,87,87,89,89,89,89,89],"card_choices":[{"not_picked":["TalkToTheHand","Weave"],"picked":"CrushJoints","floor":1},{"not_picked":["Crescendo","FlyingSleeves+1","ThirdEye"],"picked":"SKIP","floor":3},{"not_picked":["EmptyBody","FollowUp+1"],"picked":"Wallop+1","floor":4},{"not_picked":["Protect","Crescendo","FlyingSleeves+1"],"picked":"SKIP","floor":5},{"not_picked":["Conclude+1","EmptyFist+1"],"picked":"FlurryOfBlows+1","floor":12},{"not_picked":["BattleHymn","LikeWater"],"picked":"PathToVictory","floor":14},{"not_picked":["MasterReality","Establishment"],"picked":"LessonLearned+1","floor":16},{"not_picked":["SignatureMove+1","EmptyFist+1"],"picked":"InnerPeace","floor":18},{"not_picked":["EmptyFist+1","CrushJoints+1","CutThroughFate+1"],"picked":"SKIP","floor":19},{"not_picked":["Halt+1","Establishment"],"picked":"FearNoEvil+1","floor":20},{"not_picked":["WindmillStrike+1","Indignation+1","ClearTheMind"],"picked":"SKIP","floor":23},{"not_picked":["Protect","Halt","Tantrum+1"],"picked":"SKIP","floor":24},{"not_picked":["Protect","FollowUp+1","WindmillStrike+1"],"picked":"SKIP","floor":28},{"not_picked":["FlyingSleeves+1","Prostrate"],"picked":"FlurryOfBlows+1","floor":31},{"not_picked":[],"picked":"Prostrate+1","floor":35},{"not_picked":["Worship"],"picked":"SKIP","floor":37},{"not_picked":["ForeignInfluence"],"picked":"SKIP","floor":39},{"not_picked":["SashWhip+1"],"picked":"SKIP","floor":41},{"not_picked":["Collect"],"picked":"Singing Bowl","floor":47}],"player_experience":437471,"relics_obtained":[{"floor":9,"key":"Eternal Feather"},{"floor":23,"key":"Matryoshka"},{"floor":26,"key":"Meat on the Bone"},{"floor":26,"key":"Ornamental Fan"},{"floor":43,"key":"Happy Flower"},{"floor":43,"key":"Singing Bowl"},{"floor":48,"key":"Kunai"}],"event_choices":[{"damage_healed":0,"gold_gain":0,"player_choice":"Gave Potion","damage_taken":0,"relics_obtained":["Molten Egg 2"],"max_hp_gain":0,"max_hp_loss":0,"event_name":"WeMeetAgain","floor":2,"gold_loss":0},{"damage_healed":0,"gold_gain":0,"player_choice":"Donut","damage_taken":0,"max_hp_gain":5,"max_hp_loss":0,"event_name":"Big Fish","floor":7,"gold_loss":0},{"damage_healed":0,"gold_gain":75,"player_choice":"Gather Gold","damage_taken":11,"max_hp_gain":0,"max_hp_loss":0,"event_name":"World of Goop","floor":10,"gold_loss":0},{"cards_removed":["Strike_P"],"damage_healed":0,"gold_gain":0,"player_choice":"Purged","damage_taken":0,"max_hp_gain":0,"max_hp_loss":0,"event_name":"Purifier","floor":13,"gold_loss":0},{"damage_healed":0,"gold_gain":100,"player_choice":"Bet on Murderer","damage_taken":0,"max_hp_gain":0,"max_hp_loss":0,"event_name":"The Joust","floor":21,"gold_loss":50},{"damage_healed":0,"gold_gain":0,"player_choice":"Cursed","damage_taken":0,"max_hp_gain":0,"max_hp_loss":0,"event_name":"Wheel of Change","floor":29,"gold_loss":0,"cards_obtained":["Decay"]},{"damage_healed":0,"gold_gain":0,"player_choice":"Ignored","damage_taken":0,"max_hp_gain":0,"max_hp_loss":0,"event_name":"NoteForYourself","floor":36,"gold_loss":0},{"damage_healed":0,"gold_gain":0,"player_choice":"Embrace Madness","damage_taken":10,"max_hp_gain":0,"max_hp_loss":0,"event_name":"Winding Halls","floor":38,"gold_loss":0,"cards_obtained":["Madness","Madness"]},{"cards_removed":["Defend_P"],"damage_healed":0,"gold_gain":0,"player_choice":"Removed Skill","damage_taken":0,"max_hp_gain":0,"max_hp_loss":0,"event_name":"Falling","floor":42,"gold_loss":0},{"damage_healed":0,"gold_gain":0,"player_choice":"Paid","damage_taken":0,"relics_obtained":["Red Mask"],"max_hp_gain":0,"max_hp_loss":0,"event_name":"Tomb of Lord Red Mask","floor":46,"gold_loss":1}],"is_beta":false,"boss_relics":[{"not_picked":["Snecko Eye","Black Star"],"picked":"VioletLotus"},{"not_picked":["Philosopher\u0027s Stone","Runic Pyramid"],"picked":"Busted Crown"}],"items_purged_floors":[8,22,44],"is_endless":false,"potions_floor_spawned":[1,4,12,14,18,19,28,31,35,37,39],"killed_by":"Time Eater","ascension_level":0}}