{"host":"dztixnx9b0gu6w9i","time":1612465735,"event":{"mods":["BaseMod","Bestiary","Minty Spire (QoL Compilation)","Relic Stats","Slay the Relics Exporter","SpireBot","ojb\u0027s Better Paths Mod","ojb\u0027s Info Mod"],"gold_per_floor":[215,232,232,244,244,244,277,44,68,95,110,110,110,123,123,201,201,218,232,232,282,27,27,59,59,59],"floor_reached":25,"language":"ENG","playtime":3412,"items_purged":["Strike_B"],"score":458,"play_id":"22679d49-6b37-47d7-b388-51dcef5c0839","local_time":"20210204140855","is_ascension_mode":true,"campfire_choices":[{"data":"Zap","floor":6,"key":"SMITH"},{"data":"Beam Cell","floor":12,"key":"SMITH"},{"data":"Defragment","floor":15,"key":"SMITH"},{"floor":23,"key":"REST"}],"circlet_count":0,"master_deck":["AscendersBane","Strike_B","Strike_B","Strike_B","Defend_B","Defend_B","Defend_B","Zap+1","Dualcast","Hello World","Melter","Steam","All For One","Rebound","Defragment+1","Doom and Gloom","Beam Cell+1","Beam Cell","Darkness+1","Reboot+1","Hologram+1","Leap+1","Core Surge","Stack+1","Cold Snap"],"relics":["Cracked Core","Centennial Puzzle","Vajra","Toxic Egg 2","Fusion Hammer","Enchiridion","Membership Card","Ancient Tea Set"],"acts_visited":["Exordium","TheCity"],"potions_floor_usage":[7,19,24],"damage_taken":[{"damage":2,"enemies":"Jaw Worm","floor":1,"turns":3},{"damage":0,"enemies":"2 Louse","floor":2,"turns":1},{"damage":1,"enemies":"Cultist","floor":4,"turns":3},{"damage":18,"enemies":"3 Sentries","floor":7,"turns":6},{"damage":11,"enemies":"Gremlin Nob","floor":10,"turns":3},{"damage":12,"enemies":"Exordium Thugs","floor":11,"turns":3},{"damage":0,"enemies":"2 Fungi Beasts","floor":14,"turns":2},{"damage":9,"enemies":"Hexaghost","floor":16,"turns":7},{"damage":1,"enemies":"Chosen","floor":18,"turns":3},{"damage":6,"enemies":"Shell Parasite","floor":19,"turns":2},{"damage":29,"enemies":"Slavers","floor":24,"turns":2},{"damage":21,"enemies":"Shelled Parasite and Fungi","floor":25,"turns":1}],"seed_played":"-3022975622547198526","potions_obtained":[{"floor":1,"key":"AttackPotion"},{"floor":2,"key":"Block Potion"},{"floor":7,"key":"LiquidMemories"},{"floor":19,"key":"SteroidPotion"}],"is_trial":false,"path_per_floor":["M","M","?","M","?","R","E","$","T","E","M","R","?","M","R","B",null,"M","M","?","?","$","R","E","M"],"character_chosen":"DEFECT","items_purchased":["Defragment","Doom and Gloom","Membership Card","Core Surge","Stack+1"],"campfire_rested":1,"item_purchase_floors":[8,8,22,22,22],"current_hp_per_floor":[62,62,62,61,61,61,43,43,43,32,20,20,20,20,20,11,56,55,49,28,28,28,49,20,0,0],"gold":59,"neow_bonus":"HUNDRED_GOLD","is_daily":false,"chose_seed":false,"campfire_upgraded":3,"win_rate":0.0,"timestamp":1612465735,"path_taken":["M","M","?","M","?","R","E","$","T","E","M","R","?","M","R","BOSS","M","M","?","?","$","R","E","M"],"items_purchased_type":["Card","Card","Relic","Card","Card"],"build_version":"2020-12-22","purchased_purges":1,"victory":false,"max_hp_per_floor":[71,71,71,71,71,71,71,71,71,71,71,71,71,71,71,71,71,71,71,71,71,71,71,71,71,71],"relic_stats":{"Centennial Puzzle":[18],"counters":[12,36],"obtain_stats":[{"Centennial Puzzle":7,"Vajra":9,"Enchiridion":20,"Fusion Hammer":17,"Membership Card":22,"Toxic Egg 2":10,"Cracked Core":0,"Ancient Tea Set":24},{"Centennial Puzzle":4,"Vajra":4,"Enchiridion":10,"Fusion Hammer":8,"Membership Card":10,"Toxic Egg 2":5,"Cracked Core":0,"Ancient Tea Set":11},{"Centennial Puzzle":13,"Vajra":13,"Enchiridion":33,"Fusion Hammer":28,"Membership Card":33,"Toxic Egg 2":16,"Cracked Core":0,"Ancient Tea Set":35}]},"card_choices":[{"not_picked":["Heatsinks","Redo"],"picked":"Hello World","floor":1},{"not_picked":["Undo","Stack"],"picked":"Melter","floor":2},{"not_picked":["Barrage","Hologram"],"picked":"Steam","floor":4},{"not_picked":["Coolheaded","Darkness"],"picked":"Rebound","floor":7},{"not_picked":["Scrape","Skim+1"],"picked":"Beam Cell","floor":10},{"not_picked":["Redo+1","Storm"],"picked":"Beam Cell","floor":11},{"not_picked":["Streamline","Melter"],"picked":"Darkness+1","floor":14},{"not_picked":["Buffer","Hyperbeam"],"picked":"Reboot+1","floor":16},{"not_picked":["Tempest+1","Turbo+1"],"picked":"Hologram+1","floor":18},{"not_picked":["Static Discharge+1","Force Field+1"],"picked":"Leap+1","floor":19},{"not_picked":["Stack+1","Leap+1"],"picked":"Cold Snap","floor":24}],"player_experience":8434032,"relics_obtained":[{"floor":7,"key":"Centennial Puzzle"},{"floor":9,"key":"Vajra"},{"floor":10,"key":"Toxic Egg 2"},{"floor":20,"key":"Enchiridion"},{"floor":24,"key":"Ancient Tea Set"}],"event_choices":[{"damage_healed":0,"gold_gain":0,"player_choice":"Ignored","damage_taken":0,"max_hp_gain":0,"max_hp_loss":0,"event_name":"Liars Game","floor":3,"gold_loss":0},{"damage_healed":0,"gold_gain":0,"cards_transformed":["Defend_B"],"player_choice":"Change","damage_taken":0,"max_hp_gain":0,"max_hp_loss":0,"event_name":"Living Wall","floor":5,"gold_loss":0,"cards_obtained":["All For One"]},{"damage_healed":0,"gold_gain":0,"player_choice":"Ignored","damage_taken":0,"max_hp_gain":0,"max_hp_loss":0,"event_name":"Shining Light","floor":13,"gold_loss":0},{"damage_healed":0,"gold_gain":0,"player_choice":"Obtained Book","damage_taken":21,"max_hp_gain":0,"max_hp_loss":0,"event_name":"Cursed Tome","floor":20,"gold_loss":0},{"damage_healed":0,"gold_gain":100,"player_choice":"Bet on Murderer","damage_taken":0,"max_hp_gain":0,"max_hp_loss":0,"event_name":"The Joust","floor":21,"gold_loss":50}],"is_beta":false,"boss_relics":[{"not_picked":["Empty Cage","Nuclear Battery"],"picked":"Fusion Hammer"}],"items_purged_floors":[8],"is_endless":false,"potions_floor_spawned":[1,2,7,16,19],"killed_by":"Shelled Parasite and Fungi","ascension_level":20}}