{"host":"dxldt284mdio0lzg","time":1612452734,"event":{"mods":["AchievementEnabler","BaseMod","Colored Map","Colored Powertips","Minty Spire (QoL Compilation)","SuperFastMode"],"gold_per_floor":[119,138,138,138,138,138,167,167,194,207,220,234,37,54,54,154,154,167,167,167,180,180,180,192,192,192,192,292,110,110,28,28,28,28],"floor_reached":33,"language":"ENG","playtime":1113,"items_purged":[],"score":268,"play_id":"e2af3311-abc4-44be-a096-7bfc954f7ba7","local_time":"20210204163214","is_ascension_mode":false,"campfire_choices":[{"floor":6,"key":"REST"},{"data":"Defend_G","floor":8,"key":"SMITH"},{"data":"Deadly Poison","floor":15,"key":"SMITH"},{"data":"Deadly Poison","floor":23,"key":"SMITH"},{"floor":25,"key":"REST"},{"data":"Venomology","floor":27,"key":"SMITH"},{"floor":32,"key":"REST"}],"circlet_count":0,"master_deck":["Survivor+1","Neutralize+1","Deadly Poison+1","Deadly Poison+1","Blade Dance","Noxious Fumes","Deadly Poison+1","Deflect","Deadly Poison+1","Doppelganger","Storm of Steel","Masterful Stab","Bouncing Flask","Noxious Fumes","Doppelganger","Die Die Die","Die Die Die","Unload","Venomology+1","Bane","Acrobatics+1","Slice","Slice","Accuracy","Terror","Blade Dance","Accuracy"],"relics":["Ring of the Snake","Omamori","PreservedInsect","Lantern","Pandora\u0027s Box","Enchiridion","Sundial","Torii","Bottled Flame","Ancient Tea Set"],"acts_visited":["Exordium","TheCity"],"potions_floor_usage":[24,28,28,28,33],"damage_taken":[{"damage":1,"enemies":"Cultist","floor":1,"turns":5},{"damage":0,"enemies":"2 Louse","floor":2,"turns":2},{"damage":11,"enemies":"Lagavulin","floor":7,"turns":5},{"damage":0,"enemies":"Small Slimes","floor":10,"turns":3},{"damage":0,"enemies":"2 Fungi Beasts","floor":11,"turns":3},{"damage":0,"enemies":"Looter","floor":12,"turns":3},{"damage":0,"enemies":"3 Louse","floor":14,"turns":3},{"damage":20,"enemies":"Slime Boss","floor":16,"turns":10},{"damage":15,"enemies":"2 Thieves","floor":18,"turns":4},{"damage":0,"enemies":"Chosen","floor":21,"turns":4},{"damage":12,"enemies":"Centurion and Healer","floor":24,"turns":4},{"damage":14,"enemies":"Colosseum Slavers","floor":28,"turns":3},{"damage":13,"enemies":"Colosseum Nobs","floor":28,"turns":3},{"damage":69,"enemies":"Automaton","floor":33,"turns":6}],"seed_played":"-288225591973756785","potions_obtained":[{"floor":10,"key":"PowerPotion"},{"floor":12,"key":"Block Potion"},{"floor":14,"key":"FearPotion"}],"is_trial":false,"path_per_floor":["M","M","?","?","?","R","E","R","T","M","M","M","$","M","R","B",null,"M","?","$","M","?","R","M","R","T","R","?","$","?","$","R","B"],"character_chosen":"THE_SILENT","items_purchased":["Lantern","Deflect","Ancient Tea Set","Terror","Blade Dance","Accuracy"],"campfire_rested":3,"item_purchase_floors":[13,13,29,29,31,31],"current_hp_per_floor":[69,69,69,55,55,70,59,59,59,59,59,59,59,59,59,39,70,55,70,70,70,54,54,42,63,63,63,36,36,36,36,57,0,0],"gold":28,"neow_bonus":"UPGRADE_CARD","is_daily":false,"chose_seed":false,"campfire_upgraded":4,"win_rate":0.0,"timestamp":1612452734,"path_taken":["M","M","?","?","?","R","E","R","T","M","M","M","$","M","R","BOSS","M","?","$","M","?","R","M","R","T","R","?","$","?","?","R","BOSS"],"items_purchased_type":["Relic","Card","Relic","Card","Card","Card"],"build_version":"2020-12-22","purchased_purges":0,"victory":false,"max_hp_per_floor":[70,70,70,70,70,70,70,70,70,70,70,70,70,70,70,70,70,70,70,70,70,70,70,70,70,70,70,70,70,70,70,70,70,70],"card_choices":[{"not_picked":["Cloak And Dagger","Acrobatics"],"picked":"Deadly Poison","floor":1},{"not_picked":["Poisoned Stab","PiercingWail"],"picked":"Deadly Poison","floor":2},{"not_picked":["Unload","Tactician","Masterful Stab"],"picked":"SKIP","floor":7},{"not_picked":["Dagger Throw","Flying Knee"],"picked":"Blade Dance","floor":10},{"not_picked":["Backflip","Tactician"],"picked":"Noxious Fumes","floor":11},{"not_picked":["Flying Knee","Bouncing Flask"],"picked":"Deadly Poison","floor":12},{"not_picked":["Dagger Throw","Accuracy"],"picked":"Deadly Poison","floor":14},{"not_picked":["Storm of Steel","Unload"],"picked":"Doppelganger","floor":16},{"not_picked":["Masterful Stab","Backflip"],"picked":"Acrobatics+1","floor":18},{"not_picked":["Reflex","Sucker Punch"],"picked":"Slice","floor":21},{"not_picked":["Crippling Poison","PiercingWail"],"picked":"Slice","floor":24},{"not_picked":["Sucker Punch+1","Acrobatics"],"picked":"Accuracy","floor":28}],"player_experience":92844,"relics_obtained":[{"floor":7,"key":"Omamori"},{"floor":9,"key":"PreservedInsect"},{"floor":22,"key":"Enchiridion"},{"floor":26,"key":"Sundial"},{"floor":28,"key":"Torii"},{"floor":28,"key":"Bottled Flame"}],"event_choices":[{"damage_healed":0,"gold_gain":0,"player_choice":"Grow","damage_taken":0,"max_hp_gain":0,"max_hp_loss":0,"event_name":"Living Wall","floor":3,"gold_loss":0,"cards_upgraded":["Deadly Poison"]},{"damage_healed":0,"gold_gain":0,"player_choice":"Entered Light","damage_taken":14,"max_hp_gain":0,"max_hp_loss":0,"event_name":"Shining Light","floor":4,"gold_loss":0,"cards_upgraded":["Deadly Poison","Survivor"]},{"damage_healed":0,"gold_gain":0,"player_choice":"Ignored","damage_taken":0,"max_hp_gain":0,"max_hp_loss":0,"event_name":"Golden Wing","floor":5,"gold_loss":0},{"damage_healed":23,"gold_gain":0,"player_choice":"Heal","damage_taken":0,"max_hp_gain":0,"max_hp_loss":0,"event_name":"The Library","floor":19,"gold_loss":0},{"damage_healed":0,"gold_gain":0,"player_choice":"Obtained Book","damage_taken":16,"max_hp_gain":0,"max_hp_loss":0,"event_name":"Cursed Tome","floor":22,"gold_loss":0},{"damage_healed":0,"gold_gain":0,"player_choice":"Fight","damage_taken":0,"max_hp_gain":0,"max_hp_loss":0,"event_name":"Colosseum","floor":28,"gold_loss":0},{"damage_healed":0,"gold_gain":0,"player_choice":"Fought Nobs","damage_taken":0,"max_hp_gain":0,"max_hp_loss":0,"event_name":"Colosseum","floor":28,"gold_loss":0},{"damage_healed":0,"gold_gain":0,"player_choice":"Ignored","damage_taken":0,"max_hp_gain":0,"max_hp_loss":0,"event_name":"Vampires","floor":30,"gold_loss":0}],"is_beta":false,"boss_relics":[{"not_picked":["Empty Cage","Snecko Eye"],"picked":"Pandora\u0027s Box"}],"items_purged_floors":[],"is_endless":false,"potions_floor_spawned":[10,12,14,16,21,28],"killed_by":"Automaton","ascension_level":0}}