{"host":"hpn0uxah5qjr7pa6","time":1612399044,"event":{"mods":["Act Like it!","Aspiration","BaseMod","Better Third Choice","BetterRewards","Challenge The Spire","Colored Powertips","Conspire","DeckTracker","Downfall","Energized Spire","Hallownest","Hermit","Highlight Path","Hubris","Infinite Spire","Minty Spire (QoL Compilation)","Permanent Neow","Quick Restart","Rare Cards Sparkle","Replay The Spire","Spicy Shops","StSLib","The Bug Knight","The Jungle"],"gold_per_floor":[99,111,128,36,36,36,62,62,72,72,72,6,6,16,36,137,137,137,147,147,165,176,176,176,205,205,205,220,220,232,248,263,263,263,263],"floor_reached":33,"language":"ENG","playtime":1853,"items_purged":[],"score":319,"play_id":"b363d9cc-0f48-46f1-915e-3d6261463cd3","local_time":"20210203163724","is_ascension_mode":true,"campfire_choices":[{"data":"Good Instincts","floor":1,"key":"SMITH"},{"data":"Pot Of Greed","floor":8,"key":"SMITH"},{"data":"Pot Of Greed","floor":10,"key":"SMITH"},{"data":"Chrysalis","floor":13,"key":"SMITH"},{"floor":27,"key":"REST"},{"floor":29,"key":"REST"}],"circlet_count":0,"master_deck":["bronze:Strike","bronze:Strike","bronze:Strike","bronze:Strike","bronze:Defend","bronze:Defend","bronze:Defend","bronze:Defend","bronze:Replicate","Good Instincts+1","bronze:Branch","bronze:FollowUp","Pot Of Greed+1","bronze:WhirlingStrike","bronze:WhirlingStrike","bronze:RecursiveStrike","bronze:DigitalCarnage","bronze:NullPointer","Secret Technique"],"relics":["bronze:BronzeCore","Grinning Jar","infinitespire:PuzzleCube","hubris:Backtick","TwistedFunnel","PrismaticShard","Replay:PocketPolymizer","bronze:SilverBullet"],"acts_visited":["Hallownest:Greenpath","Hallownest:CityofTears"],"potions_floor_usage":[12,12,16,16,19,25,25,26,33,33],"damage_taken":[{"damage":7,"enemies":"Hallownest:2_Tiktiks_and_1_Crawlid","floor":2,"turns":6},{"damage":0,"enemies":"Hallownest:monsterHuskGuard","floor":3,"turns":4},{"damage":5,"enemies":"downfall:FleeingMerchant","floor":4,"turns":4},{"damage":2,"enemies":"Hallownest:2_MossCreeps","floor":9,"turns":3},{"damage":0,"enemies":"downfall:FleeingMerchant","floor":12,"turns":4},{"damage":2,"enemies":"Hallownest:Guard_and_Warrior","floor":14,"turns":4},{"damage":1,"enemies":"Hallownest:MossCreep_and_Mosskin","floor":15,"turns":4},{"damage":37,"enemies":"DF_ARCHETYPE_STREAMLINE","floor":16,"turns":12},{"damage":0,"enemies":"Hallownest:Guard_and_Sentry","floor":19,"turns":4},{"damage":0,"enemies":"Hallownest:Flukemon_and_Top","floor":21,"turns":4},{"damage":3,"enemies":"Hallownest:Warrior_and_Youth","floor":22,"turns":3},{"damage":35,"enemies":"Nightmare","floor":25,"turns":12},{"damage":3,"enemies":"Hallownest:2_Flukemon","floor":28,"turns":4},{"damage":12,"enemies":"Hallownest:monsterMisterMushroom","floor":30,"turns":6},{"damage":17,"enemies":"Hallownest:monsterShrumalOgre","floor":31,"turns":5},{"damage":0,"enemies":"Hallownest:2_Husk_Sentries","floor":32,"turns":3},{"damage":44,"enemies":"SI_MIRROR_ARCHETYPE","floor":33,"turns":8}],"seed_played":"-6299090462842552172","potions_obtained":[{"floor":9,"key":"Adrenaline Potion"},{"floor":14,"key":"hexamod:SoulburnPotion"},{"floor":15,"key":"Adrenaline Potion"},{"floor":16,"key":"AttackPotion"},{"floor":21,"key":"SpeedPotion"},{"floor":22,"key":"SkillPotion"}],"is_trial":false,"path_per_floor":["R","M","M","$","?","?","T","R","M","R","?","$","R","M","M","B",null,"R","M","?","M","M","AVR","T","NM","?","R","M","R","M","M","M","B"],"character_chosen":"THE_AUTOMATON","items_purchased":["Grinning Jar","bronze:WhirlingStrike"],"campfire_rested":2,"item_purchase_floors":[4,12],"current_hp_per_floor":[70,63,63,58,58,65,65,65,63,63,63,70,70,68,67,30,60,60,60,67,67,64,64,64,29,29,50,47,68,56,39,39,0,0,0],"gold":263,"neow_bonus":"RANDOM_COLORLESS","is_daily":false,"chose_seed":false,"campfire_upgraded":4,"win_rate":0.0,"timestamp":1612399044,"path_taken":["R","M","M","$","?","?","T","R","?","R","?","$","R","M","M","BOSS","R","M","?","M","?","AVR","T","NM","?","R","M","R","M","M","M","BOSS"],"items_purchased_type":["Relic","Card"],"build_version":"2020-12-22","purchased_purges":0,"victory":false,"max_hp_per_floor":[70,70,70,70,70,70,70,70,70,70,70,70,70,70,70,70,70,70,70,70,70,70,70,70,70,70,70,70,70,70,70,70,70,70,70],"card_choices":[{"not_picked":["Forethought","Finesse"],"picked":"Good Instincts","floor":0},{"not_picked":["bronze:Deprecate","bronze:WhirlingStrike"],"picked":"bronze:Branch","floor":2},{"not_picked":["bronze:Separator","bronze:FineTuning","bronze:Flail"],"picked":"SKIP","floor":3},{"not_picked":["bronze:Separator","bronze:Refactor"],"picked":"bronze:FollowUp","floor":4},{"not_picked":["bronze:Iterate","bronze:Separator","bronze:Backtrace"],"picked":"SKIP","floor":9},{"not_picked":["bronze:Invalidate","bronze:ItsAFeature","bronze:Frontload"],"picked":"SKIP","floor":12},{"not_picked":["bronze:Overheat","bronze:CloningBeam","bronze:ClassDefault"],"picked":"SKIP","floor":14},{"not_picked":["bronze:Iterate","bronze:Hardcode","bronze:DelayedGuard"],"picked":"SKIP","floor":15},{"not_picked":["bronze:HyperBeam","bronze:TinkerersToolbox"],"picked":"bronze:RecursiveStrike","floor":16},{"not_picked":["bronze:FineTuning","bronze:DelayedGuard+1","bronze:Iterate+1"],"picked":"SKIP","floor":19},{"not_picked":["bronze:BuggyMess+1","bronze:Shield+1"],"picked":"bronze:DigitalCarnage","floor":21},{"not_picked":["bronze:ClassDefault","bronze:Shell","bronze:DelayedGuard"],"picked":"SKIP","floor":22},{"not_picked":["hubris:Ukulele","Apotheosis","Sweeping Beam"],"picked":"SKIP","floor":25},{"not_picked":["hermit:FlashPowder+1","sneckomod:Unknown2Cost+1","bronze:Separator"],"picked":"SKIP","floor":28},{"not_picked":["Evaluate+1","Dark Shackles","Ghostly Armor+1"],"picked":"SKIP","floor":30},{"not_picked":["Static Discharge+1","Coolheaded+1","Deflect"],"picked":"SKIP","floor":31},{"not_picked":["Mind Blast","Guardian:Repulse+1","HollowMod:SharpenedNail"],"picked":"SKIP","floor":32}],"player_experience":179769,"relics_obtained":[{"floor":7,"key":"infinitespire:PuzzleCube"},{"floor":24,"key":"Replay:PocketPolymizer"},{"floor":25,"key":"bronze:SilverBullet"}],"event_choices":[],"is_beta":false,"boss_relics":[{"not_picked":["energizedSpire:SpiderWeb","ReplayTheSpireMod:DimensionalGlitch"],"picked":"hubris:Backtick"}],"items_purged_floors":[],"is_endless":true,"potions_floor_spawned":[9,14,15,16,21,22,31],"killed_by":"SI_MIRROR_ARCHETYPE","ascension_level":5}}