{"host":"nwavcs7i011ziyjx","time":1612462332,"event":{"mods":["AchievementEnabler","BaseMod","Colored Map","Colored Powertips","Marisa（F雨　魔理沙）","Minty Spire (QoL Compilation)","MostiFishMod","Quick Restart","Rare Cards Sparkle","Remilia（蕾米莉亚）","Replay The Spire","Spicy Shops","StSLib","TestMod","The Servant 0.9.4","Uncapped","UnlockEverythingMod","WarShipGirlsR/战舰少女R mod","noobMod"],"gold_per_floor":[8000,6816,6816,6830,79574,79600,79629,79641,79679,79691,79738,79766,79778,79808,79820,79931,79943,79966,79958,79572,79589,79589,79624,79635,79663,79663,79663,79691,79705,79721,79754,79754,79854,79854,79874,79874,79887,79897,78968,78987],"floor_reached":41,"language":"ZHS","playtime":559,"items_purged":["Strike_RM","Defend_RM","Strike_RM","ScarletShoot","Strike_RM"],"score":1240,"play_id":"32eef1ed-a6c0-40dc-aaf9-6b37bb42f9da","local_time":"20210205021212","is_ascension_mode":true,"campfire_choices":[{"data":"UnstableMagic","floor":13,"key":"SMITH"},{"data":"RedMoon","floor":15,"key":"SMITH"},{"data":"Strike_RM","floor":27,"key":"SMITH"},{"data":"Defend_RM","floor":32,"key":"SMITH"}],"circlet_count":0,"master_deck":["Strike_RM+1","Defend_RM","Defend_RM+1","RedMoon+1","UnstableMagic+1","HeartBreak+1","BatForm+1","BloodySeventeenLaser+1","TransientEternity+1","DiffusionOfMisfortune+1","ForecastOfChange+1","BloodyHallows+1","DemonKingCradle+1","NightLord","CurseOfVladTepes+1"],"relics":["ScarletHat","ice","DaveBox","testmod-TestBox","FeatherPendant","testmod-Nyarlathotep","NeowsBlessing","SynthV:TestCard","testmod-Brilliant","Replay:Kaleidoscope","HornCleat","Orichalcum","Snack Pack","Potion Belt","BrkXgEgg","MawBank","testmod-Antiphasic","StrikeDummy","testmod-Muramasa","Runic Pyramid","PreservedInsect","testmod-Acrobat","White Beast Statue","Prayer Wheel","Pear","testmod-LifeArmor","SacredBark","ScarletDevilRocket","HandDrill","ReplayTheSpireMod:Lightbulb","ReplayTheSpireMod:Ninjato"],"acts_visited":["Exordium","TheCity","TheBeyond"],"potions_floor_usage":[12,40],"damage_taken":[{"damage":0,"enemies":"2 Louse","floor":1,"turns":1},{"damage":0,"enemies":"Small Slimes","floor":4,"turns":1},{"damage":0,"enemies":"Gremlin Nob","floor":6,"turns":1},{"damage":0,"enemies":"Jaw Worm","floor":7,"turns":1},{"damage":0,"enemies":"3 Sentries","floor":11,"turns":1},{"damage":0,"enemies":"Gremlin Gang","floor":12,"turns":1},{"damage":0,"enemies":"Exordium Wildlife","floor":14,"turns":1},{"damage":0,"enemies":"The Guardian","floor":16,"turns":1},{"damage":0,"enemies":"Spheric Guardian","floor":18,"turns":1},{"damage":0,"enemies":"Chosen","floor":21,"turns":1},{"damage":0,"enemies":"Slavers","floor":23,"turns":1},{"damage":0,"enemies":"Snecko","floor":24,"turns":1},{"damage":0,"enemies":"Gremlin Leader","floor":25,"turns":1},{"damage":0,"enemies":"Slavers","floor":28,"turns":1},{"damage":0,"enemies":"Sentry and Sphere","floor":29,"turns":1},{"damage":0,"enemies":"Centurion and Healer","floor":30,"turns":1},{"damage":0,"enemies":"Book of Stabbing","floor":31,"turns":1},{"damage":0,"enemies":"Champ","floor":33,"turns":1},{"damage":0,"enemies":"3 Shapes","floor":35,"turns":1},{"damage":0,"enemies":"Orb Walker","floor":37,"turns":1},{"damage":0,"enemies":"Sphere and 2 Shapes","floor":38,"turns":1},{"damage":16,"enemies":"Replay:Hell Engine","floor":40,"turns":1}],"seed_played":"-2799024512033987798","potions_obtained":[{"floor":6,"key":"ColorlessPotion"},{"floor":11,"key":"testmod-SpacePotion"},{"floor":12,"key":"Strength Potion"},{"floor":14,"key":"SkillPotion"},{"floor":23,"key":"testmod-EscapePotion"},{"floor":28,"key":"DuplicationPotion"},{"floor":30,"key":"testmod-TestPotion"},{"floor":33,"key":"Elixir"}],"is_trial":false,"path_per_floor":["M","$","?","M","$","E","M","?","T","?","E","M","R","M","R","B",null,"M","?","$","M","?","E","M","E","T","R","E","M","M","E","R","B",null,"M","?","M","M","$","B",null],"character_chosen":"REMILIA","items_purchased":["testmod-Brilliant","Replay:Kaleidoscope","HornCleat","Orichalcum","testmod-TestPotion","Snack Pack","Potion Belt","BrkXgEgg","ColorlessPotion","PreservedInsect","ScarletDevilRocket","HandDrill","ReplayTheSpireMod:Lightbulb","ReplayTheSpireMod:Ninjato"],"campfire_rested":0,"item_purchase_floors":[2,2,2,2,2,5,5,5,20,20,39,39,39,39],"current_hp_per_floor":[68,68,73,73,73,73,73,66,66,66,66,66,66,66,66,66,77,77,77,77,77,77,77,77,77,77,77,87,87,87,87,87,87,89,89,89,89,89,89,90],"gold":78987,"neow_bonus":"THREE_ENEMY_KILL","is_daily":false,"chose_seed":false,"campfire_upgraded":4,"win_rate":0.0,"timestamp":1612462332,"path_taken":["M","$","?","M","$","E","M","?","T","?","E","?","R","M","R","BOSS","M","?","$","M","?","E","M","E","T","R","E","M","M","E","R","BOSS","M","?","M","?","$","BOSS"],"items_purchased_type":["Relic","Relic","Relic","Relic","Potion","Relic","Relic","Relic","Potion","Relic","Relic","Relic","Relic","Relic"],"build_version":"2020-12-22","purchased_purges":5,"victory":true,"max_hp_per_floor":[75,75,80,80,80,80,80,80,80,80,80,80,80,80,80,80,80,80,80,80,80,80,80,80,80,80,80,90,90,90,90,90,90,90,90,90,90,90,90,90],"card_choices":[{"not_picked":["Stigmanizer","ChainGang"],"picked":"UnstableMagic","floor":1},{"not_picked":["ScarletImprint","UnstableMagic","FavorOfDestiny","ForbiddenFruit","BadLadyScramble"],"picked":"SKIP","floor":4},{"not_picked":["BombardNight","DiffusionOfMisfortune","BloodHunter","ReincarnationDial","BlasphemousPunishment"],"picked":"SKIP","floor":6},{"not_picked":["DevilSight","FavorOfDestiny","BloodHunter","ScarletDevil"],"picked":"HeartBreak+1","floor":7},{"not_picked":["ScarletGensokyo","FavorOfDestiny","NightDance","VampireClaw","NightLord"],"picked":"SKIP","floor":11},{"not_picked":["MastersStateliness","RedMagic","ScarletImprint","FavorOfDestiny"],"picked":"BatForm+1","floor":12},{"not_picked":["Stigmanizer","UnderTheZenith","ScarletNetherworld","ChainGang"],"picked":"BombardNight","floor":14},{"not_picked":["BloodRain+1","ChaoticDestiny+1","EquivalentExchange+1","KillingBlow+1"],"picked":"BloodySeventeenLaser+1","floor":16},{"not_picked":["Stigmanizer","MiserableFate","NightDance","MastersStateliness","ScarletDevil+1"],"picked":"SKIP","floor":18},{"not_picked":["StarOfDavid+1","BloodyTrap","EndlessAdversity","AfternoonTea"],"picked":"TransientEternity+1","floor":21},{"not_picked":["ScarletDevil","BadLadyScramble","EmergencyRegeneration","VampireKiss"],"picked":"DiffusionOfMisfortune+1","floor":23},{"not_picked":["ScarletGensokyo+1","BlasphemousPunishment","StarOfDavid+1","EndlessAdversity","BloodHunter"],"picked":"SKIP","floor":24},{"not_picked":["MastersStateliness","Stigmanizer","ChainGang","UnderTheZenith","RedMagic+1"],"picked":"SKIP","floor":25},{"not_picked":["EndlessAdversity+1","RedMagic","RedRainbow","BombardNight"],"picked":"ForecastOfChange+1","floor":28},{"not_picked":["ScarletSymphony","BombardNight","ScarletNetherworld","DiffusionOfMisfortune","BlasphemousPunishment+1"],"picked":"SKIP","floor":29},{"not_picked":["BlasphemousPunishment","DiffusionOfMisfortune","TransientEternity+1","Ultimatum+1","ChainGang"],"picked":"SKIP","floor":29},{"not_picked":["BloodHunter","Stigmanizer","ScarletGensokyo","DiffusionOfMisfortune+1","ScarletNetherworld"],"picked":"SKIP","floor":30},{"not_picked":["FavorOfDestiny+1","EternalNight","MiserableFate","RedNightlessCastle","Septette"],"picked":"SKIP","floor":30},{"not_picked":["EmergencyRegeneration","ScarletSymphony","Stigmanizer","BlasphemousPunishment+1"],"picked":"BloodyHallows+1","floor":31},{"not_picked":["QueenOfMidnight+1","ForecastOfChange+1","BloodyHallows+1","HeartBreak+1"],"picked":"DemonKingCradle+1","floor":33},{"not_picked":["SuperhumanBloodyKnife","RedRainbow+1","CharismaGuard","MastersStateliness","ScarletNetherworld+1"],"picked":"SKIP","floor":35},{"not_picked":["ScarletImprint+1","CharismaGuard+1","StarOfDavid","Maim+1","BombardNight"],"picked":"SKIP","floor":35},{"not_picked":["VampireKiss","Maim+1","RedNightlessCastle+1","BombardNight","RedMagic"],"picked":"SKIP","floor":37},{"not_picked":["Stigmanizer+1","VampireFantasy+1","BombardNight+1","FitfulNightmare","BloodAndWine+1"],"picked":"SKIP","floor":37},{"not_picked":["ScarletDevil+1","DiffusionOfMisfortune","Maim","UnderTheZenith"],"picked":"CurseOfVladTepes+1","floor":38},{"not_picked":["BloodHunter","NightLord+1","NightDance+1","ScarletImprint","BloodyTrap"],"picked":"SKIP","floor":38}],"player_experience":248443,"relics_obtained":[{"floor":1,"key":"SynthV:TestCard"},{"floor":6,"key":"MawBank"},{"floor":9,"key":"testmod-Antiphasic"},{"floor":11,"key":"testmod-Muramasa"},{"floor":23,"key":"testmod-Acrobat"},{"floor":25,"key":"White Beast Statue"},{"floor":26,"key":"Prayer Wheel"},{"floor":28,"key":"Pear"},{"floor":31,"key":"testmod-LifeArmor"}],"event_choices":[{"damage_healed":0,"gold_gain":0,"player_choice":"Donut","damage_taken":0,"max_hp_gain":5,"max_hp_loss":0,"event_name":"Big Fish","floor":3,"gold_loss":0},{"cards_removed":["Defend_RM"],"damage_healed":0,"gold_gain":0,"player_choice":"Card Removal","damage_taken":7,"max_hp_gain":0,"max_hp_loss":0,"event_name":"Golden Wing","floor":8,"gold_loss":0},{"damage_healed":0,"gold_gain":0,"player_choice":"Gave Potion","damage_taken":0,"relics_obtained":["StrikeDummy"],"max_hp_gain":0,"max_hp_loss":0,"event_name":"WeMeetAgain","floor":10,"gold_loss":0},{"cards_removed":["BombardNight"],"damage_healed":0,"gold_gain":0,"player_choice":"Elegance","damage_taken":0,"max_hp_gain":0,"max_hp_loss":0,"event_name":"Back to Basics","floor":22,"gold_loss":0},{"damage_healed":0,"gold_gain":0,"player_choice":"1 cards matched","damage_taken":0,"max_hp_gain":0,"max_hp_loss":0,"event_name":"Match and Keep!","floor":36,"gold_loss":0,"cards_obtained":["NightLord"]}],"is_beta":false,"boss_relics":[{"not_picked":["testmod-Temperance","testmod-BatchProcessingSystem"],"picked":"Runic Pyramid"},{"not_picked":["testmod-NegativeEmotionEnhancer","Painkiller Herb"],"picked":"SacredBark"}],"items_purged_floors":[2,2,5,20,39],"is_endless":false,"potions_floor_spawned":[6,11,12,14,23,28,29,30,31,33,35,37,38],"ascension_level":6}}