{"host":"z5ogtnuuoxgup8y1","time":1612478979,"event":{"mods":["BaseMod","Better Third Choice","BetterRewards","Hermit","Hubris","Jorbs\u0027s Wanderer Trilogy","Minty Spire (QoL Compilation)","Reliquary","Replay The Spire","Spicy Shops","StSLib","The Cursed","The Disciple","The Hierophant","The Jungle","The Marked","The Runesmith"],"gold_per_floor":[138,152,44,56,67,99,99,117,141,154,188,188,15,44,44,120,120,158,171,211,229,3,3,3,3,3,3,53,100,141,189,201,287,299,325,317,343,20,33,67,67,78,102,127,127,52,0,0,0,0,0],"floor_reached":50,"language":"ENG","playtime":2143,"items_purged":["Strike_P"],"score":1994,"play_id":"1f1f8885-7b6a-432f-beac-4a76995425f2","local_time":"20210204224939","is_ascension_mode":true,"campfire_choices":[{"floor":7,"key":"REST"},{"data":"HandOfGreed","floor":12,"key":"SMITH"},{"floor":23,"key":"REST"},{"data":"Worship","floor":25,"key":"SMITH"},{"data":"Master of Strategy","floor":32,"key":"SMITH"},{"data":"Blasphemy","floor":45,"key":"SMITH"},{"floor":49,"key":"RECALL"}],"circlet_count":0,"master_deck":["AscendersBane","Strike_P","Strike_P","Strike_P","Defend_P","Defend_P","Defend_P","Defend_P","Eruption+1","Vigilance","Worship+1","HandOfGreed+1","EmptyFist","Master of Strategy+1","ForeignInfluence+1","Protect","Consecrate","BowlingBash","CarveReality","CarveReality","FlurryOfBlows","Tantrum","EmptyBody","Blasphemy+1","Ragnarok","FlurryOfBlows+1","Scrawl","CarveReality","CarveReality"],"relics":["PureWater","reliquary:JackalopeAntler","Sling","hubris:MedicalManual","reliquary:PurpleTingedLeaf","reliquary:Sideboard","Vajra","PreservedInsect","Odd Mushroom","reliquary:RedCape","reliquary:Buckler","hubris:BottledHeart","MealTicket","MawBank","Simple Rune","reliquary:WritOfMandamus","Shuriken","Turnip","Strawberry","Red Mask","hubris:Icosahedron"],"acts_visited":["Exordium","TheCity","TheBeyond"],"potions_floor_usage":[6,8,16,18,21,30,33,39,44],"damage_taken":[{"damage":0,"enemies":"Small Slimes","floor":1,"turns":1},{"damage":7,"enemies":"Jaw Worm","floor":2,"turns":2},{"damage":0,"enemies":"Cultist","floor":4,"turns":2},{"damage":0,"enemies":"Looter","floor":5,"turns":1},{"damage":0,"enemies":"Lagavulin","floor":6,"turns":2},{"damage":0,"enemies":"Gremlin Gang","floor":8,"turns":1},{"damage":0,"enemies":"Lots of Slimes","floor":10,"turns":1},{"damage":0,"enemies":"Exordium Thugs","floor":11,"turns":3},{"damage":0,"enemies":"The Mushroom Lair","floor":14,"turns":3},{"damage":17,"enemies":"Fading Forest","floor":16,"turns":11},{"damage":13,"enemies":"3 Byrds","floor":18,"turns":2},{"damage":0,"enemies":"Spheric Guardian","floor":19,"turns":1},{"damage":15,"enemies":"Snake Plant","floor":20,"turns":3},{"damage":24,"enemies":"Centurion and Healer","floor":21,"turns":3},{"damage":0,"enemies":"Slavers","floor":28,"turns":2},{"damage":0,"enemies":"3 Cultists","floor":29,"turns":3},{"damage":0,"enemies":"Replay:Snechameleon","floor":30,"turns":3},{"damage":0,"enemies":"Snecko","floor":31,"turns":2},{"damage":0,"enemies":"Pondfish","floor":33,"turns":6},{"damage":0,"enemies":"3 Darklings","floor":35,"turns":3},{"damage":0,"enemies":"Orb Walker","floor":37,"turns":1},{"damage":0,"enemies":"Jaw Worm Horde","floor":39,"turns":2},{"damage":4,"enemies":"Nemesis","floor":40,"turns":3},{"damage":0,"enemies":"3 Darklings","floor":42,"turns":2},{"damage":0,"enemies":"R_Hoarder","floor":44,"turns":2},{"damage":13,"enemies":"hubris:GrandSnecko","floor":50,"turns":7}],"seed_played":"-3156618031217611625","potions_obtained":[{"floor":2,"key":"Adrenaline Potion"},{"floor":4,"key":"FearPotion"},{"floor":8,"key":"Regen Potion"},{"floor":10,"key":"LiquidBronze"},{"floor":20,"key":"Swift Potion"},{"floor":21,"key":"BlessingOfTheForge"},{"floor":29,"key":"LifebloodPotion"},{"floor":31,"key":"Strength Potion"},{"floor":35,"key":"Swift Potion"},{"floor":39,"key":"FairyPotion"},{"floor":40,"key":"Death Potion"}],"is_trial":false,"path_per_floor":["M","M","$","M","M","E","R","M","T","M","M","R","$","?","R","B",null,"M","M","M","M","$","R","?","R","T","?","E","M","E","M","R","B",null,"M","?","M","$","M","E","?","M","T","E","R","$","?","?","R","B"],"character_chosen":"WATCHER","items_purchased":["reliquary:JackalopeAntler","Sling","Worship","HandOfGreed","EmptyFist","Master of Strategy","reliquary:PurpleTingedLeaf","Consecrate","BowlingBash","PreservedInsect","reliquary:Buckler","EmptyBody","Shuriken","CarveReality"],"campfire_rested":2,"item_purchase_floors":[0,0,0,0,0,0,0,3,3,13,22,22,38,38],"current_hp_per_floor":[20,13,13,13,13,13,33,33,33,33,34,34,34,34,34,41,61,51,51,37,13,13,34,1,1,1,1,1,1,1,1,1,1,1,1,1,1,1,1,1,1,1,1,1,1,1,1,1,1,0,0],"gold":0,"neow_bonus":"","is_daily":false,"chose_seed":false,"campfire_upgraded":4,"win_rate":0.0,"timestamp":1612478979,"path_taken":["M","M","$","M","M","E","R","M","T","M","M","R","$","?","R","BOSS","M","M","M","M","$","R","?","R","T","?","E","?","E","M","R","BOSS","M","?","M","$","?","E","?","?","T","E","R","$","?","?","R","BOSS"],"items_purchased_type":["Relic","Relic","Card","Card","Card","Card","Relic","Card","Card","Relic","Relic","Card","Relic","Card"],"build_version":"2020-12-22","purchased_purges":1,"victory":false,"max_hp_per_floor":[68,68,68,68,68,68,68,68,68,68,68,68,68,68,68,68,68,70,70,70,70,70,70,1,1,1,1,1,1,1,1,1,1,1,1,1,1,1,1,1,1,1,1,1,1,1,1,1,1,1,1],"card_choices":[{"not_picked":["Conclude","Replay:Battleflow"],"picked":"ForeignInfluence","floor":1},{"not_picked":["Weave","InnerPeace"],"picked":"Protect","floor":2},{"not_picked":["WindmillStrike","PathToVictory"],"picked":"CarveReality","floor":4},{"not_picked":["JustLucky","Wireheading"],"picked":"CarveReality","floor":5},{"not_picked":["PathToVictory","Replay:AtTheReady"],"picked":"CarveReality","floor":6},{"not_picked":["Establishment","Meditate"],"picked":"FlurryOfBlows","floor":8},{"not_picked":["Swivel","JustLucky"],"picked":"Prostrate","floor":10},{"not_picked":["ThirdEye","Replay:Vibes"],"picked":"EmptyBody","floor":11},{"not_picked":["Replay:ManipulateFuture","Nirvana"],"picked":"Swivel","floor":14},{"not_picked":["LessonLearned","Replay:AllIn"],"picked":"Ragnarok","floor":16},{"not_picked":["Consecrate","EmptyBody"],"picked":"CutThroughFate","floor":18},{"not_picked":["CutThroughFate","Vengeance"],"picked":"Tantrum","floor":19},{"not_picked":["CrushJoints","PathToVictory"],"picked":"Adaptation","floor":20},{"not_picked":["PathToVictory","Protect"],"picked":"FlurryOfBlows+1","floor":21},{"not_picked":["Replay:DivineShield","BowlingBash"],"picked":"CutThroughFate","floor":28},{"not_picked":["Weave","CrushJoints"],"picked":"Worship+1","floor":29},{"not_picked":["FlyingSleeves","EmptyFist"],"picked":"Replay:Hum","floor":30},{"not_picked":["PathToVictory","Replay:Hum","JustLucky"],"picked":"SKIP","floor":31},{"not_picked":["Judgement","MasterReality"],"picked":"Scrawl","floor":33},{"not_picked":["Evaluate","Adaptation"],"picked":"Fasting2","floor":35},{"not_picked":["ForeignInfluence","CutThroughFate","EmptyBody"],"picked":"SKIP","floor":37},{"not_picked":["Replay:AtTheReady","Halt"],"picked":"Devotion","floor":39},{"not_picked":["EmptyBody","ClearTheMind"],"picked":"FlurryOfBlows","floor":40},{"not_picked":["JustLucky","Halt"],"picked":"Consecrate","floor":42},{"not_picked":["WindmillStrike+1","WreathOfFlame"],"picked":"Vault","floor":44}],"player_experience":693853,"relics_obtained":[{"floor":6,"key":"reliquary:Sideboard"},{"floor":9,"key":"Vajra"},{"floor":14,"key":"Odd Mushroom"},{"floor":26,"key":"MealTicket"},{"floor":28,"key":"MawBank"},{"floor":30,"key":"Simple Rune"},{"floor":40,"key":"Turnip"},{"floor":44,"key":"Strawberry"}],"event_choices":[{"damage_healed":0,"gold_gain":0,"player_choice":"Fought Mushrooms","damage_taken":0,"max_hp_gain":0,"max_hp_loss":0,"event_name":"Mushrooms","floor":14,"gold_loss":0},{"damage_healed":0,"gold_gain":0,"player_choice":"1 cards matched","damage_taken":0,"max_hp_gain":0,"max_hp_loss":0,"event_name":"Match and Keep!","floor":27,"gold_loss":0,"cards_obtained":["Blasphemy"]},{"damage_healed":0,"gold_gain":0,"player_choice":"Bought 1 Potion","damage_taken":0,"max_hp_gain":0,"max_hp_loss":0,"event_name":"The Woman in Blue","floor":36,"gold_loss":0},{"damage_healed":0,"gold_gain":0,"player_choice":"Full Heal","damage_taken":0,"max_hp_gain":0,"max_hp_loss":0,"event_name":"Wheel of Change","floor":41,"gold_loss":0},{"damage_healed":0,"gold_gain":0,"player_choice":"Paid","damage_taken":0,"relics_obtained":["Red Mask"],"max_hp_gain":0,"max_hp_loss":0,"event_name":"Tomb of Lord Red Mask","floor":47,"gold_loss":52}],"is_beta":false,"boss_relics":[{"not_picked":["Velvet Choker","Abe\u0027s Treasure"],"picked":"reliquary:RedCape"},{"not_picked":["VioletLotus","Philosopher\u0027s Stone"],"picked":"reliquary:WritOfMandamus"}],"items_purged_floors":[46],"is_endless":false,"potions_floor_spawned":[2,4,8,10,11,20,21,29,31,35,39,40],"killed_by":"hubris:GrandSnecko","ascension_level":16}}