{"host":"ya062ahhhuj9au1o","time":1612403631,"event":{"mods":["BaseMod","Better Third Choice","Downfall","Filter the Spire","Hermit","Minty Spire (QoL Compilation)","Random Character Button","Robot Space Explorer","Somnambulant","StSLib","The Bug Knight","The Cursed","The Marked","The Servant 0.9.4"],"gold_per_floor":[115,128,146,146,161,204,4,4,4,4,4,28,28,43,43,141,141,141,141],"floor_reached":18,"language":"ENG","playtime":3034,"items_purged":["HollowMod:FocusHealStart"],"score":275,"play_id":"67e157a1-e194-4edd-841a-c793ca3cd431","local_time":"20210203205351","is_ascension_mode":true,"campfire_choices":[{"data":"HollowMod:MantisMark","floor":10,"key":"SMITH"},{"data":"HollowMod:DashSlash","floor":13,"key":"SMITH"},{"data":"HollowMod:QuirrelsAssistance","floor":15,"key":"SMITH"}],"circlet_count":0,"master_deck":["AscendersBane","HollowMod:PogoStrike","HollowMod:ShadowDash","HollowMod:QuirrelsAssistance+1","HollowMod:CloakDash","HollowMod:ShadowDash","HollowMod:MantisMark+1","HollowMod:DashSlash+1","HollowMod:FastStrike","HollowMod:VoidDash","HollowMod:GreatSlash","HollowMod:GoodIntentions","HollowMod:InfectionAssault","HollowMod:RecoilStrike","HollowMod:HornetsHelp","HollowMod:ShadowDash","HollowMod:GrimmsGift","HollowMod:WraithStrike"],"relics":["Black Star","Golden Idol","Pocketwatch","Question Card","Eternal Feather","Pandora\u0027s Box"],"acts_visited":["Exordium","TheCity"],"potions_floor_usage":[5,5,6],"damage_taken":[{"damage":1,"enemies":"Cultist","floor":1,"turns":3},{"damage":10,"enemies":"Small Slimes","floor":2,"turns":5},{"damage":7,"enemies":"Jaw Worm","floor":3,"turns":4},{"damage":10,"enemies":"3 Louse","floor":5,"turns":3},{"damage":27,"enemies":"3 Sentries","floor":6,"turns":7},{"damage":7,"enemies":"Exordium Wildlife","floor":12,"turns":5},{"damage":0,"enemies":"Gremlin Gang","floor":14,"turns":5},{"damage":13,"enemies":"HollowMod:FalseKnight","floor":16,"turns":8},{"damage":8,"enemies":"HollowMod:HuskSentry","floor":18,"turns":2}],"seed_played":"-950959739866749547","potions_obtained":[{"floor":3,"key":"EntropicBrew"},{"floor":5,"key":"Ancient Potion"},{"floor":6,"key":"BlessingOfTheForge"},{"floor":14,"key":"Guardian:BlockOnCardUsePotion"}],"is_trial":false,"path_per_floor":["M","M","M","?","M","E","$","?","T","R","?","M","R","M","R","B",null,"M"],"character_chosen":"THE_BUGKNIGHT","items_purchased":["HollowMod:MantisMark","HollowMod:DashSlash"],"campfire_rested":0,"item_purchase_floors":[7,7],"current_hp_per_floor":[67,57,50,50,40,13,13,30,30,39,39,32,41,41,50,37,61,53,53],"gold":141,"neow_bonus":"BOSS_RELIC","is_daily":false,"chose_seed":false,"campfire_upgraded":3,"win_rate":0.0,"timestamp":1612403631,"path_taken":["M","M","?","?","M","E","$","?","T","R","?","M","R","M","R","BOSS","M"],"items_purchased_type":["Card","Card"],"build_version":"2020-12-22","purchased_purges":1,"victory":false,"max_hp_per_floor":[75,75,75,69,69,69,69,69,69,69,69,69,69,69,69,69,69,69,69],"card_choices":[{"not_picked":["HollowMod:LifebloodCocoon","HollowMod:NewLittleFool"],"picked":"HollowMod:ShadowDash","floor":1},{"not_picked":["HollowMod:SharpenedNail","HollowMod:SoulStrike","HollowMod:CornifersMapStart"],"picked":"SKIP","floor":2},{"not_picked":["HollowMod:GoodIntentions","HollowMod:LifebloodCocoon"],"picked":"HollowMod:QuirrelsAssistance","floor":3},{"not_picked":["HollowMod:NewInfectedGuardian","HollowMod:SiblingsSouls"],"picked":"HollowMod:CloakDash","floor":5},{"not_picked":["HollowMod:SoulSplash","HollowMod:SoulEater"],"picked":"HollowMod:ShadowDash","floor":6},{"not_picked":["HollowMod:Grubsong","HollowMod:SharpenedNail","HollowMod:ChannelNail","HollowMod:SoulSplash"],"picked":"SKIP","floor":12},{"not_picked":["HollowMod:DoubleDash","HollowMod:DungDefenderAura","HollowMod:VengefulSpirit"],"picked":"HollowMod:FastStrike","floor":14},{"not_picked":["HollowMod:RadiancesLament","HollowMod:PureVessel","HollowMod:PaleKingsBlessing"],"picked":"HollowMod:VoidDash","floor":16}],"player_experience":1821438,"relics_obtained":[{"floor":6,"key":"Pocketwatch"},{"floor":6,"key":"Question Card"},{"floor":9,"key":"Eternal Feather"}],"event_choices":[{"damage_healed":0,"gold_gain":0,"player_choice":"Lose Max HP","damage_taken":0,"relics_obtained":["Golden Idol"],"max_hp_gain":0,"max_hp_loss":6,"event_name":"Golden Idol","floor":4,"gold_loss":0}],"is_beta":false,"boss_relics":[{"not_picked":["Fusion Hammer","Busted Crown"],"picked":"Pandora\u0027s Box"}],"items_purged_floors":[7],"is_endless":false,"potions_floor_spawned":[3,5,6,14],"killed_by":"HollowMod:HuskSentry","ascension_level":14}}