{"host":"oopoa2qluour3scl","time":1612439327,"event":{"mods":["2.2 Compatiblity","AchievementEnabler","AlwaysNeverKeys","BaseMod","Better Match","Better Note","Better Sensory Stone","Better Third Choice","Better Vampires","BetterRewards","Colored Powertips","Communication Mod","Minty Spire (QoL Compilation)","Practice Mode","Random Character Button","Relic Stats","StSLib","SuperFastMode","Swap Starting Deck Mod"],"gold_per_floor":[115,131,131,151,151,151,195,209,209,209,224,263,263,338,338,461,461,479,479,479,502,517,557,557,578,626,626,626],"floor_reached":27,"language":"ENG","playtime":971,"items_purged":[],"score":268,"play_id":"3eb93e99-fc6c-4e3b-8b9b-d45dbec64c2d","local_time":"20210204124847","is_ascension_mode":false,"campfire_choices":[{"floor":6.0,"key":"REST"},{"data":"Loop","floor":10.0,"key":"SMITH"},{"data":"Defragment","floor":13.0,"key":"SMITH"},{"floor":15.0,"key":"REST"},{"data":"Creative AI","floor":24,"key":"SMITH"}],"circlet_count":0,"master_deck":["Defend_B","Defend_B","Defend_B","Defend_B","Zap+1","Dualcast","Melter+1","Glacier","Gash","Loop+1","Defragment+1","Scrape","Creative AI+1","Go for the Eyes+1","Bite+1","Bite","Bite","Bite","Bite","Panacea","Ball Lightning+1","Streamline+1","Barrage+1"],"relics":["Cracked Core","Cables","Golden Idol","Mummified Hand","Pantograph","Bronze Scales","Sozu","Toy Ornithopter","Whetstone"],"acts_visited":[],"potions_floor_usage":[],"damage_taken":[{"damage":5.0,"enemies":"Small Slimes","floor":1.0,"turns":3.0},{"damage":1.0,"enemies":"Jaw Worm","floor":2.0,"turns":3.0},{"damage":8.0,"enemies":"2 Louse","floor":4.0,"turns":2.0},{"damage":9.0,"enemies":"Gremlin Nob","floor":7.0,"turns":4.0},{"damage":0.0,"enemies":"Blue Slaver","floor":8.0,"turns":2.0},{"damage":8.0,"enemies":"Exordium Thugs","floor":11.0,"turns":4.0},{"damage":2.0,"enemies":"Lagavulin","floor":12.0,"turns":6.0},{"damage":5.0,"enemies":"The Guardian","floor":16.0,"turns":9.0},{"damage":18.0,"enemies":"3 Byrds","floor":18.0,"turns":4.0},{"damage":0,"enemies":"Shell Parasite","floor":21,"turns":4},{"damage":9,"enemies":"Cultist and Chosen","floor":22,"turns":6},{"damage":28,"enemies":"Book of Stabbing","floor":23,"turns":4},{"damage":16,"enemies":"3 Cultists","floor":25,"turns":4},{"damage":19,"enemies":"Gremlin Leader","floor":27,"turns":2}],"seed_played":"4126326056134162818","potions_obtained":[{"floor":1.0,"key":"Weak Potion"},{"floor":4.0,"key":"GamblersBrew"},{"floor":7.0,"key":"Dexterity Potion"}],"is_trial":false,"path_per_floor":["M","M","?","M","?","R","E","M","T","R","M","E","R","?","R","B",null,"M","?","?","M","M","E","R","M","T","E"],"character_chosen":"DEFECT","items_purchased":[],"campfire_rested":2,"item_purchase_floors":[],"current_hp_per_floor":[70,69,62,54,36,58,49,49,49,49,41,39,39,28,50,70,75,57,52,40,44,51,29,29,19,19,0,0],"gold":626,"neow_bonus":"UPGRADE_CARD","is_daily":false,"chose_seed":false,"campfire_upgraded":3,"win_rate":0.0,"timestamp":1612439327,"path_taken":["M","M","?","M","?","R","E","M","T","R","M","E","R","?","R","BOSS","M","?","?","M","M","E","R","M","T","E"],"items_purchased_type":[],"build_version":"2020-12-22","purchased_purges":0,"victory":false,"max_hp_per_floor":[75,75,75,75,75,75,75,75,75,75,75,75,75,75,75,75,75,75,52,52,52,52,52,52,52,52,52,52],"relic_stats":{"Sozu":3,"counters":[5,20],"Golden Idol":20,"Mummified Hand":[19],"Pantograph":0,"Bronze Scales":[70],"Whetstone":["Melter","Bite"],"obtain_stats":[{"Sozu":0,"Golden Idol":0,"Mummified Hand":0,"Pantograph":0,"Bronze Scales":0,"Whetstone":26,"Cracked Core":0,"Toy Ornithopter":23,"Cables":0},{"Sozu":0,"Golden Idol":0,"Mummified Hand":0,"Pantograph":0,"Bronze Scales":0,"Whetstone":4,"Cracked Core":0,"Toy Ornithopter":3,"Cables":0},{"Sozu":0,"Golden Idol":0,"Mummified Hand":0,"Pantograph":0,"Bronze Scales":0,"Whetstone":18,"Cracked Core":0,"Toy Ornithopter":14,"Cables":0}],"Toy Ornithopter":0,"Cables":[18,15,3,0,0]},"card_choices":[{"not_picked":["Lockon","Go for the Eyes"],"picked":"Melter","floor":1.0},{"not_picked":["Ball Lightning","Lockon"],"picked":"Glacier","floor":2.0},{"not_picked":["Go for the Eyes","Rebound","Glacier"],"picked":"SKIP","floor":4.0},{"not_picked":["Beam Cell","Leap"],"picked":"Gash","floor":7.0},{"not_picked":["Redo","Chaos"],"picked":"Loop","floor":8.0},{"not_picked":["Sweeping Beam","Go for the Eyes"],"picked":"Defragment","floor":11.0},{"not_picked":["Turbo","Double Energy"],"picked":"Scrape","floor":12.0},{"not_picked":["Buffer","Meteor Strike"],"picked":"Creative AI","floor":16.0},{"not_picked":["FTL","Streamline"],"picked":"Go for the Eyes+1","floor":18.0},{"not_picked":["Sunder","Go for the Eyes"],"picked":"Ball Lightning+1","floor":21},{"not_picked":["Cold Snap","Aggregate"],"picked":"Streamline+1","floor":22},{"not_picked":["Capacitor","Steam"],"picked":"Barrage+1","floor":23},{"not_picked":["Darkness","Stack","Go for the Eyes"],"picked":"SKIP","floor":25}],"player_experience":444939,"relics_obtained":[{"floor":7.0,"key":"Mummified Hand"},{"floor":9.0,"key":"Pantograph"},{"floor":12.0,"key":"Bronze Scales"},{"floor":23,"key":"Toy Ornithopter"},{"floor":26,"key":"Whetstone"}],"event_choices":[{"damage_healed":0.0,"max_hp_gain":0.0,"max_hp_loss":0.0,"gold_gain":0.0,"event_name":"Scrap Ooze","player_choice":"Success","floor":3.0,"gold_loss":0.0,"damage_taken":7.0,"relics_obtained":["Cables"]},{"damage_healed":0.0,"max_hp_gain":0.0,"max_hp_loss":0.0,"gold_gain":0.0,"event_name":"Golden Idol","player_choice":"Take Damage","floor":5.0,"gold_loss":0.0,"damage_taken":18.0,"relics_obtained":["Golden Idol"]},{"damage_healed":0.0,"max_hp_gain":0.0,"max_hp_loss":0.0,"gold_gain":75.0,"event_name":"World of Goop","player_choice":"Gather Gold","floor":14.0,"gold_loss":0.0,"damage_taken":11.0},{"damage_healed":0.0,"max_hp_gain":0.0,"max_hp_loss":23.0,"gold_gain":0.0,"event_name":"Vampires","player_choice":"Became a vampire","floor":19.0,"gold_loss":0.0,"damage_taken":0.0,"cards_obtained":["Bite","Bite","Bite","Bite","Bite"]},{"damage_healed":0,"gold_gain":0,"player_choice":"CARD ","damage_taken":12,"max_hp_gain":0,"max_hp_loss":0,"event_name":"Knowing Skull","floor":20,"potions_obtained":[],"gold_loss":0,"cards_obtained":["Panacea"]}],"is_beta":false,"boss_relics":[{"not_picked":["Runic Dome","Velvet Choker"],"picked":"Sozu"}],"items_purged_floors":[],"is_endless":false,"potions_floor_spawned":[1,4,7,8,18,21,22,25],"killed_by":"Gremlin Leader","ascension_level":0}}