{"host":"qfukm2ph4038hnof","time":1612454819,"event":{"mods":["AchievementEnabler","Act Like it!","Aspiration","Bard","BaseMod","Challenge The Spire","Colored Map","Colored Powertips","Dota2Spire","Downfall","Friendly Minions","Gensokyo","GifTheSpireLib","Gremlin Mod","Hallownest","Hermit","Highlight Path","Hubris","Infinite Spire","Ironclad Rager","KinomotoSakuraMod(ƒæ÷Æ±æ”£)","Koishi","Lobotomy","LobotomyExtend","Marisa£®ÏF”Í°°ƒß¿Ì…≥£©","Mimic Mod","Minty Spire (QoL Compilation)","No Card Rewards","Prisma Mod","Quick Restart","Rare Cards Sparkle","Relic Stats","Remilia£®¿Ÿ√◊¿Ú—«£©","Replay The Spire","Spicy Shops","StSLib","The Administrix","The Animator","The Blackbeard","The Bladedancer","The Bug Knight","The Cursed","The Disciple","The Gatherer","The Hierophant","The IronCluck","The Mystic","The Poker Player","The Runesmith","The Senshi","The Servant 0.9.4","Voiceroid Mod","Yakumo Yukari mod","Youmu£®ªÍ∆«—˝√Œ£©","Yuyuko","°æπ¶ƒ‹Mod°øªÏ„Á÷Æª∑–ﬁ∏¥≤π∂°"],"gold_per_floor":[110,76,93,93,103,103,130,130,130,145,145,164,178,5,5,17,50,75,75,88,118,64,84,84,186,186,186,186],"floor_reached":18,"language":"ZHS","playtime":1681,"items_purged":[],"score":328,"play_id":"185c3590-3747-40ea-b179-b8d17c2e5a17","local_time":"20210205000659","is_ascension_mode":true,"campfire_choices":[{"data":"ClowCardTheArrow","floor":6,"key":"SMITH"},{"data":"ClowCardTheShot","floor":8,"key":"SMITH"},{"data":"ClowCardTheFirey","floor":6,"key":"SMITH"},{"floor":15,"key":"REST"}],"circlet_count":0,"master_deck":["SakuraCardTheArrow+","ClowCardTheSword","ClowCardTheSword","ClowCardTheSword","ClowCardTheSword","ClowCardTheShield","ClowCardTheShield","ClowCardTheShield","ClowCardTheShield","SpellCardSeal","SpellCardRelease","ClowCardTheArrow+1","ClowCardTheSleep+1","ClowCardTheShot+1","ClowCardTheFlower","ClowCardTheLibra","ClowCardTheLock","ClowCardTheShot","ClowCardTheFirey+1","ClowCardThePower","ClowCardTheMove","ClowCardTheGlow+1","ClowCardTheMist+1","ClowCardTheDash+1","ClowCardTheIllusion+1","ClowCardTheWindy+1","ClowCardTheDash+1"],"relics":["KSMOD_SealedBook","KSMOD_SealedWand","aspiration:Nostalgia","Chronometer","Snack Pack","Letter Opener","Gaze_r","LetterFromLob","Ring of Fangs","Ring of Misfortune","DollysMirror","Toxic Egg 2","Dota2Spire:MaskOfMadness","KSMOD_DarknessWand"],"acts_visited":["Gensokyo:Gensokyo","TheBeyond"],"potions_floor_usage":[11,16,16],"damage_taken":[{"damage":11,"enemies":"Gensokyo:Gryphon","floor":1,"turns":4},{"damage":11,"enemies":"Gensokyo:Python","floor":3,"turns":3},{"damage":6,"enemies":"Gensokyo:2_Kodama","floor":5,"turns":3},{"damage":9,"enemies":"Gensokyo:Aya","floor":7,"turns":3},{"damage":27,"enemies":"Gensokyo:Kitsune","floor":10,"turns":2},{"damage":0,"enemies":"2 Louse","floor":1,"turns":3},{"damage":6,"enemies":"Cultist","floor":3,"turns":3},{"damage":0,"enemies":"Small Slimes","floor":4,"turns":3},{"damage":4,"enemies":"Exordium Wildlife","floor":7,"turns":2},{"damage":19,"enemies":"3 Sentries","floor":8,"turns":4},{"damage":10,"enemies":"Looter","floor":11,"turns":2},{"damage":0,"enemies":"Lagavulin","floor":12,"turns":4},{"damage":12,"enemies":"2 Fungi Beasts","floor":14,"turns":2},{"damage":23,"enemies":"The Guardian","floor":16,"turns":8},{"damage":107,"enemies":"3 Darklings","floor":18,"turns":2}],"seed_played":"4863743957150279163","potions_obtained":[{"floor":1,"key":"SpeedPotion"},{"floor":7,"key":"LiquidBronze"},{"floor":8,"key":"SteroidPotion"}],"is_trial":false,"path_per_floor":["M","COS","M","?","M","R","E","R","T","M","M","?","M","M","$","R","M","E","T","?","M","E","$","M","R","B",null,"M"],"character_chosen":"KINOMOTOSAKURA","items_purchased":["ClowCardThePower","DollysMirror","ClowCardTheIllusion+1"],"campfire_rested":1,"item_purchase_floors":[5,5,13],"current_hp_per_floor":[59,59,48,55,49,49,40,40,40,70,70,64,64,64,64,62,47,47,47,39,41,41,29,50,33,70,0,0],"gold":186,"neow_bonus":"NOSTALGIA","is_daily":false,"chose_seed":false,"campfire_upgraded":3,"win_rate":0.0,"timestamp":1612454819,"path_taken":["M","COS","M","?","M","R","E","R","T","M","M","?","M","M","$","R","M","E","T","?","M","E","$","M","R","BOSS","M"],"items_purchased_type":["Card","Relic","Card"],"build_version":"2020-12-22","purchased_purges":0,"victory":false,"max_hp_per_floor":[70,70,70,70,70,70,70,70,70,70,70,70,70,70,70,70,70,70,70,70,70,70,70,70,70,70,70,70],"relic_stats":{"counters":[15,48],"Letter Opener":[72],"obtain_stats":[{"Dota2Spire:MaskOfMadness":12,"KSMOD_SealedBook":0,"aspiration:Nostalgia":0,"Letter Opener":9,"Gaze_r":10,"Ring of Fangs":2,"KSMOD_DarknessWand":17,"Chronometer":0,"DollysMirror":5,"Ring of Misfortune":2,"KSMOD_SealedWand":0,"LetterFromLob":1,"Snack Pack":7,"Toxic Egg 2":8},{"Dota2Spire:MaskOfMadness":12,"KSMOD_SealedBook":0,"aspiration:Nostalgia":0,"Letter Opener":4,"Gaze_r":5,"Ring of Fangs":6,"KSMOD_DarknessWand":14,"Chronometer":0,"DollysMirror":8,"Ring of Misfortune":6,"KSMOD_SealedWand":0,"LetterFromLob":1,"Snack Pack":4,"Toxic Egg 2":10},{"Dota2Spire:MaskOfMadness":36,"KSMOD_SealedBook":0,"aspiration:Nostalgia":0,"Letter Opener":13,"Gaze_r":15,"Ring of Fangs":18,"KSMOD_DarknessWand":46,"Chronometer":0,"DollysMirror":24,"Ring of Misfortune":18,"KSMOD_SealedWand":0,"LetterFromLob":4,"Snack Pack":13,"Toxic Egg 2":30}]},"card_choices":[{"not_picked":["ClowCardTheShot","ClowCardTheJump"],"picked":"ClowCardTheArrow","floor":1},{"not_picked":["ClowCardTheStorm+1","ClowCardTheLittle+1"],"picked":"ClowCardTheSleep+1","floor":3},{"not_picked":["ClowCardTheMirror","ClowCardTheMove"],"picked":"ClowCardTheShot","floor":3},{"not_picked":["ClowCardTheBubbles","ClowCardTheSnow"],"picked":"ClowCardTheFlower","floor":5},{"not_picked":["ClowCardTheVoice","ClowCardTheMove"],"picked":"ClowCardTheLibra","floor":7},{"not_picked":["ClowCardTheDream","ClowCardTheCloud"],"picked":"ClowCardTheLock","floor":1},{"not_picked":["ClowCardTheThrough","ClowCardTheFlower"],"picked":"ClowCardTheShot","floor":3},{"not_picked":["ClowCardTheWave","ClowCardTheVoice"],"picked":"ClowCardTheFirey","floor":4},{"not_picked":["ClowCardTheWave","ClowCardTheSnow"],"picked":"ClowCardTheMove","floor":7},{"not_picked":["ClowCardTheLibra+1","ClowCardTheMirror+1"],"picked":"ClowCardTheGlow+1","floor":8},{"not_picked":["ClowCardTheRain+1","ClowCardTheSilent+1"],"picked":"ClowCardTheMist+1","floor":11},{"not_picked":["ClowCardTheRain+1","ClowCardTheMaze+1"],"picked":"ClowCardTheDash+1","floor":12},{"not_picked":["ClowCardTheMaze+1","ClowCardTheSand"],"picked":"ClowCardTheWindy+1","floor":14},{"not_picked":["ClowCardTheLight","ClowCardTheReturn"],"picked":"ClowCardTheDash+1","floor":16}],"player_experience":12740,"relics_obtained":[{"floor":1,"key":"LetterFromLob"},{"floor":7,"key":"Snack Pack"},{"floor":9,"key":"Letter Opener"},{"floor":1,"key":"LetterFromLob"},{"floor":2,"key":"Ring of Fangs"},{"floor":2,"key":"Ring of Misfortune"},{"floor":8,"key":"Toxic Egg 2"},{"floor":12,"key":"Dota2Spire:MaskOfMadness"}],"event_choices":[{"cards_removed":["Spreading Infection"],"damage_healed":0,"gold_gain":0,"player_choice":"Purged","damage_taken":0,"max_hp_gain":0,"max_hp_loss":0,"event_name":"Purifier","floor":10,"gold_loss":0}],"is_beta":false,"boss_relics":[{"not_picked":["aspiration:PoetsPen_weak","Runic Dome"],"picked":"KSMOD_DarknessWand"}],"items_purged_floors":[],"is_endless":false,"potions_floor_spawned":[1,10,7,8],"killed_by":"3 Darklings","ascension_level":1}}