{"host":"bf5upntvbdompq33","time":1612463504,"event":{"mods":["BaseMod","Colored Map","Colored Powertips","Curses Come First","Minty Spire (QoL Compilation)","Replay The Spire","StSLib","The Animator","The Disciple","The Dragon Tamer","The Hierophant","The Marked","The Mystic","The Necromancer","The Servant 0.9.4"],"gold_per_floor":[109,109,57,71,89,132,157,157,157,82,82,82],"floor_reached":11,"language":"ENG","playtime":753,"items_purged":["Strike_G"],"score":99,"play_id":"9266a9ef-4740-47f9-b481-77f26a721d86","local_time":"20210204113144","is_ascension_mode":true,"campfire_choices":[{"floor":8,"key":"REST"}],"circlet_count":0,"master_deck":["Strike_G","Strike_G","Strike_G","Strike_G","Defend_G","Defend_G","Defend_G","Defend_G","Defend_G","Survivor","Neutralize","All Out Attack","Noxious Fumes+1","Outmaneuver","Draining Mist","Leg Sweep"],"relics":["Ring of the Snake","NeowsBlessing","Golden Idol","Quantum Egg","Golden Egg"],"acts_visited":["Exordium"],"potions_floor_usage":[6,11],"damage_taken":[{"damage":0,"enemies":"Jaw Worm","floor":1,"turns":1},{"damage":0,"enemies":"Cultist","floor":4,"turns":1},{"damage":0,"enemies":"Small Slimes","floor":5,"turns":1},{"damage":49,"enemies":"3 Sentries","floor":6,"turns":7},{"damage":8,"enemies":"Looter","floor":7,"turns":4},{"damage":32,"enemies":"Gremlin Nob","floor":11,"turns":5}],"seed_played":"-2809939555708581306","potions_obtained":[{"floor":1,"key":"Swift Potion"},{"floor":4,"key":"Venom Potion"}],"is_trial":false,"path_per_floor":["M","?","$","M","M","E","M","R","T","$","E"],"character_chosen":"THE_SILENT","items_purchased":["Noxious Fumes+1"],"campfire_rested":1,"item_purchase_floors":[3],"current_hp_per_floor":[63,63,63,63,63,14,6,25,25,25,0,0],"gold":82,"neow_bonus":"THREE_ENEMY_KILL","is_daily":false,"chose_seed":false,"campfire_upgraded":0,"win_rate":0.0,"timestamp":1612463504,"path_taken":["M","?","?","M","?","E","M","R","T","$","E"],"items_purchased_type":["Card"],"build_version":"2020-12-22","purchased_purges":1,"victory":false,"max_hp_per_floor":[70,65,65,65,65,65,65,65,65,65,65,65],"card_choices":[{"not_picked":["Hidden Blade","Dodge and Roll"],"picked":"All Out Attack","floor":1},{"not_picked":["PiercingWail","Cloak And Dagger"],"picked":"Outmaneuver","floor":4},{"not_picked":["Slice","Riddle With Holes"],"picked":"Draining Mist","floor":5},{"not_picked":["Dagger Throw","Expertise"],"picked":"Leg Sweep","floor":6},{"not_picked":["ReplayTheSpireMod:Scrap Shanks","Hidden Blade","Prepared"],"picked":"SKIP","floor":7}],"player_experience":1394031,"relics_obtained":[{"floor":6,"key":"Quantum Egg"},{"floor":9,"key":"Golden Egg"}],"event_choices":[{"damage_healed":0,"gold_gain":0,"player_choice":"Lose Max HP","damage_taken":0,"relics_obtained":["Golden Idol"],"max_hp_gain":0,"max_hp_loss":5,"event_name":"Golden Idol","floor":2,"gold_loss":0}],"is_beta":false,"boss_relics":[],"items_purged_floors":[10],"is_endless":false,"potions_floor_spawned":[1,4],"killed_by":"Gremlin Nob","ascension_level":7}}