{"host":"2ccem01eblg14btk","time":1612469244,"event":{"mods":["BaseMod","Colored Map","Minty Spire (QoL Compilation)","Quick Restart","Replay The Spire","StSLib"],"gold_per_floor":[111,122,137,150,100,100,135,135,204,222,222,240,415,38,38,115,115,126,126,157,157,194,194,210,210,210,262,286,286,286,41,41,41,41],"floor_reached":33,"language":"ENG","playtime":1025,"items_purged":["Doubt","Defend_R"],"score":451,"play_id":"8595ceca-2e94-403c-9753-1fda9a274bc5","local_time":"20210204210724","is_ascension_mode":true,"campfire_choices":[{"data":"Cleave","floor":6.0,"key":"SMITH"},{"data":"Bash","floor":8.0,"key":"SMITH"},{"data":"Metallicize","floor":15.0,"key":"SMITH"},{"data":"Double Tap","floor":23,"key":"SMITH"},{"data":"HandOfGreed","floor":25,"key":"SMITH"},{"data":"Beam Cell","floor":30,"key":"SMITH"},{"data":"BattleHymn","floor":32,"key":"SMITH"}],"circlet_count":0,"master_deck":["AscendersBane","Strike_R","Strike_R","Strike_R","Strike_R","Defend_R","Defend_R","Defend_R","Bash+1","Strike_B","Clash","Clash","Heavy Blade","Cleave+1","Shrug It Off","Metallicize+1","HandOfGreed+1","Madness","Double Tap+1","Tantrum","Flame Barrier","BattleHymn+1","Halt","Beam Cell+1","Pot Of Greed","Pot Of Greed","Pot Of Greed","Bash"],"relics":["Burning Blood","Magic Flower","Ice Cream","Pantograph","PrismaticShard","Bag of Marbles","Velvet Choker","ReplayTheSpireMod:Ninjato","ReplayTheSpireMod:Lightbulb","Grinning Jar","Medical Kit"],"acts_visited":["Exordium","TheCity"],"potions_floor_usage":[],"damage_taken":[{"damage":5.0,"enemies":"Cultist","floor":1.0,"turns":4.0},{"damage":5.0,"enemies":"Small Slimes","floor":2.0,"turns":4.0},{"damage":0.0,"enemies":"2 Louse","floor":3.0,"turns":1.0},{"damage":5.0,"enemies":"Lots of Slimes","floor":4.0,"turns":4.0},{"damage":13.0,"enemies":"Gremlin Nob","floor":7.0,"turns":3.0},{"damage":0.0,"enemies":"2 Fungi Beasts","floor":10.0,"turns":2.0},{"damage":7.0,"enemies":"Exordium Wildlife","floor":12.0,"turns":2.0},{"damage":54.0,"enemies":"Fading Forest","floor":16.0,"turns":11.0},{"damage":12.0,"enemies":"Spheric Guardian","floor":18.0,"turns":4.0},{"damage":4.0,"enemies":"Chosen","floor":20.0,"turns":3.0},{"damage":14,"enemies":"Snake Plant","floor":22,"turns":4},{"damage":20,"enemies":"Snecko","floor":24,"turns":4},{"damage":22,"enemies":"Slavers","floor":27,"turns":5},{"damage":0,"enemies":"Collector","floor":33,"turns":2}],"seed_played":"-2934008191691734991","potions_obtained":[{"floor":1.0,"key":"DistilledChaos"},{"floor":3.0,"key":"AttackPotion"},{"floor":11.0,"key":"DistilledChaos"},{"floor":12.0,"key":"Regen Potion"},{"floor":16.0,"key":"DuplicationPotion"}],"is_trial":false,"path_per_floor":["M","M","M","M","?","R","E","R","T","M","?","M","?","$","R","B",null,"M","?","M","?","M","R","M","R","T","E","T","?","R","$","R","B"],"character_chosen":"IRONCLAD","items_purchased":["PrismaticShard","Bag of Marbles","Medical Kit"],"campfire_rested":0,"item_purchase_floors":[14,14,31],"current_hp_per_floor":[72,75,75,75,75,75,71,71,71,75,75,75,75,75,75,30,64,61,61,66,66,61,61,50,50,50,37,37,37,37,37,37,75,75],"gold":41,"neow_bonus":"ONE_RARE_RELIC","is_daily":false,"chose_seed":false,"campfire_upgraded":7,"win_rate":0.0,"timestamp":1612469244,"path_taken":["M","M","?","M","?","R","E","R","T","M","?","?","?","?","R","BOSS","M","?","?","?","?","R","M","R","T","E","?","?","R","$","R","BOSS"],"items_purchased_type":["Relic","Relic","Relic"],"build_version":"2020-12-22","purchased_purges":2,"victory":false,"max_hp_per_floor":[75,75,75,75,75,75,75,75,75,75,75,75,75,75,75,75,75,75,75,75,75,75,75,75,75,75,75,75,75,75,75,75,75,75],"card_choices":[{"not_picked":["Burning Pact","Clothesline"],"picked":"Clash","floor":1.0},{"not_picked":["Carnage","ReplayTheSpireMod:Strike From Hell"],"picked":"Clash","floor":2.0},{"not_picked":["Dropkick","Massacre"],"picked":"Heavy Blade","floor":3.0},{"not_picked":["ReplayTheSpireMod:Corrosion Curse","Blood for Blood"],"picked":"Cleave","floor":4.0},{"not_picked":["Run Through","Warcry"],"picked":"Shrug It Off","floor":7.0},{"not_picked":["Thunderclap","ReplayTheSpireMod:Strike From Hell","Twin Strike"],"picked":"SKIP","floor":10.0},{"not_picked":["Iron Wave","Intimidate"],"picked":"Metallicize","floor":12.0},{"not_picked":["Venomology","Secret Weapon"],"picked":"HandOfGreed","floor":16.0},{"not_picked":["SashWhip","Flex"],"picked":"Madness","floor":18.0},{"not_picked":["Crescendo","Anger"],"picked":"Tantrum","floor":20},{"not_picked":["ReplayTheSpireMod:Tripwire","Backflip"],"picked":"BattleHymn","floor":22},{"not_picked":["BowlingBash","Shrug It Off"],"picked":"Halt","floor":24},{"not_picked":["Tempest","Protect"],"picked":"Beam Cell","floor":27}],"player_experience":131030,"relics_obtained":[{"floor":7.0,"key":"Ice Cream"},{"floor":9.0,"key":"Pantograph"},{"floor":26,"key":"ReplayTheSpireMod:Ninjato"},{"floor":27,"key":"ReplayTheSpireMod:Lightbulb"},{"floor":28,"key":"Grinning Jar"}],"event_choices":[{"cards_removed":["Defend_R"],"damage_healed":0.0,"max_hp_gain":0.0,"max_hp_loss":0.0,"gold_gain":0.0,"event_name":"The Cleric","player_choice":"Card Removal","floor":5.0,"gold_loss":50.0,"damage_taken":0.0},{"damage_healed":0.0,"max_hp_gain":0.0,"max_hp_loss":0.0,"gold_gain":0.0,"event_name":"Lab","player_choice":"Got Potions","floor":11.0,"gold_loss":0.0,"damage_taken":0.0},{"damage_healed":0.0,"max_hp_gain":0.0,"max_hp_loss":0.0,"gold_gain":175.0,"event_name":"Liars Game","player_choice":"AGREE","floor":13.0,"gold_loss":0.0,"damage_taken":0.0,"cards_obtained":["Doubt"]},{"damage_healed":0.0,"max_hp_gain":0.0,"max_hp_loss":0.0,"gold_gain":0.0,"event_name":"Match and Keep!","player_choice":"1 cards matched","floor":19.0,"gold_loss":0.0,"damage_taken":0.0,"cards_obtained":["Double Tap"]},{"damage_healed":0,"gold_gain":0,"cards_transformed":["Strike_R"],"player_choice":"Transformed","damage_taken":0,"max_hp_gain":0,"max_hp_loss":0,"event_name":"Transmorgrifier","floor":21,"gold_loss":0,"cards_obtained":["Flame Barrier"]},{"damage_healed":0,"gold_gain":0,"player_choice":"1 cards matched","damage_taken":0,"max_hp_gain":0,"max_hp_loss":0,"event_name":"Match and Keep!","floor":29,"gold_loss":0,"cards_obtained":["Bash"]}],"is_beta":false,"boss_relics":[{"not_picked":["SacredBark","Astrolabe"],"picked":"Velvet Choker"}],"items_purged_floors":[14,31],"is_endless":false,"potions_floor_spawned":[1,3,12,16,22,27],"killed_by":"Collector","ascension_level":14}}