{"host":"7rmsgc3rayi00cdt","time":1612442531,"event":{"mods":["BaseMod","Minty Spire (QoL Compilation)"],"gold_per_floor":[116,116,129,94,104,104,121,121,144,219,219,236,236,5,5,5,5],"floor_reached":16,"language":"ENG","playtime":325,"items_purged":[],"score":176,"play_id":"8d486c11-d2c5-42ef-8844-2666b5fc3c3a","local_time":"20210204124211","is_ascension_mode":true,"campfire_choices":[{"data":"Fission","floor":6,"key":"SMITH"},{"data":"Zap","floor":8,"key":"SMITH"},{"floor":13,"key":"REST"},{"data":"Go for the Eyes","floor":15,"key":"SMITH"}],"circlet_count":0,"master_deck":["AscendersBane","Strike_B","Strike_B","Strike_B","Defend_B","Defend_B","Defend_B","Defend_B","Zap+1","Dualcast","Redo+1","Gash","Fission+1","Gash","Leap","Panache","Go for the Eyes+1"],"relics":["Cracked Core","Omamori"],"acts_visited":["Exordium"],"potions_floor_usage":[12,16],"damage_taken":[{"damage":5,"enemies":"2 Louse","floor":1,"turns":2},{"damage":7,"enemies":"Jaw Worm","floor":3,"turns":3},{"damage":3,"enemies":"Small Slimes","floor":5,"turns":3},{"damage":6,"enemies":"2 Fungi Beasts","floor":7,"turns":3},{"damage":11,"enemies":"3 Louse","floor":12,"turns":3},{"damage":73,"enemies":"Slime Boss","floor":16,"turns":8}],"seed_played":"2607132542111544126","potions_obtained":[{"floor":7,"key":"BlessingOfTheForge"},{"floor":12,"key":"DuplicationPotion"}],"is_trial":false,"path_per_floor":["M","?","M","?","M","R","M","R","T","?","?","M","R","$","R","B"],"character_chosen":"DEFECT","items_purchased":["Panache","Go for the Eyes"],"campfire_rested":1,"item_purchase_floors":[14,14],"current_hp_per_floor":[66,66,59,78,75,75,69,69,69,58,51,40,63,63,63,0,0],"gold":5,"neow_bonus":"TEN_PERCENT_HP_BONUS","is_daily":false,"chose_seed":false,"campfire_upgraded":3,"win_rate":0.0,"timestamp":1612442531,"path_taken":["M","?","M","?","M","R","M","R","T","?","?","M","R","$","R","BOSS"],"items_purchased_type":["Card","Card"],"build_version":"2020-12-22","purchased_purges":0,"victory":false,"max_hp_per_floor":[78,78,78,78,78,78,78,78,78,78,78,78,78,78,78,78,78],"card_choices":[{"not_picked":["Compile Driver","Reprogram"],"picked":"Redo","floor":1},{"not_picked":["Hello World","Streamline"],"picked":"Gash","floor":3},{"not_picked":["Sweeping Beam","Hello World"],"picked":"Fission","floor":5},{"not_picked":["Conserve Battery","Coolheaded"],"picked":"Gash","floor":7},{"not_picked":["Beam Cell","Streamline"],"picked":"Leap","floor":12}],"player_experience":793704,"relics_obtained":[{"floor":9,"key":"Omamori"}],"event_choices":[{"damage_healed":0,"gold_gain":0,"player_choice":"Grow","damage_taken":0,"max_hp_gain":0,"max_hp_loss":0,"event_name":"Living Wall","floor":2,"gold_loss":0,"cards_upgraded":["Redo"]},{"damage_healed":19,"gold_gain":0,"player_choice":"Healed","damage_taken":0,"max_hp_gain":0,"max_hp_loss":0,"event_name":"The Cleric","floor":4,"gold_loss":35},{"damage_healed":0,"gold_gain":75,"player_choice":"Gather Gold","damage_taken":11,"max_hp_gain":0,"max_hp_loss":0,"event_name":"World of Goop","floor":10,"gold_loss":0},{"cards_removed":["Strike_B"],"damage_healed":0,"gold_gain":0,"player_choice":"Card Removal","damage_taken":7,"max_hp_gain":0,"max_hp_loss":0,"event_name":"Golden Wing","floor":11,"gold_loss":0}],"is_beta":false,"boss_relics":[],"items_purged_floors":[],"is_endless":false,"potions_floor_spawned":[7,12],"killed_by":"Slime Boss","ascension_level":19}}