{"host":"ftbkoc3ruyyiy16n","time":1612400263,"event":{"mods":["AchievementEnabler","BaseMod","Colored Map","Colored Powertips","Downfall","Filter the Spire","Highlight Path","Minty Spire (QoL Compilation)","Permanent Neow","Quick Restart","Rare Cards Sparkle","Relic Stats","StSLib"],"gold_per_floor":[119,130,130,147,97,97,127,139,139,168,21,31,46,76,76,175,175,189,179,278,204,221,250,261,261,261],"floor_reached":25,"language":"ENG","playtime":2084,"items_purged":[],"score":257,"play_id":"9b1b6a31-55c9-4261-ada2-a5921b15e135","local_time":"20210204015743","is_ascension_mode":true,"campfire_choices":[{"data":"Pommel Strike","floor":6,"key":"SMITH"},{"data":"Limit Break","floor":15,"key":"SMITH"}],"circlet_count":0,"master_deck":["Strike_R","Strike_R","Strike_R","Strike_R","Strike_R","Defend_R","Defend_R","Defend_R","Defend_R","Bash","Cleave","Pommel Strike+1","Clothesline","Limit Break+1","Thunderclap","Limit Break","Shrug It Off","Headbutt","Thunderclap","Impervious","CurseOfTheBell","Heavy Blade","Heavy Blade+1","Seeing Red+1","Iron Wave","Warcry+1","Pommel Strike"],"relics":["Burning Blood","Ancient Tea Set","Mercury Hourglass","FossilizedHelix","Kunai","Mummified Hand","DollysMirror","Anchor","Calling Bell","Bag of Marbles","Toxic Egg 2","CaptainsWheel","Centennial Puzzle"],"acts_visited":["Exordium","TheCity"],"potions_floor_usage":[13,14,16,16,16,23,24],"damage_taken":[{"damage":0,"enemies":"Small Slimes","floor":1,"turns":3},{"damage":5,"enemies":"Jaw Worm","floor":2,"turns":4},{"damage":4,"enemies":"2 Louse","floor":4,"turns":2},{"damage":18,"enemies":"3 Sentries","floor":7,"turns":5},{"damage":4,"enemies":"Blue Slaver","floor":8,"turns":3},{"damage":4,"enemies":"Gremlin Nob","floor":10,"turns":4},{"damage":1,"enemies":"Red Slaver","floor":12,"turns":4},{"damage":17,"enemies":"Exordium Thugs","floor":13,"turns":4},{"damage":18,"enemies":"3 Sentries","floor":14,"turns":4},{"damage":48,"enemies":"Hexaghost","floor":16,"turns":10},{"damage":0,"enemies":"3 Byrds","floor":18,"turns":3},{"damage":2,"enemies":"2 Thieves","floor":19,"turns":4},{"damage":14,"enemies":"Shelled Parasite and Fungi","floor":22,"turns":10},{"damage":26,"enemies":"Book of Stabbing","floor":23,"turns":7},{"damage":2,"enemies":"Centurion and Healer","floor":24,"turns":6},{"damage":85,"enemies":"Gremlin Leader","floor":25,"turns":6}],"seed_played":"-1828066263666365401","potions_obtained":[{"floor":4,"key":"Weak Potion"},{"floor":8,"key":"BlessingOfTheForge"},{"floor":12,"key":"DuplicationPotion"},{"floor":14,"key":"Fire Potion"},{"floor":16,"key":"Fruit Juice"},{"floor":18,"key":"BloodPotion"},{"floor":23,"key":"SkillPotion"}],"is_trial":false,"path_per_floor":["M","M","?","M","?","R","E","M","T","E","$","M","M","E","R","B",null,"M","M","?","$","M","E","M","E"],"character_chosen":"IRONCLAD","items_purchased":["DollysMirror","Seeing Red+1"],"campfire_rested":0,"item_purchase_floors":[11,21],"current_hp_per_floor":[80,80,80,80,80,80,68,70,70,72,72,77,66,54,54,17,85,85,85,85,85,77,74,78,0,0],"gold":261,"neow_bonus":"RANDOM_COMMON_RELIC","is_daily":false,"chose_seed":false,"campfire_upgraded":2,"win_rate":0.0,"timestamp":1612400263,"path_taken":["M","M","?","M","?","R","E","M","T","E","?","M","M","E","R","BOSS","M","M","?","$","M","E","M","E"],"items_purchased_type":["Relic","Card"],"build_version":"2020-12-22","purchased_purges":0,"victory":false,"max_hp_per_floor":[80,80,80,80,80,80,80,80,80,80,80,80,80,80,80,85,85,85,85,85,85,85,85,85,85,85],"relic_stats":{"Centennial Puzzle":[6],"counters":[16,78],"Mummified Hand":[0],"Kunai":[16],"obtain_stats":[{"Ancient Tea Set":0,"Burning Blood":0,"Mercury Hourglass":3,"Calling Bell":17,"Anchor":14,"CaptainsWheel":17,"Centennial Puzzle":23,"Mummified Hand":10,"DollysMirror":11,"Bag of Marbles":17,"Kunai":9,"Toxic Egg 2":17,"FossilizedHelix":7},{"Ancient Tea Set":0,"Burning Blood":0,"Mercury Hourglass":2,"Calling Bell":10,"Anchor":9,"CaptainsWheel":10,"Centennial Puzzle":14,"Mummified Hand":6,"DollysMirror":6,"Bag of Marbles":10,"Kunai":5,"Toxic Egg 2":10,"FossilizedHelix":4},{"Ancient Tea Set":0,"Burning Blood":0,"Mercury Hourglass":7,"Calling Bell":42,"Anchor":32,"CaptainsWheel":42,"Centennial Puzzle":66,"Mummified Hand":20,"DollysMirror":20,"Bag of Marbles":42,"Kunai":16,"Toxic Egg 2":42,"FossilizedHelix":13}],"Burning Blood":71,"Mercury Hourglass":[264]},"card_choices":[{"not_picked":["Warcry","Whirlwind"],"picked":"Cleave","floor":1},{"not_picked":["Combust","Anger","Carnage"],"picked":"SKIP","floor":2},{"not_picked":["Shockwave","Entrench"],"picked":"Pommel Strike","floor":4},{"not_picked":["True Grit","Clash"],"picked":"Clothesline","floor":7},{"not_picked":["Clothesline","Intimidate"],"picked":"Limit Break","floor":8},{"not_picked":["Sentinel","Clothesline"],"picked":"Thunderclap","floor":10},{"not_picked":["Warcry","Thunderclap"],"picked":"Shrug It Off","floor":12},{"not_picked":["True Grit","Twin Strike"],"picked":"Headbutt","floor":13},{"not_picked":["Anger","Evolve"],"picked":"Thunderclap","floor":14},{"not_picked":["Offering","Bludgeon"],"picked":"Impervious","floor":16},{"not_picked":["Sentinel+1","Clash"],"picked":"Heavy Blade","floor":18},{"not_picked":["Shrug It Off+1","Bloodletting+1"],"picked":"Heavy Blade+1","floor":19},{"not_picked":["Armaments+1","Rupture"],"picked":"Iron Wave","floor":22},{"not_picked":["Brutality","Blood for Blood"],"picked":"Warcry+1","floor":23},{"not_picked":["Hemokinesis+1","Pummel+1"],"picked":"Pommel Strike","floor":24}],"player_experience":325818,"relics_obtained":[{"floor":7,"key":"FossilizedHelix"},{"floor":9,"key":"Kunai"},{"floor":10,"key":"Mummified Hand"},{"floor":14,"key":"Anchor"},{"floor":17,"key":"Bag of Marbles"},{"floor":17,"key":"Toxic Egg 2"},{"floor":17,"key":"CaptainsWheel"},{"floor":23,"key":"Centennial Puzzle"}],"event_choices":[{"damage_healed":0,"gold_gain":0,"player_choice":"Box","damage_taken":0,"relics_obtained":["Mercury Hourglass"],"max_hp_gain":0,"max_hp_loss":0,"event_name":"Big Fish","floor":3,"gold_loss":0,"cards_obtained":["Regret"]},{"cards_removed":["Regret"],"damage_healed":0,"gold_gain":0,"player_choice":"Card Removal","damage_taken":0,"max_hp_gain":0,"max_hp_loss":0,"event_name":"The Cleric","floor":5,"gold_loss":50},{"damage_healed":0,"gold_gain":99,"player_choice":"Stole From Cult","damage_taken":0,"max_hp_gain":0,"max_hp_loss":0,"event_name":"Nest","floor":20,"gold_loss":0}],"is_beta":false,"boss_relics":[{"not_picked":["Black Star","Mark of Pain"],"picked":"Calling Bell"}],"items_purged_floors":[],"is_endless":false,"potions_floor_spawned":[4,8,12,14,16,18,23],"killed_by":"Gremlin Leader","ascension_level":1}}