{"host":"0s8kyghz8ihx2r41","time":1612479681,"event":{"mods":["2.2 Compatiblity","Act Like it!","Bard","BaseMod","CapriCore","Chen","Conspire","Downfall","Friendly Minions","GungeonMod","Hermit","HololiveMod","Hubris","Koishi","Lobotomy","LobotomyExtend","Marisa（霧雨　魔理沙）","Minty Spire (QoL Compilation)","Monster B Gone","Morshu Shopkeeper","Onozuka Komachi Mod","Prisma Mod","READ ME - Snecko Mod","Reimu（博??梦）","Reliquary","Replay The Spire","Spire Birthday Party","StSLib","The Administrix","The Alterego","The Clintock","The Construct","The Cursed","The Disciple","The Druid","The Edgeheg","The Gatherer","The Immortal","The Marked","The Mystic","The Servant 0.9.4","TheVacant","Waifu the Spire","Yakumo Yukari mod","Yuyuko","everything is the same but u backflip on backflip","slay the spire mod where everything is the same but ironclad has a cowboy hat"],"gold_per_floor":[112,130,140,3,23,23,23],"floor_reached":6,"language":"ENG","playtime":352,"items_purged":[],"score":38,"play_id":"e2b56956-a138-4485-8c0a-901c1caa1312","local_time":"20210204180121","is_ascension_mode":false,"campfire_choices":[],"circlet_count":0,"master_deck":["alterego_mod:Strike","alterego_mod:Strike","alterego_mod:Strike","alterego_mod:Strike","alterego_mod:Defend","alterego_mod:Defend","alterego_mod:Defend","alterego_mod:Defend","alterego_mod:Impale","alterego_mod:BigMeatyClaws","alterego_mod:BrynhildrsRune","alterego_mod:RingBreak","alterego_mod:MagicResistance","alterego_mod:BustOut","alterego_mod:Bounce","alterego_mod:Rake"],"relics":["alterego_mod:MasochisticConstitution"],"acts_visited":["Exordium"],"potions_floor_usage":[6],"damage_taken":[{"damage":12,"enemies":"2 Louse","floor":1,"turns":4},{"damage":3,"enemies":"Cultist","floor":2,"turns":4},{"damage":1,"enemies":"Jaw Worm","floor":3,"turns":4},{"damage":9,"enemies":"Red Slaver","floor":5,"turns":5},{"damage":53,"enemies":"Gremlin Nob","floor":6,"turns":5}],"seed_played":"4170381813712679327","potions_obtained":[{"floor":3,"key":"Swift Potion"}],"is_trial":false,"path_per_floor":["M","M","M","$","M","E"],"character_chosen":"The_Alterego","items_purchased":["alterego_mod:Rake"],"campfire_rested":0,"item_purchase_floors":[4],"current_hp_per_floor":[59,57,57,57,49,0,0],"gold":23,"neow_bonus":"ONE_RANDOM_RARE_CARD","is_daily":false,"chose_seed":false,"campfire_upgraded":0,"win_rate":0.0,"timestamp":1612479681,"path_taken":["M","M","M","$","M","E"],"items_purchased_type":["Card"],"build_version":"2020-12-22","purchased_purges":0,"victory":false,"max_hp_per_floor":[71,72,73,73,74,74,74],"card_choices":[{"not_picked":["alterego_mod:BiFurious","alterego_mod:Exercise"],"picked":"alterego_mod:MagicResistance","floor":1},{"not_picked":["alterego_mod:GoddessCore","alterego_mod:Mirror"],"picked":"alterego_mod:BustOut","floor":2},{"not_picked":["alterego_mod:DustData","alterego_mod:Rip"],"picked":"alterego_mod:Bounce","floor":3},{"not_picked":["alterego_mod:Smother","alterego_mod:DestructionOfProperty","alterego_mod:Skirt"],"picked":"SKIP","floor":5}],"player_experience":342226,"relics_obtained":[],"event_choices":[],"is_beta":false,"boss_relics":[],"items_purged_floors":[],"is_endless":false,"potions_floor_spawned":[3],"killed_by":"Gremlin Nob","ascension_level":0}}