{"host":"yuwyc1esdalgjt4e","time":1612449093,"event":{"mods":["Astrologer","BaseMod","Hermit","KomeijiMod","Marisa????????","Minty Spire (QoL Compilation)","Railgun Mod","Reimu??????","StSLib","The Bug Knight","The Dragon Tamer","The Hierophant","The Marked","The Servant 0.9.4","Yuri Mod"],"gold_per_floor":[109,59,59,59,70,70,88,113,185,31,57,57,71,96,96,195,195,205,205,64,64,64,83,83,99,99,65,97,97,97,109,109,212,212,227,104,124,148,159,159,175,175,175],"floor_reached":42,"language":"ENG","playtime":1789,"items_purged":["Regret","astrologer:Strike"],"score":474,"play_id":"5ef0ea2b-34ca-47b6-8ed1-afb8b8180a1f","local_time":"20210204153133","is_ascension_mode":false,"campfire_choices":[{"data":"astrologer:FrozenStar","floor":6.0,"key":"SMITH"},{"floor":15.0,"key":"REST"},{"data":"astrologer:Nova","floor":24.0,"key":"SMITH"},{"floor":29.0,"key":"REST"},{"data":"astrologer:CosmicExpanse","floor":32.0,"key":"SMITH"},{"floor":40,"key":"REST"}],"circlet_count":0,"master_deck":["astrologer:Strike","astrologer:Strike","astrologer:Strike","astrologer:Defend","astrologer:Defend","astrologer:Defend","astrologer:NorthStar+1","astrologer:TheFool","astrologer:FrozenStar+1","astrologer:Prismatic","astrologer:StarOfRegret","astrologer:NeutronStar","astrologer:FrozenStar","astrologer:Nova+1","astrologer:Confirmation","astrologer:ReadTheStars","astrologer:StarOfCourage","astrologer:CosmicExpanse+1","astrologer:ReadTheStars+1","astrologer:TheStar+1","astrologer:FrozenStar+1"],"relics":["astrologer:SkyMirror","NeowsBlessing","Anchor","Potion Belt","Eternal Feather","Blood Vial","Oddly Smooth Stone","Philosopher\u0027s Stone","Mango","Centennial Puzzle","Sozu","GoodDreamPillow","Bronze Scales"],"acts_visited":["Exordium","TheCity","TheBeyond"],"potions_floor_usage":[],"damage_taken":[{"damage":0.0,"enemies":"2 Louse","floor":1.0,"turns":1.0},{"damage":0.0,"enemies":"Small Slimes","floor":5.0,"turns":1.0},{"damage":0.0,"enemies":"Cultist","floor":7.0,"turns":1.0},{"damage":31.0,"enemies":"Lagavulin","floor":8.0,"turns":7.0},{"damage":0.0,"enemies":"Gremlin Gang","floor":13.0,"turns":5.0},{"damage":0.0,"enemies":"HollowMod:MossKnight","floor":14.0,"turns":5.0},{"damage":56.0,"enemies":"Slime Boss","floor":16.0,"turns":11.0},{"damage":31.0,"enemies":"3 Byrds","floor":18.0,"turns":5.0},{"damage":2.0,"enemies":"Shell Parasite","floor":23.0,"turns":5.0},{"damage":12.0,"enemies":"Snake Plant","floor":25.0,"turns":4.0},{"damage":39.0,"enemies":"Book of Stabbing","floor":28.0,"turns":6.0},{"damage":16.0,"enemies":"Chosen and Byrds","floor":31.0,"turns":5.0},{"damage":57.0,"enemies":"Automaton","floor":33.0,"turns":12.0},{"damage":24.0,"enemies":"Orb Walker","floor":35.0,"turns":4.0},{"damage":24.0,"enemies":"3 Darklings","floor":37.0,"turns":7.0},{"damage":27.0,"enemies":"Transient","floor":39.0,"turns":5.0},{"damage":50,"enemies":"Maw","floor":41,"turns":7},{"damage":42,"enemies":"Reptomancer","floor":42,"turns":2}],"seed_played":"6052990930577534532","potions_obtained":[{"floor":5.0,"key":"Fire Potion"},{"floor":8.0,"key":"SkillPotion"},{"floor":13.0,"key":"SpeedPotion"},{"floor":23.0,"key":"Energy Potion"},{"floor":25.0,"key":"Fruit Juice"},{"floor":31.0,"key":"Energy Potion"}],"is_trial":false,"path_per_floor":["M","?","?","?","M","R","M","E","T","$","T","$","M","E","R","B",null,"M","?","$","?","?","M","R","M","T","$","E","R","?","M","R","B",null,"M","?","M","T","M","R","M","E"],"character_chosen":"ASTROLOGER","items_purchased":["astrologer:NeutronStar","astrologer:Confirmation","astrologer:CosmicExpanse"],"campfire_rested":3,"item_purchase_floors":[10,20,27],"current_hp_per_floor":[70,70,70,70,70,70,70,39,39,39,39,39,41,43,70,14,70,39,39,39,26,26,26,35,30,44,44,7,44,75,61,70,15,94,70,70,48,48,23,63,15,0,0],"gold":175,"neow_bonus":"THREE_ENEMY_KILL","is_daily":false,"chose_seed":false,"campfire_upgraded":3,"win_rate":0.0,"timestamp":1612449093,"path_taken":["M","?","?","?","?","R","?","E","T","?","?","$","M","E","R","BOSS","M","?","$","?","?","M","R","M","T","$","E","R","?","M","R","BOSS","M","?","M","?","M","R","M","E"],"items_purchased_type":["Card","Card","Card"],"build_version":"2020-12-22","purchased_purges":2,"victory":false,"max_hp_per_floor":[70,70,70,70,70,70,70,70,70,70,70,70,70,70,70,70,70,70,70,70,75,75,75,75,80,94,94,94,94,94,94,94,94,94,94,94,94,94,94,94,94,94,94],"card_choices":[{"not_picked":["astrologer:Opposition","astrologer:Eclipse","astrologer:Still"],"picked":"SKIP","floor":1.0},{"not_picked":["astrologer:Opposition","astrologer:Stardust"],"picked":"astrologer:FrozenStar","floor":5.0},{"not_picked":["astrologer:CometStrike","astrologer:TheEmperor"],"picked":"astrologer:Prismatic","floor":7.0},{"not_picked":["astrologer:TheHierophant","astrologer:Conjunction"],"picked":"astrologer:StarOfRegret","floor":8.0},{"not_picked":["astrologer:Eclipse","astrologer:Radiance","astrologer:SpaceDust"],"picked":"SKIP","floor":13.0},{"not_picked":["astrologer:TheHermit","astrologer:Trine"],"picked":"astrologer:FrozenStar","floor":14.0},{"not_picked":["astrologer:BlackHole","astrologer:Death"],"picked":"astrologer:Nova","floor":16.0},{"not_picked":["astrologer:SpaceDust","astrologer:TheEmperor","astrologer:CometStrike+1"],"picked":"SKIP","floor":18.0},{"not_picked":["astrologer:SpaceDust+1","astrologer:Stardust"],"picked":"astrologer:ReadTheStars","floor":23.0},{"not_picked":["astrologer:MeteorShower","astrologer:Temperance"],"picked":"astrologer:StarOfCourage","floor":25.0},{"not_picked":["astrologer:TheMagician","astrologer:Stardust"],"picked":"astrologer:ReadTheStars+1","floor":28.0},{"not_picked":["astrologer:Opposition","astrologer:MeteorShower","astrologer:Eclipse+1"],"picked":"SKIP","floor":31.0},{"not_picked":["astrologer:Retelling+1","astrologer:TheHighPriestess+1"],"picked":"astrologer:TheStar+1","floor":35.0},{"not_picked":["astrologer:Stardust","astrologer:Still+1"],"picked":"astrologer:FrozenStar+1","floor":37.0},{"not_picked":["astrologer:NeutronStar+1","astrologer:TheHangedMan","astrologer:CometStrike+1"],"picked":"SKIP","floor":39.0},{"not_picked":["astrologer:Still+1","astrologer:TheWorld","astrologer:Retelling"],"picked":"SKIP","floor":41}],"player_experience":95367,"relics_obtained":[{"floor":8.0,"key":"Potion Belt"},{"floor":9.0,"key":"Eternal Feather"},{"floor":11.0,"key":"Blood Vial"},{"floor":14.0,"key":"Oddly Smooth Stone"},{"floor":26.0,"key":"Mango"},{"floor":28.0,"key":"Centennial Puzzle"},{"floor":38.0,"key":"Bronze Scales"}],"event_choices":[{"cards_removed":["astrologer:Defend"],"damage_healed":0.0,"max_hp_gain":0.0,"max_hp_loss":0.0,"gold_gain":0.0,"event_name":"The Cleric","player_choice":"Card Removal","floor":2.0,"gold_loss":50.0,"damage_taken":0.0},{"damage_healed":0.0,"max_hp_gain":0.0,"max_hp_loss":0.0,"gold_gain":0.0,"event_name":"Big Fish","player_choice":"Box","floor":3.0,"gold_loss":0.0,"damage_taken":0.0,"relics_obtained":["Anchor"],"cards_obtained":["Regret"]},{"damage_healed":0.0,"max_hp_gain":0.0,"max_hp_loss":0.0,"gold_gain":0.0,"event_name":"Upgrade Shrine","player_choice":"Upgraded","floor":4.0,"gold_loss":0.0,"damage_taken":0.0,"cards_upgraded":["astrologer:NorthStar"]},{"damage_healed":0.0,"max_hp_gain":5.0,"max_hp_loss":0.0,"gold_gain":0.0,"event_name":"Forgotten Altar","player_choice":"Shed Blood","floor":21.0,"gold_loss":0.0,"damage_taken":18.0},{"damage_healed":0.0,"max_hp_gain":0.0,"max_hp_loss":0.0,"gold_gain":0.0,"event_name":"Cursed Tome","player_choice":"Ignored","floor":22.0,"gold_loss":0.0,"damage_taken":0.0},{"damage_healed":31.0,"max_hp_gain":0.0,"max_hp_loss":0.0,"gold_gain":0.0,"event_name":"The Library","player_choice":"Heal","floor":30.0,"gold_loss":0.0,"damage_taken":0.0}],"is_beta":false,"boss_relics":[{"not_picked":["Calling Bell","Cursed Key"],"picked":"Philosopher\u0027s Stone"},{"not_picked":["SlaversCollar","RedLine:ReiMu"],"picked":"Sozu"}],"items_purged_floors":[10,20],"is_endless":false,"potions_floor_spawned":[5,8,13,23,25,31,35,41],"killed_by":"Reptomancer","ascension_level":0}}