{"host":"1ooxfz79hmpvpehx","time":1612481737,"event":{"mods":["BaseMod","Minty Spire (QoL Compilation)","Quick Restart","Replay The Spire","StSLib","SuperFastMode"],"gold_per_floor":[116,41,41,88,98,98,110,130,184,64,98,108,137,154,154,154,154],"floor_reached":16,"language":"ENG","playtime":365,"items_purged":["Defend_R"],"score":112,"play_id":"d9606880-0549-4852-aa25-1fc495cb3271","local_time":"20210204203537","is_ascension_mode":false,"campfire_choices":[{"data":"Perfected Strike","floor":6,"key":"SMITH"},{"data":"Demonic Infusion","floor":15,"key":"SMITH"}],"circlet_count":0,"master_deck":["Strike_R","Strike_R","Strike_R","Strike_R","Strike_R","Defend_R","Defend_R","Perfected Strike+1","Twin Strike","Apotheosis+1","Pommel Strike","Spot Weakness","Demonic Infusion+1"],"relics":["Burning Blood","Ancient Tea Set","Blue Doll","Gremlin Horn","Ginger"],"acts_visited":["Exordium"],"potions_floor_usage":[11,16],"damage_taken":[{"damage":2,"enemies":"Small Slimes","floor":1,"turns":4},{"damage":6,"enemies":"Jaw Worm","floor":5,"turns":3},{"damage":0,"enemies":"Cultist","floor":7,"turns":2},{"damage":11,"enemies":"Red Slaver","floor":8,"turns":4},{"damage":35,"enemies":"3 Sentries","floor":11,"turns":7},{"damage":0,"enemies":"Lots of Slimes","floor":12,"turns":3},{"damage":14,"enemies":"Gremlin Nob","floor":13,"turns":3},{"damage":0,"enemies":"Large Slime","floor":14,"turns":4},{"damage":50,"enemies":"Fading Forest","floor":16,"turns":7}],"seed_played":"5053020242491915036","potions_obtained":[{"floor":5,"key":"ElixirPotion"},{"floor":7,"key":"Dexterity Potion"},{"floor":12,"key":"DuplicationPotion"},{"floor":14,"key":"SpeedPotion"}],"is_trial":false,"path_per_floor":["M","$","?","T","M","R","M","M","T","$","E","M","E","M","R","B"],"character_chosen":"IRONCLAD","items_purchased":["Apotheosis+1"],"campfire_rested":0,"item_purchase_floors":[10],"current_hp_per_floor":[80,80,73,73,73,73,79,74,74,74,45,51,43,49,49,0,0],"gold":154,"neow_bonus":"RANDOM_EVENT","is_daily":false,"chose_seed":false,"campfire_upgraded":2,"win_rate":0.0,"timestamp":1612481737,"path_taken":["M","$","?","?","?","R","M","M","T","?","E","M","E","?","R","BOSS"],"items_purchased_type":["Card"],"build_version":"2020-12-22","purchased_purges":1,"victory":false,"max_hp_per_floor":[80,80,80,80,80,80,80,80,80,80,80,80,80,80,80,80,80],"card_choices":[{"not_picked":["Carnage","Cleave"],"picked":"Perfected Strike","floor":1},{"not_picked":["ReplayTheSpireMod:Stacked","Heavy Blade","Bloodletting"],"picked":"SKIP","floor":5},{"not_picked":["Burning Pact","Feel No Pain","Anger"],"picked":"SKIP","floor":7},{"not_picked":["Run Through","Cleave"],"picked":"Twin Strike","floor":8},{"not_picked":["Shrug It Off","Fiend Fire","Blood for Blood"],"picked":"SKIP","floor":11},{"not_picked":["Iron Wave","Warcry"],"picked":"Pommel Strike","floor":12},{"not_picked":["Run Through","ReplayTheSpireMod:Strike From Hell"],"picked":"Spot Weakness","floor":13},{"not_picked":["Dual Wield","Shockwave"],"picked":"Demonic Infusion","floor":14}],"player_experience":2411,"relics_obtained":[{"floor":4,"key":"Ancient Tea Set"},{"floor":9,"key":"Blue Doll"},{"floor":11,"key":"Gremlin Horn"},{"floor":13,"key":"Ginger"}],"event_choices":[{"cards_removed":["Defend_R"],"damage_healed":0,"gold_gain":0,"player_choice":"Card Removal","damage_taken":7,"max_hp_gain":0,"max_hp_loss":0,"event_name":"Golden Wing","floor":3,"gold_loss":0}],"is_beta":false,"boss_relics":[],"items_purged_floors":[2],"is_endless":false,"potions_floor_spawned":[5,7,12,14],"killed_by":"Fading Forest","ascension_level":0}}