{"host":"gbbz8f5svnnpwo8d","time":1612452888,"event":{"mods":["AchievementEnabler","AlwaysNeverKeys","BaseMod","Bestiary","Better Altar","Better Match","Better Note","Better Sensory Stone","Better Silent Start","Better Skull","Better Third Choice","Better Vampires","Better-Laid Plans","BetterRewards","Block Reminder","Colored Map","Colored Powertips","Curses Come First","Dark Map","Displayed Cursed Tome","GifTheSpireLib","Minty Spire (QoL Compilation)","MonsterHotkey","Permanent Neow","Potion Indicator Mod","Quick Restart","Random Character Button","Rare Cards Sparkle","Relic Stats","Shop Mod","Spicy Shops","Spire Birthday Party","StSLib","Transform Curses"],"gold_per_floor":[112,49,49,66,79,79,96,96,96,96,121,97,128,141,141,244,244,256,256,256,272,572,572,602,612,612,623,233,333,333,353,353,457,457,473,473,473,489,504,504,524,550,629,629,351,365,383,410,410,410,410,410,20,54,54],"floor_reached":56,"language":"ENG","playtime":2224,"items_purged":["Writhe","Strike_R"],"score":1654,"play_id":"e4c7796d-9215-4664-afef-e48c6459be49","local_time":"20210204083448","is_ascension_mode":false,"campfire_choices":[{"data":"Sword Boomerang","floor":6.0,"key":"SMITH"},{"data":"Double Tap","floor":8.0,"key":"SMITH"},{"data":"Demon Form","floor":15.0,"key":"SMITH"},{"data":"Whirlwind","floor":23.0,"key":"SMITH"},{"data":"Ghostly Armor","floor":30.0,"key":"SMITH"},{"data":"Defend_R","floor":32.0,"key":"SMITH"},{"floor":40.0,"key":"REST"},{"data":"Defend_R","floor":44.0,"key":"SMITH"},{"data":"Strike_R","floor":49.0,"key":"SMITH"},{"data":"Strike_R","floor":52,"key":"SMITH"}],"circlet_count":0,"master_deck":["Strike_R","Strike_R+1","Strike_R+1","Defend_R+1","Defend_R+1","Defend_R+1","Defend_R+1","Bash+1","Double Tap+1","Ghostly Armor+1","Sword Boomerang+1","Flame Barrier+1","Demon Form+1","Havoc+1","Flex+1","Whirlwind+1","Bloodletting+1","Deep Breath+1","Madness+1","Madness+1","Flex+1","Deep Breath+1","Havoc+1","Iron Wave+1"],"relics":["Burning Blood","MerchantsRug","Lizard Tail","Chemical X","Ancient Tea Set","Oddly Smooth Stone","Akabeko","Toolbox","StrikeDummy","betterThird:SlimedRelic","Runic Cube","PreservedInsect","Bottled Lightning","Lantern","Sozu","Ginger","Meat on the Bone","Vajra","Happy Flower","Mummified Hand","Strawberry","Paper Frog","ClockworkSouvenir","Mango"],"acts_visited":["Exordium","TheCity","TheBeyond","TheEnding"],"potions_floor_usage":[],"damage_taken":[{"damage":0.0,"enemies":"Jaw Worm","floor":1.0,"turns":3.0},{"damage":0.0,"enemies":"2 Louse","floor":4.0,"turns":3.0},{"damage":0.0,"enemies":"Small Slimes","floor":5.0,"turns":3.0},{"damage":0.0,"enemies":"Exordium Thugs","floor":7.0,"turns":3.0},{"damage":3.0,"enemies":"3 Sentries","floor":11.0,"turns":5.0},{"damage":0.0,"enemies":"2 Fungi Beasts","floor":13.0,"turns":3.0},{"damage":0.0,"enemies":"3 Louse","floor":14.0,"turns":2.0},{"damage":0.0,"enemies":"Slime Boss","floor":16.0,"turns":4.0},{"damage":1.0,"enemies":"Shell Parasite","floor":18.0,"turns":4.0},{"damage":0.0,"enemies":"3 Byrds","floor":21.0,"turns":3.0},{"damage":0.0,"enemies":"Gremlin Leader","floor":24.0,"turns":1.0},{"damage":0.0,"enemies":"Centurion and Healer","floor":25.0,"turns":1.0},{"damage":17.0,"enemies":"Snake Plant","floor":27.0,"turns":3.0},{"damage":0.0,"enemies":"3 Cultists","floor":31.0,"turns":2.0},{"damage":21.0,"enemies":"Collector","floor":33.0,"turns":8.0},{"damage":25.0,"enemies":"3 Darklings","floor":35.0,"turns":3.0},{"damage":12.0,"enemies":"3 Shapes","floor":38.0,"turns":1.0},{"damage":10.0,"enemies":"Jaw Worm Horde","floor":39.0,"turns":2.0},{"damage":2.0,"enemies":"Maw","floor":41.0,"turns":6.0},{"damage":0.0,"enemies":"Nemesis","floor":42.0,"turns":1.0},{"damage":3.0,"enemies":"Writhing Mass","floor":46.0,"turns":1.0},{"damage":19.0,"enemies":"Spire Growth","floor":47.0,"turns":4.0},{"damage":0.0,"enemies":"Reptomancer","floor":48.0,"turns":1.0},{"damage":71.0,"enemies":"Time Eater","floor":50.0,"turns":10.0},{"damage":3,"enemies":"Shield and Spear","floor":54,"turns":3},{"damage":26,"enemies":"The Heart","floor":55,"turns":5}],"seed_played":"-5780868148567971520","potions_obtained":[{"floor":1.0,"key":"SpeedPotion"},{"floor":4.0,"key":"EssenceOfSteel"},{"floor":16.0,"key":"Fire Potion"},{"floor":25.0,"key":"LiquidBronze"},{"floor":27.0,"key":"SkillPotion"},{"floor":33.0,"key":"FairyPotion"}],"is_trial":false,"path_per_floor":["M","$","?","M","M","R","M","R","T","?","E","?","M","M","R","B",null,"M","?","?","M","?","R","E","M","T","M","$","?","R","M","R","B",null,"M","?","?","M","M","R","M","E","T","R","$","M","M","E","R","B",null,"R","$","E","B",null],"character_chosen":"IRONCLAD","items_purchased":["MerchantsRug","Pear","Chemical X","Double Tap","Ancient Tea Set","Oddly Smooth Stone","Akabeko","Toolbox","Lantern","Regal Pillow","Deep Breath+1","Membership Card","Vajra","Deep Breath+1","Happy Flower","Mummified Hand","Strawberry","Paper Frog","ClockworkSouvenir"],"campfire_rested":1,"item_purchase_floors":[0,0,0,0,0,0,0,2,28,28,28,45,45,45,53,53,53,53,53],"current_hp_per_floor":[48,48,30,36,42,42,48,48,48,48,51,40,46,52,52,58,90,90,90,90,90,90,90,90,90,90,79,79,79,79,85,85,70,90,71,60,60,54,50,90,90,90,90,90,90,90,77,83,83,30,90,90,97,111,91],"gold":54,"neow_bonus":"","is_daily":false,"chose_seed":false,"campfire_upgraded":9,"win_rate":0.0,"timestamp":1612452888,"path_taken":["M","$","?","M","M","R","M","R","T","?","E","?","?","M","R","BOSS","M","?","?","M","?","R","E","M","T","?","$","?","R","M","R","BOSS","M","?","?","?","M","R","?","E","T","R","$","M","M","E","R","BOSS","R","$","E","BOSS"],"items_purchased_type":["Relic","Relic","Relic","Card","Relic","Relic","Relic","Relic","Relic","Relic","Card","Relic","Relic","Card","Relic","Relic","Relic","Relic","Relic"],"build_version":"2020-12-22","purchased_purges":2,"victory":true,"max_hp_per_floor":[90,90,90,90,90,90,90,90,90,90,90,90,90,90,90,90,90,90,90,90,90,90,90,90,90,90,90,90,90,90,90,90,90,90,90,90,90,90,90,90,90,90,90,90,90,90,90,90,90,90,90,90,97,111,111],"relic_stats":{"Sozu":2,"Lizard Tail":0,"Happy Flower":[2],"counters":[173,736],"Mummified Hand":[3],"PreservedInsect":172,"Chemical X":[31],"Ginger":[3],"obtain_stats":[{"Ice Cream":0,"Calipers":37,"Gremlin Horn":25,"CeramicFish":44,"Vajra":0,"Whetstone":6,"Ginger":0,"Boot":14,"Old Coin":22,"Sozu":17,"Blood Vial":25,"Centennial Puzzle":48,"Lizard Tail":0,"HornCleat":53,"DollysMirror":53,"Strawberry":53,"MealTicket":37,"Prayer Wheel":6,"Kunai":29,"Toxic Egg 2":26,"Runic Cube":17,"MerchantsRug":0,"Girya":0,"Pear":46,"Happy Flower":26,"Astrolabe":17,"Oddly Smooth Stone":53,"Eternal Feather":52,"Pen Nib":54,"Charon\u0027s Ashes":53,"Letter Opener":53,"War Paint":41,"Question Card":30,"Akabeko":32,"SlaversCollar":17,"Shuriken":41,"Bird Faced Urn":0,"Bronze Scales":42,"Mark of Pain":34,"StrikeDummy":54,"Meat on the Bone":24,"Lantern":44,"Regal Pillow":28,"reliquary:Firecrackers":43,"Black Blood":17,"Magic Flower":7,"StoneCalendar":37,"Mango":9,"Incense Burner":0,"Juzu Bracelet":8,"Bag of Preparation":44,"Ancient Tea Set":0,"PrismaticShard":0,"Cursed Key":34,"Burning Blood":0,"ClockworkSouvenir":45,"Nunchaku":23,"Shovel":0,"Mummified Hand":0,"Gambling Chip":40,"Pantograph":52,"Toolbox":2,"Tiny Chest":31,"reliquary:RoseTintedGlasses":45,"WingedGreaves":13,"Red Mask":45,"Chemical X":0,"InkBottle":27,"Red Skull":27,"Paper Frog":13,"Potion Belt":43,"Lee\u0027s Waffle":30,"Self Forming Clay":40,"Golden Idol":4,"PreservedInsect":31,"The Courier":48,"Omamori":12,"Odd Mushroom":13,"MawBank":29,"White Beast Statue":54,"Peace Pipe":0,"Anchor":0,"Busted Crown":17,"Ornamental Fan":41,"Bloody Idol":25,"betterThird:SlimedRelic":12,"Art of War":9,"reliquary:TuningFork":31,"Bag of Marbles":44,"Membership Card":0,"Bottled Lightning":49,"Champion Belt":53,"TungstenRod":9,"FossilizedHelix":26,"Toy Ornithopter":22},{"Ice Cream":0,"Calipers":70,"Gremlin Horn":38,"CeramicFish":46,"Vajra":78,"Whetstone":4,"Ginger":51,"Boot":83,"Old Coin":157,"Sozu":84,"Blood Vial":133,"Centennial Puzzle":48,"Lizard Tail":147,"HornCleat":145,"DollysMirror":49,"Strawberry":95,"MealTicket":91,"Prayer Wheel":124,"Kunai":66,"Toxic Egg 2":65,"Runic Cube":155,"MerchantsRug":0,"Girya":24,"Pear":19,"Happy Flower":11,"Astrolabe":129,"Oddly Smooth Stone":49,"Eternal Feather":76,"Pen Nib":23,"Charon\u0027s Ashes":49,"Letter Opener":22,"War Paint":141,"Question Card":40,"Akabeko":136,"SlaversCollar":104,"Shuriken":72,"Bird Faced Urn":0,"Bronze Scales":46,"Mark of Pain":14,"StrikeDummy":50,"Meat on the Bone":38,"Lantern":73,"Regal Pillow":160,"reliquary:Firecrackers":46,"Black Blood":61,"Magic Flower":125,"StoneCalendar":43,"Mango":126,"Incense Burner":0,"Juzu Bracelet":5,"Bag of Preparation":73,"Ancient Tea Set":97,"PrismaticShard":97,"Cursed Key":113,"Burning Blood":0,"ClockworkSouvenir":46,"Nunchaku":108,"Shovel":24,"Mummified Hand":51,"Gambling Chip":18,"Pantograph":49,"Toolbox":148,"Tiny Chest":67,"reliquary:RoseTintedGlasses":46,"WingedGreaves":127,"Red Mask":73,"Chemical X":147,"InkBottle":11,"Red Skull":38,"Paper Frog":32,"Potion Belt":19,"Lee\u0027s Waffle":66,"Self Forming Clay":45,"Golden Idol":99,"PreservedInsect":40,"The Courier":75,"Omamori":82,"Odd Mushroom":7,"MawBank":134,"White Beast Statue":121,"Peace Pipe":78,"Anchor":97,"Busted Crown":8,"Ornamental Fan":141,"Bloody Idol":133,"betterThird:SlimedRelic":152,"Art of War":30,"reliquary:TuningFork":40,"Bag of Marbles":73,"Membership Card":24,"Bottled Lightning":48,"Champion Belt":120,"TungstenRod":5,"FossilizedHelix":38,"Toy Ornithopter":63},{"Ice Cream":0,"Calipers":328,"Gremlin Horn":201,"CeramicFish":226,"Vajra":375,"Whetstone":13,"Ginger":247,"Boot":387,"Old Coin":684,"Sozu":393,"Blood Vial":586,"Centennial Puzzle":231,"Lizard Tail":651,"HornCleat":636,"DollysMirror":237,"Strawberry":433,"MealTicket":418,"Prayer Wheel":547,"Kunai":297,"Toxic Egg 2":294,"Runic Cube":677,"MerchantsRug":0,"Girya":164,"Pear":113,"Happy Flower":58,"Astrolabe":570,"Oddly Smooth Stone":237,"Eternal Feather":362,"Pen Nib":150,"Charon\u0027s Ashes":237,"Letter Opener":139,"War Paint":616,"Question Card":207,"Akabeko":601,"SlaversCollar":463,"Shuriken":337,"Bird Faced Urn":0,"Bronze Scales":226,"Mark of Pain":80,"StrikeDummy":240,"Meat on the Bone":201,"Lantern":342,"Regal Pillow":689,"reliquary:Firecrackers":226,"Black Blood":277,"Magic Flower":554,"StoneCalendar":215,"Mango":557,"Incense Burner":0,"Juzu Bracelet":21,"Bag of Preparation":342,"Ancient Tea Set":443,"PrismaticShard":443,"Cursed Key":500,"Burning Blood":0,"ClockworkSouvenir":226,"Nunchaku":476,"Shovel":164,"Mummified Hand":247,"Gambling Chip":108,"Pantograph":237,"Toolbox":654,"Tiny Chest":305,"reliquary:RoseTintedGlasses":226,"WingedGreaves":559,"Red Mask":342,"Chemical X":651,"InkBottle":58,"Red Skull":201,"Paper Frog":181,"Potion Belt":113,"Lee\u0027s Waffle":297,"Self Forming Clay":222,"Golden Idol":448,"PreservedInsect":207,"The Courier":351,"Omamori":385,"Odd Mushroom":29,"MawBank":592,"White Beast Statue":534,"Peace Pipe":375,"Anchor":443,"Busted Crown":41,"Ornamental Fan":616,"Bloody Idol":586,"betterThird:SlimedRelic":668,"Art of War":178,"reliquary:TuningFork":207,"Bag of Marbles":342,"Membership Card":164,"Bottled Lightning":231,"Champion Belt":527,"TungstenRod":21,"FossilizedHelix":201,"Toy Ornithopter":286}],"Burning Blood":897,"Runic Cube":[46],"Meat on the Bone":12},"card_choices":[{"not_picked":["Metallicize","Battle Trance"],"picked":"Ghostly Armor","floor":1.0},{"not_picked":["True Grit","Reckless Charge","Armaments"],"picked":"SKIP","floor":4.0},{"not_picked":["Metallicize","Anger"],"picked":"Sword Boomerang","floor":5.0},{"not_picked":["Wild Strike","Iron Wave"],"picked":"Flame Barrier","floor":7.0},{"not_picked":["Rupture","Thunderclap","Sentinel+1"],"picked":"SKIP","floor":11.0},{"not_picked":["Anger","Warcry+1"],"picked":"Havoc+1","floor":13.0},{"not_picked":["Heavy Blade","Pommel Strike","Headbutt"],"picked":"SKIP","floor":14.0},{"not_picked":["Headbutt","Anger"],"picked":"Flex+1","floor":18.0},{"not_picked":["Shockwave+1","Flex+1"],"picked":"Whirlwind","floor":21.0},{"not_picked":["Disarm+1","Cleave","Thunderclap"],"picked":"SKIP","floor":24.0},{"not_picked":["Headbutt","Feed"],"picked":"Bloodletting+1","floor":25.0},{"not_picked":["True Grit+1","Heavy Blade","Spot Weakness+1"],"picked":"SKIP","floor":27.0},{"not_picked":["Thunderclap","Second Wind+1","Shockwave+1"],"picked":"SKIP","floor":31.0},{"not_picked":["Sword Boomerang+1","Second Wind+1","Sever Soul+1"],"picked":"SKIP","floor":35.0},{"not_picked":["Cleave","Heavy Blade","Clothesline"],"picked":"SKIP","floor":38.0},{"not_picked":["Headbutt+1","Sentinel+1"],"picked":"Flex+1","floor":39.0},{"not_picked":["Feel No Pain+1","Warcry+1","True Grit+1"],"picked":"SKIP","floor":41.0},{"not_picked":["Feel No Pain+1","Power Through+1","Iron Wave"],"picked":"SKIP","floor":42.0},{"not_picked":["Shrug It Off+1","Armaments+1"],"picked":"Havoc+1","floor":46.0},{"not_picked":["Anger+1","Twin Strike+1","Armaments+1"],"picked":"SKIP","floor":47.0},{"not_picked":["Clash+1","Fiend Fire","Ghostly Armor+1"],"picked":"SKIP","floor":48.0},{"not_picked":["Pummel","Uppercut+1"],"picked":"Iron Wave+1","floor":54}],"player_experience":3703547,"relics_obtained":[{"floor":9.0,"key":"Toxic Egg 2"},{"floor":11.0,"key":"StrikeDummy"},{"floor":24.0,"key":"PreservedInsect"},{"floor":26.0,"key":"Bottled Lightning"},{"floor":42.0,"key":"Ginger"},{"floor":43.0,"key":"Meat on the Bone"},{"floor":48.0,"key":"Boot"},{"floor":54,"key":"Mango"}],"event_choices":[{"damage_healed":48.0,"max_hp_gain":0.0,"max_hp_loss":90.0,"gold_gain":0.0,"event_name":"betterThird:BetterShining","player_choice":"Upgrade","floor":3.0,"gold_loss":0.0,"damage_taken":18.0,"cards_upgraded":["Defend_R","Bash"]},{"damage_healed":0.0,"max_hp_gain":0.0,"max_hp_loss":0.0,"gold_gain":0.0,"cards_transformed":["Strike_R"],"event_name":"Living Wall","player_choice":"Change","floor":10.0,"gold_loss":0.0,"damage_taken":0.0,"cards_obtained":["Demon Form"]},{"damage_healed":0.0,"max_hp_gain":0.0,"max_hp_loss":0.0,"gold_gain":0.0,"event_name":"betterThird:BetterGoop","player_choice":"Slimed","floor":12.0,"gold_loss":24.0,"damage_taken":11.0},{"damage_healed":0.0,"max_hp_gain":0.0,"max_hp_loss":0.0,"gold_gain":0.0,"event_name":"Upgrade Shrine","player_choice":"Upgraded","floor":19.0,"gold_loss":0.0,"damage_taken":0.0,"cards_upgraded":["Flame Barrier"]},{"cards_removed":["Strike_R"],"damage_healed":0.0,"max_hp_gain":0.0,"max_hp_loss":0.0,"gold_gain":0.0,"event_name":"betterNote:BetterNote","player_choice":"Give","floor":20.0,"gold_loss":0.0,"damage_taken":0.0,"cards_obtained":["Strike_B"]},{"damage_healed":0.0,"max_hp_gain":0.0,"max_hp_loss":0.0,"gold_gain":0.0,"event_name":"The Mausoleum","player_choice":"Opened","floor":22.0,"gold_loss":0.0,"damage_taken":0.0,"relics_obtained":["Old Coin"],"cards_obtained":["Writhe"]},{"damage_healed":0.0,"max_hp_gain":0.0,"max_hp_loss":0.0,"gold_gain":100.0,"event_name":"Golden Shrine","player_choice":"Pray","floor":29.0,"gold_loss":0.0,"damage_taken":0.0},{"damage_healed":0.0,"max_hp_gain":0.0,"max_hp_loss":0.0,"gold_gain":0.0,"event_name":"Winding Halls","player_choice":"Embrace Madness","floor":36.0,"gold_loss":0.0,"damage_taken":11.0,"cards_obtained":["Madness","Madness"]},{"damage_healed":0.0,"max_hp_gain":0.0,"max_hp_loss":0.0,"gold_gain":0.0,"event_name":"Accursed Blacksmith","player_choice":"Forge","floor":37.0,"gold_loss":0.0,"damage_taken":0.0,"cards_upgraded":["Defend_R"]}],"is_beta":false,"boss_relics":[{"not_picked":["Philosopher\u0027s Stone","Runic Dome"],"picked":"Runic Cube"},{"not_picked":["Black Blood","Pandora\u0027s Box"],"picked":"Sozu"}],"items_purged_floors":[53,53],"is_endless":false,"potions_floor_spawned":[1,4,16,25,27,31,33,39,48],"ascension_level":0}}