{"host":"x5w9zppki4gdwvc7","time":1612425032,"event":{"mods":["AchievementEnabler","BaseMod","Colored Powertips","DeckTracker","Minty Spire (QoL Compilation)","SuperFastMode"],"gold_per_floor":[111,125,200,200,215,215,233,233,233,246,246,271,271,288,288,400,400,428,437,461,22,22,22,37,37,61,61,61],"floor_reached":27,"language":"ENG","playtime":825,"items_purged":["Strike_R"],"score":244,"play_id":"32185dac-b2ab-4418-a914-61ebd7e1ff6e","local_time":"20210204085032","is_ascension_mode":true,"campfire_choices":[{"data":"Flame Barrier","floor":6,"key":"SMITH"},{"data":"Bash","floor":8,"key":"SMITH"},{"data":"Defend_R","floor":11,"key":"SMITH"},{"floor":13,"key":"REST"},{"data":"Defend_R","floor":15,"key":"SMITH"},{"data":"True Grit","floor":23,"key":"SMITH"},{"data":"Shockwave","floor":25,"key":"SMITH"}],"circlet_count":0,"master_deck":["Strike_R","Strike_R","Strike_R+1","Defend_R","Defend_R+1","Defend_R+1","Defend_R+1","Bash+1","Thunderclap","Flame Barrier+1","Demon Form","True Grit+1","Discovery","Shrug It Off","Shockwave+1"],"relics":["Burning Blood","Ornamental Fan","CeramicFish","SacredBark","Bag of Marbles","Lantern","Akabeko"],"acts_visited":["Exordium","TheCity"],"potions_floor_usage":[16,20,24,27],"damage_taken":[{"damage":13,"enemies":"Small Slimes","floor":1,"turns":3},{"damage":0,"enemies":"Jaw Worm","floor":2,"turns":4},{"damage":0,"enemies":"Cultist","floor":5,"turns":4},{"damage":29,"enemies":"Exordium Thugs","floor":7,"turns":6},{"damage":0,"enemies":"2 Fungi Beasts","floor":10,"turns":4},{"damage":3,"enemies":"Looter","floor":14,"turns":4},{"damage":84,"enemies":"Hexaghost","floor":16,"turns":13},{"damage":45,"enemies":"Spheric Guardian","floor":18,"turns":8},{"damage":8,"enemies":"3 Byrds","floor":20,"turns":3},{"damage":21,"enemies":"Shelled Parasite and Fungi","floor":24,"turns":5},{"damage":80,"enemies":"Book of Stabbing","floor":27,"turns":8}],"seed_played":"3263682880049043318","potions_obtained":[{"floor":1,"key":"SteroidPotion"},{"floor":5,"key":"FairyPotion"},{"floor":7,"key":"BlessingOfTheForge"},{"floor":16,"key":"BloodPotion"},{"floor":18,"key":"Fire Potion"},{"floor":20,"key":"BloodPotion"}],"is_trial":false,"path_per_floor":["M","M","?","?","M","R","M","R","T","M","R","T","R","M","R","B",null,"M","?","M","$","?","R","M","R","T","E"],"character_chosen":"IRONCLAD","items_purchased":["Bag of Marbles","Lantern","Shockwave"],"campfire_rested":1,"item_purchase_floors":[21,21,21],"current_hp_per_floor":[73,79,68,52,58,58,35,35,35,41,41,41,65,68,68,14,80,41,29,59,59,59,59,44,44,44,0,0],"gold":61,"neow_bonus":"TRANSFORM_CARD","is_daily":false,"chose_seed":false,"campfire_upgraded":6,"win_rate":0.0,"timestamp":1612425032,"path_taken":["M","M","?","?","M","R","M","R","T","?","R","?","R","M","R","BOSS","M","?","M","?","?","R","M","R","T","E"],"items_purchased_type":["Relic","Relic","Card"],"build_version":"2020-12-22","purchased_purges":1,"victory":false,"max_hp_per_floor":[80,80,80,80,80,80,80,80,80,80,80,80,80,80,80,80,80,80,80,80,80,80,80,80,80,80,80,80],"card_choices":[{"not_picked":["Second Wind","Dropkick"],"picked":"Flame Barrier","floor":1},{"not_picked":["Sentinel","Thunderclap","Burning Pact"],"picked":"SKIP","floor":2},{"not_picked":["Headbutt","Battle Trance","Carnage"],"picked":"SKIP","floor":5},{"not_picked":["Headbutt","Pommel Strike","Hemokinesis"],"picked":"SKIP","floor":7},{"not_picked":["Metallicize","Pommel Strike","Warcry"],"picked":"SKIP","floor":10},{"not_picked":["Perfected Strike","Clothesline","Sentinel"],"picked":"SKIP","floor":14},{"not_picked":["Offering","Double Tap"],"picked":"Demon Form","floor":16},{"not_picked":["Warcry","Evolve"],"picked":"True Grit","floor":18},{"not_picked":["Whirlwind","Spot Weakness"],"picked":"Shrug It Off","floor":20},{"not_picked":["Reckless Charge","Clothesline+1","Offering"],"picked":"SKIP","floor":24}],"player_experience":451213,"relics_obtained":[{"floor":9,"key":"Ornamental Fan"},{"floor":12,"key":"CeramicFish"},{"floor":26,"key":"Akabeko"}],"event_choices":[{"damage_healed":0,"gold_gain":75,"player_choice":"Gather Gold","damage_taken":11,"max_hp_gain":0,"max_hp_loss":0,"event_name":"World of Goop","floor":3,"gold_loss":0},{"damage_healed":0,"gold_gain":0,"player_choice":"Entered Light","damage_taken":16,"max_hp_gain":0,"max_hp_loss":0,"event_name":"Shining Light","floor":4,"gold_loss":0,"cards_upgraded":["Defend_R","Strike_R"]},{"damage_healed":0,"gold_gain":0,"player_choice":"CARD ","damage_taken":12,"max_hp_gain":0,"max_hp_loss":0,"event_name":"Knowing Skull","floor":19,"potions_obtained":[],"gold_loss":0,"cards_obtained":["Discovery"]},{"damage_healed":0,"gold_gain":0,"player_choice":"Ignored","damage_taken":0,"max_hp_gain":0,"max_hp_loss":0,"event_name":"Vampires","floor":22,"gold_loss":0}],"is_beta":false,"boss_relics":[{"not_picked":["Black Star","Snecko Eye"],"picked":"SacredBark"}],"items_purged_floors":[21],"is_endless":false,"potions_floor_spawned":[1,5,7,16,18,20],"killed_by":"Book of Stabbing","ascension_level":4}}