{"host":"szuedzjmkye50eqq","time":1612465018,"event":{"mods":["BaseMod","Downfall","Googly Eyes","Minty Spire (QoL Compilation)","StSLib"],"gold_per_floor":[109,284,296,306,87,122,122,22,72,83,58,71,71,71,71,175,175,193,68,56,73,84,84,84,84],"floor_reached":24,"language":"ENG","playtime":1539,"items_purged":["Doubt","Strike_B","Defend_B"],"score":198,"play_id":"a2d395fd-1c72-496a-9484-f364e69e907c","local_time":"20210204195658","is_ascension_mode":false,"campfire_choices":[{"data":"White Noise","floor":7,"key":"SMITH"},{"data":"Ball Lightning","floor":13,"key":"SMITH"},{"floor":15,"key":"REST"},{"floor":23,"key":"REST"}],"circlet_count":0,"master_deck":["Strike_B","Strike_B","Defend_B","Defend_B","Defend_B","Zap","Dualcast","Reboot","Conserve Battery","White Noise+1","Glacier","Ball Lightning+1","Ball Lightning","Ball Lightning","Beam Cell","Thunder Strike","Conserve Battery","Leap","Coolheaded"],"relics":["Cracked Core","TheAbacus","Orichalcum","Centennial Puzzle","Inserter"],"acts_visited":["Exordium","TheCity"],"potions_floor_usage":[6],"damage_taken":[{"damage":0,"enemies":"Small Slimes","floor":1,"turns":2},{"damage":4,"enemies":"Cultist","floor":3,"turns":4},{"damage":0,"enemies":"2 Louse","floor":4,"turns":3},{"damage":22,"enemies":"Gremlin Nob","floor":6,"turns":4},{"damage":2,"enemies":"Blue Slaver","floor":10,"turns":3},{"damage":0,"enemies":"3 Louse","floor":12,"turns":3},{"damage":17,"enemies":"The Guardian","floor":16,"turns":10},{"damage":18,"enemies":"3 Byrds","floor":18,"turns":5},{"damage":6,"enemies":"2 Thieves","floor":20,"turns":5},{"damage":22,"enemies":"Centurion and Healer","floor":21,"turns":8},{"damage":13,"enemies":"Snake Plant","floor":22,"turns":5},{"damage":44,"enemies":"Gremlin Leader","floor":24,"turns":4}],"seed_played":"7167968431599475640","potions_obtained":[{"floor":1,"key":"Energy Potion"},{"floor":10,"key":"Fire Potion"},{"floor":12,"key":"bronze:BurnAndBuffPotion"},{"floor":16,"key":"LiquidMemories"}],"is_trial":false,"path_per_floor":["M","?","M","M","$","E","R","$","T","M","$","M","R","?","R","B",null,"M","$","M","M","M","R","E"],"character_chosen":"DEFECT","items_purchased":["TheAbacus","Ball Lightning"],"campfire_rested":2,"item_purchase_floors":[5,11],"current_hp_per_floor":[75,75,71,71,71,49,49,49,49,47,47,47,47,47,69,52,75,57,57,51,29,16,38,0,0],"gold":84,"neow_bonus":"ONE_RANDOM_RARE_CARD","is_daily":false,"chose_seed":false,"campfire_upgraded":2,"win_rate":0.0,"timestamp":1612465018,"path_taken":["M","?","M","M","$","E","R","$","T","M","$","M","R","?","R","BOSS","M","$","M","M","M","R","E"],"items_purchased_type":["Relic","Card"],"build_version":"2020-12-22","purchased_purges":3,"victory":false,"max_hp_per_floor":[75,75,75,75,75,75,75,75,75,75,75,75,75,75,75,75,75,75,75,75,75,75,75,75,75],"card_choices":[{"not_picked":["Rip and Tear","Redo"],"picked":"Conserve Battery","floor":1},{"not_picked":["Undo","Go for the Eyes"],"picked":"White Noise","floor":3},{"not_picked":["Defragment","Steam"],"picked":"Glacier","floor":4},{"not_picked":["Skim","Glacier"],"picked":"Ball Lightning","floor":6},{"not_picked":["Steam","Reboot","Beam Cell"],"picked":"SKIP","floor":10},{"not_picked":["Hologram","Darkness"],"picked":"Ball Lightning","floor":12},{"not_picked":["All For One","Machine Learning"],"picked":"Thunder Strike","floor":16},{"not_picked":["Rebound+1","Go for the Eyes+1"],"picked":"Conserve Battery","floor":18},{"not_picked":["Go for the Eyes","Loop"],"picked":"Leap","floor":20},{"not_picked":["Redo","Stack"],"picked":"Coolheaded","floor":21},{"not_picked":["Hologram","Genetic Algorithm","Stack"],"picked":"SKIP","floor":22}],"player_experience":53758,"relics_obtained":[{"floor":6,"key":"Orichalcum"},{"floor":9,"key":"Centennial Puzzle"}],"event_choices":[{"damage_healed":0,"gold_gain":175,"player_choice":"AGREE","damage_taken":0,"max_hp_gain":0,"max_hp_loss":0,"event_name":"Liars Game","floor":2,"gold_loss":0,"cards_obtained":["Doubt"]},{"damage_healed":0,"gold_gain":0,"cards_transformed":["Strike_B"],"player_choice":"Transformed","damage_taken":0,"max_hp_gain":0,"max_hp_loss":0,"event_name":"Transmorgrifier","floor":14,"gold_loss":0,"cards_obtained":["Beam Cell"]}],"is_beta":false,"boss_relics":[{"not_picked":["Nuclear Battery","Coffee Dripper"],"picked":"Inserter"}],"items_purged_floors":[5,8,19],"is_endless":false,"potions_floor_spawned":[1,10,12,16,21],"killed_by":"Gremlin Leader","ascension_level":0}}