{"host":"g07ql0oly65lqxqj","time":1612432463,"event":{"mods":["Act Like it!","BaseMod","Conspire","Gensokyo","Koishi","Lobotomy","Minty Spire (QoL Compilation)","StSLib","Synergy Search","The Blackbeard","The Hierophant","WarShipGirlsR/’ΩΩ¢…Ÿ≈ÆR mod","Warlord Emblem","Yakumo Yukari mod","[GremlinLeader]The Maniac"],"gold_per_floor":[112,112,131,145,145,179,179,179,233,250,266,266,281,291,291,393,443,463,443,454,454,454],"floor_reached":21,"language":"ZHS","playtime":1158,"items_purged":[],"score":183,"play_id":"c3991f51-0818-4326-b93d-59823dddd9e4","local_time":"20210204175423","is_ascension_mode":false,"campfire_choices":[{"data":"rmod:fuelsupply","floor":12.0,"key":"SMITH"},{"floor":15.0,"key":"REST"}],"circlet_count":0,"master_deck":["rmod:strick","rmod:strick","rmod:strick+1","rmod:strick","rmod:defend","rmod:defend","rmod:defend","rmod:defend","rmod:basicallowance","rmod:maingunfire+1","rmod:chargemoney","rmod:diaomin","rmod:luckystar+1","rmod:luckystar","rmod:fuelsupply+1","rmod:supportaircraftcarrier","rmod:fletcherpendant","rmod:fletcherpendant","rmod:seals","rmod:maintain","rmod:openingtorpedo","rmod:bulid","rmod:aluminumsupply"],"relics":["rmod:firstchargereward","Regal Pillow","Omamori","Tiny House"],"acts_visited":["Exordium","TheCity"],"potions_floor_usage":[],"damage_taken":[{"damage":3.0,"enemies":"Small Slimes","floor":1.0,"turns":3.0},{"damage":0.0,"enemies":"2 Louse","floor":3.0,"turns":3.0},{"damage":0.0,"enemies":"Jaw Worm","floor":4.0,"turns":5.0},{"damage":4.0,"enemies":"Lagavulin","floor":6.0,"turns":6.0},{"damage":7.0,"enemies":"Exordium Thugs","floor":10.0,"turns":5.0},{"damage":6.0,"enemies":"2 Fungi Beasts","floor":11.0,"turns":3.0},{"damage":16.0,"enemies":"3 Louse","floor":13.0,"turns":4.0},{"damage":0.0,"enemies":"Large Slime","floor":14.0,"turns":4.0},{"damage":28.0,"enemies":"Slime Boss","floor":16.0,"turns":6.0},{"damage":0.0,"enemies":"conspire:FuzzyDice","floor":18.0,"turns":7.0},{"damage":10.0,"enemies":"2 Thieves","floor":20.0,"turns":2.0},{"damage":60,"enemies":"Chosen and Byrds","floor":21,"turns":6}],"seed_played":"-1975076351150516477","potions_obtained":[{"floor":1.0,"key":"SpeedPotion"},{"floor":6.0,"key":"AttackPotion"},{"floor":10.0,"key":"Energy Potion"},{"floor":11.0,"key":"LiquidMemories"},{"floor":17.0,"key":"FairyPotion"}],"is_trial":false,"path_per_floor":["M","?","M","M","?","E","?","?","T","M","M","R","M","M","R","B",null,"M","?","M","M"],"character_chosen":"PRAEFECT","items_purchased":[],"campfire_rested":1,"item_purchase_floors":[],"current_hp_per_floor":[72,72,72,72,72,68,68,68,68,61,55,55,39,39,75,47,80,80,80,70,10,10],"gold":454,"neow_bonus":"UPGRADE_CARD","is_daily":false,"chose_seed":false,"campfire_upgraded":1,"win_rate":0.0,"timestamp":1612432463,"path_taken":["M","?","M","M","?","E","?","?","T","M","M","R","M","M","R","BOSS","M","?","M","M"],"items_purchased_type":[],"build_version":"2020-12-22","purchased_purges":0,"victory":false,"max_hp_per_floor":[75,75,75,75,75,75,75,75,75,75,75,75,75,75,75,75,80,80,80,80,80,80],"card_choices":[{"not_picked":["rmod:slowdown","rmod:firesupport"],"picked":"rmod:chargemoney","floor":1.0},{"not_picked":["rmod:circuitoustactics","rmod:steelsupply"],"picked":"rmod:diaomin","floor":3.0},{"not_picked":["rmod:tearstotiara","rmod:supportescort"],"picked":"rmod:luckystar","floor":4.0},{"not_picked":["rmod:aggressivemary","rmod:guardianhero","rmod:launchingtorpedo"],"picked":"SKIP","floor":6.0},{"not_picked":["rmod:guardianhero","rmod:selfconfidence"],"picked":"rmod:luckystar","floor":10.0},{"not_picked":["rmod:goodsister","rmod:lonelyqueen"],"picked":"rmod:fuelsupply","floor":11.0},{"not_picked":["rmod:expeditionaryescort","rmod:smokecover"],"picked":"rmod:supportaircraftcarrier","floor":13.0},{"not_picked":["rmod:luckystar","rmod:tearstotiara"],"picked":"rmod:fletcherpendant","floor":14.0},{"not_picked":["rmod:ridicule","rmod:highspeedmaneuver"],"picked":"rmod:seals","floor":16.0},{"not_picked":["rmod:fletcherpendant","rmod:diamondstrike"],"picked":"rmod:maintain","floor":17.0},{"not_picked":["rmod:diamondstrike","rmod:supportescort"],"picked":"rmod:openingtorpedo","floor":18.0},{"not_picked":[],"picked":"rmod:bulid","floor":19.0},{"not_picked":[],"picked":"rmod:aluminumsupply","floor":19.0},{"not_picked":["rmod:ammunitionsupply+1","rmod:diamondstrike","rmod:gendarmerie"],"picked":"SKIP","floor":20.0}],"player_experience":397531,"relics_obtained":[{"floor":6.0,"key":"Regal Pillow"},{"floor":9.0,"key":"Omamori"}],"event_choices":[{"damage_healed":0.0,"max_hp_gain":0.0,"max_hp_loss":0.0,"gold_gain":0.0,"event_name":"conspire:LoneGhost","player_choice":"Disagree","floor":2.0,"gold_loss":0.0,"damage_taken":0.0},{"damage_healed":0.0,"max_hp_gain":0.0,"max_hp_loss":0.0,"gold_gain":0.0,"event_name":"Living Wall","player_choice":"Grow","floor":5.0,"gold_loss":0.0,"damage_taken":0.0,"cards_upgraded":["rmod:luckystar"]},{"damage_healed":0.0,"max_hp_gain":0.0,"max_hp_loss":0.0,"gold_gain":0.0,"event_name":"conspire:Investor","player_choice":"Leave","floor":7.0,"gold_loss":0.0,"damage_taken":0.0},{"damage_healed":0.0,"max_hp_gain":0.0,"max_hp_loss":0.0,"gold_gain":0.0,"event_name":"The Cleric","player_choice":"Leave","floor":8.0,"gold_loss":0.0,"damage_taken":0.0}],"is_beta":false,"boss_relics":[{"not_picked":["conspire:RoyalGoblet","Velvet Choker"],"picked":"Tiny House"}],"items_purged_floors":[],"is_endless":false,"potions_floor_spawned":[1,6,10,11,13],"killed_by":"Chosen and Byrds","ascension_level":0}}