{"host":"ko40t1o51xotjt2v","time":1612416950,"event":{"mods":["2.2 Compatiblity","AchievementEnabler","Aspiration","BaseMod","Better Match","Better Third Choice","Better Vampires","Conspire","Downfall","Energized Spire","GifTheSpireLib","Halation","Hubris","Jedi Mod","Minty Spire (QoL Compilation)","MostiFishMod","Spicy Shops","Spikes Relics","StSLib","Stuff the Spire","TestMod","??????REMEMod"],"gold_per_floor":[118,129,146,164,164,189,189,218,245,245,260,289,389,407,407,483,483,497,497,509,255,272,307,132,166,190,29,57,74,108,125,125,203,203,217,230,249,261,272,304,329,348,348,359,387,387,71,85,85,85,85,85,85,117,117],"floor_reached":56,"language":"SPA","playtime":2800,"items_purged":["MostiFishMod:ShivMaster","StuffTheSpire:DoubleShiv"],"score":2752,"play_id":"134ef5ef-92e9-4c27-8111-056c2f7128a8","local_time":"20210204063550","is_ascension_mode":true,"campfire_choices":[{"data":"MostiFishMod:PreservedThorns","floor":7.0,"key":"SMITH"},{"data":"jedi:collectorvenom","floor":15.0,"key":"SMITH"},{"data":"StuffTheSpire:ReptileScales","floor":32.0,"key":"SMITH"},{"data":"Neutralize","floor":46.0,"key":"SMITH"},{"floor":49.0,"key":"RECALL"},{"data":"Dash","floor":52.0,"key":"SMITH"}],"circlet_count":0,"master_deck":["AscendersBane","Strike_G","Strike_G","Strike_G","Strike_G","Strike_G","Defend_G","Defend_G","Defend_G","Defend_G","Defend_G","Survivor","Neutralize+1","Slice","Prepared","Neutralize","MostiFishMod:PreservedThorns+1","StuffTheSpire:ReptileScales+1","jedi:collectorvenom+1","StuffTheSpire:Vigor","Catalyst+1","Corpse Explosion+1","Dash+1"],"relics":["Ring of the Snake","DaveBox","testmod-TestBox","REME_ComplimentaryCards","NeowsBlessing","SynthV:TestCard","testmod-Fortitude","Lizard Tail","Bronze Scales","RollingBoulder","FeatherPendant","Enchiridion","Molten Egg 2","jedi:archwizardhat","BrkXgEgg","halation:Pancakes","hubris:64BitClover","Runic Pyramid","StuffTheSpire:Mouthbags","PreservedInsect","halation:AfternoonTea","testmod-Justice","REME_PuzzleBoxRelic","ToxicTincture","testmod-Antiphasic","Ornamental Fan"],"acts_visited":["Exordium","TheCity","TheBeyond","TheEnding"],"potions_floor_usage":[55],"damage_taken":[{"damage":0.0,"enemies":"Cultist","floor":1.0,"turns":1.0},{"damage":0.0,"enemies":"2 Louse","floor":2.0,"turns":1.0},{"damage":0.0,"enemies":"Small Slimes","floor":3.0,"turns":1.0},{"damage":0.0,"enemies":"Red Slaver","floor":4.0,"turns":3.0},{"damage":31.0,"enemies":"Gremlin Nob","floor":6.0,"turns":5.0},{"damage":10.0,"enemies":"Lagavulin","floor":8.0,"turns":5.0},{"damage":0.0,"enemies":"Exordium Wildlife","floor":11.0,"turns":2.0},{"damage":3.0,"enemies":"Gremlin Nob","floor":12.0,"turns":3.0},{"damage":0.0,"enemies":"Looter","floor":14.0,"turns":2.0},{"damage":17.0,"enemies":"The Guardian","floor":16.0,"turns":10.0},{"damage":0.0,"enemies":"Shell Parasite","floor":18.0,"turns":3.0},{"damage":0.0,"enemies":"Chosen","floor":20.0,"turns":2.0},{"damage":0.0,"enemies":"Shelled Parasite and Fungi","floor":22.0,"turns":3.0},{"damage":12.0,"enemies":"Slavers","floor":23.0,"turns":3.0},{"damage":0.0,"enemies":"Book of Stabbing","floor":25.0,"turns":4.0},{"damage":16.0,"enemies":"Slavers","floor":28.0,"turns":3.0},{"damage":0.0,"enemies":"Snecko","floor":29.0,"turns":1.0},{"damage":0.0,"enemies":"Gremlin Leader","floor":30.0,"turns":3.0},{"damage":0.0,"enemies":"Snake Plant","floor":31.0,"turns":1.0},{"damage":0.0,"enemies":"Champ","floor":33.0,"turns":4.0},{"damage":0.0,"enemies":"Orb Walker","floor":35.0,"turns":1.0},{"damage":0.0,"enemies":"3 Darklings","floor":36.0,"turns":1.0},{"damage":0.0,"enemies":"4 Shapes","floor":37.0,"turns":2.0},{"damage":0.0,"enemies":"Writhing Mass","floor":38.0,"turns":2.0},{"damage":0.0,"enemies":"3 Darklings","floor":39.0,"turns":4.0},{"damage":0.0,"enemies":"Reptomancer","floor":40.0,"turns":5.0},{"damage":0.0,"enemies":"Giant Head","floor":41.0,"turns":3.0},{"damage":0.0,"enemies":"Spire Growth","floor":42.0,"turns":3.0},{"damage":0.0,"enemies":"Jaw Worm Horde","floor":44.0,"turns":1.0},{"damage":15.0,"enemies":"Nemesis","floor":45.0,"turns":3.0},{"damage":0.0,"enemies":"Sphere and 2 Shapes","floor":48.0,"turns":1.0},{"damage":0.0,"enemies":"hubris:GrandSnecko","floor":50.0,"turns":3.0},{"damage":0.0,"enemies":"Shield and Spear","floor":54.0,"turns":3.0},{"damage":54,"enemies":"The Heart","floor":55,"turns":5}],"seed_played":"3388502202549668661","potions_obtained":[{"floor":6.0,"key":"Poison Potion"},{"floor":8.0,"key":"EntropicBrew"},{"floor":11.0,"key":"Fire Potion"},{"floor":12.0,"key":"testmod-TestPotion"},{"floor":14.0,"key":"SkillPotion"},{"floor":18.0,"key":"Fire Potion"},{"floor":20.0,"key":"Explosive Potion"},{"floor":23.0,"key":"SpeedPotion"},{"floor":31.0,"key":"SkillPotion"},{"floor":36.0,"key":"testmod-EscapePotion"},{"floor":38.0,"key":"jedi:wingpotion"},{"floor":41.0,"key":"Fire Potion"}],"is_trial":false,"path_per_floor":["M","M","M","M","?","E","R","E","T","?","M","E","?","M","R","B",null,"M","?","M","?","M","E","$","E","T","$","E","M","E","M","R","B",null,"M","M","M","M","M","E","E","M","T","M","E","R","$","M","R","B",null,"R","$","E","B",null],"character_chosen":"THE_SILENT","items_purchased":["BrkXgEgg","ToxicTincture","testmod-Antiphasic"],"campfire_rested":0,"item_purchase_floors":[27,47,47],"current_hp_per_floor":[59,59,59,59,59,28,28,18,18,14,14,11,11,11,11,28,57,57,36,36,36,36,24,24,24,24,24,51,51,51,51,51,51,62,62,62,62,62,62,62,62,62,62,62,47,47,47,47,47,47,61,61,61,61,12],"gold":117,"neow_bonus":"THREE_ENEMY_KILL","is_daily":false,"chose_seed":false,"campfire_upgraded":5,"win_rate":0.0,"timestamp":1612416950,"path_taken":["M","M","M","M","?","E","R","E","T","?","?","E","?","?","R","BOSS","M","?","M","?","M","E","$","E","T","?","E","?","E","M","R","BOSS","M","?","M","M","?","E","E","M","T","M","E","R","$","M","R","BOSS","R","$","E","BOSS"],"items_purchased_type":["Relic","Relic","Relic"],"build_version":"2020-12-22","purchased_purges":2,"victory":true,"max_hp_per_floor":[66,66,66,66,66,66,66,66,66,66,66,66,66,66,66,66,66,66,66,66,66,66,66,66,66,66,66,66,66,66,66,66,66,66,66,66,66,66,66,66,66,66,66,66,66,66,66,66,66,66,66,66,66,66,71],"card_choices":[{"not_picked":["Deflect","Underhanded Strike"],"picked":"Dash","floor":1.0},{"not_picked":["jedi:pocketpoison","Outmaneuver","Calculated Gamble","Blur"],"picked":"Slice","floor":2.0},{"not_picked":["StuffTheSpire:ClusterCrunch","Acrobatics","Escape Plan","Quick Slash"],"picked":"Prepared","floor":3.0},{"not_picked":["Skewer","Eviscerate","StuffTheSpire:BrimstoneBlast","Flechettes","Outmaneuver"],"picked":"SKIP","floor":4.0},{"not_picked":["Caltrops","Cloak And Dagger","MostiFishMod:WinterMarkForm","Calculated Gamble"],"picked":"MostiFishMod:PreservedThorns","floor":6.0},{"not_picked":["Eviscerate","Sucker Punch","Backflip","Underhanded Strike"],"picked":"StuffTheSpire:ReptileScales","floor":8.0},{"not_picked":["jedi:acidrain","PiercingWail","Flying Knee","Predator","StuffTheSpire:Injection"],"picked":"SKIP","floor":11.0},{"not_picked":["MostiFishMod:Opportunism","Concentrate","Terror","MostiFishMod:Confrontation"],"picked":"jedi:collectorvenom","floor":12.0},{"not_picked":["hubris:Sniper","Backflip","Cloak And Dagger","PiercingWail"],"picked":"jedi:collectorvenom","floor":14.0},{"not_picked":["MostiFishMod:SpreadingSpore","MostiFishMod:WinterMarkForm","jedi:collectorvenom+1","aspiration:Lunge"],"picked":"MostiFishMod:ShivMaster","floor":16.0},{"not_picked":["Acrobatics","Flying Knee","Underhanded Strike","hubris:SlightOfHand"],"picked":"jedi:collectorvenom+1","floor":18.0},{"not_picked":["Slice","StuffTheSpire:ClusterCrunch","PiercingWail","StuffTheSpire:Injection+1"],"picked":"StuffTheSpire:DoubleShiv","floor":20.0},{"not_picked":["Dagger Spray","Slice","Terror","Bane"],"picked":"jedi:collectorvenom+1","floor":22.0},{"not_picked":["StuffTheSpire:ClusterCrunch+1","Outmaneuver","StuffTheSpire:MirrorStance","Infinite Blades"],"picked":"jedi:collectorvenom+1","floor":23.0},{"not_picked":["jedi:acidrain","Slice+1","StuffTheSpire:ReptileScales","Finisher+1"],"picked":"jedi:collectorvenom+1","floor":25.0},{"not_picked":["StuffTheSpire:BumpUp+1","jedi:collectorvenom+1","Flying Knee+1","Outmaneuver"],"picked":"Catalyst+1","floor":28.0},{"not_picked":["Dagger Throw+1","Backstab+1","REME_ShadowStrike+1","StuffTheSpire:ClusterCrunch+1"],"picked":"jedi:collectorvenom+1","floor":29.0},{"not_picked":["MostiFishMod:Opportunism+1","Outmaneuver","Dagger Throw+1","REME_ShadowForm+1"],"picked":"jedi:collectorvenom+1","floor":30.0},{"not_picked":["Backstab+1","Deadly Poison","Underhanded Strike+1","Endless Agony+1"],"picked":"jedi:collectorvenom+1","floor":31.0},{"not_picked":["Phantasmal Killer+1","jedi:studypoison+1","MostiFishMod:Dislodge+1","jedi:collectorvenom+1"],"picked":"Corpse Explosion+1","floor":33.0},{"not_picked":["Catalyst","MostiFishMod:VineMother","Flechettes+1","MostiFishMod:PerfectParry"],"picked":"jedi:collectorvenom+1","floor":35.0},{"not_picked":["Underhanded Strike+1","Slice+1","Prepared","Cloak And Dagger"],"picked":"jedi:collectorvenom+1","floor":36.0},{"not_picked":["Bane+1","StuffTheSpire:BumpUp+1","Backstab+1","REME_GreenPollution"],"picked":"jedi:collectorvenom+1","floor":37.0},{"not_picked":["Dodge and Roll","jedi:pocketpoison","StuffTheSpire:Python","MostiFishMod:ShivMaster+1"],"picked":"jedi:collectorvenom+1","floor":38.0},{"not_picked":["hubris:SlightOfHand+1","Slice+1","Flechettes+1","Tactician"],"picked":"jedi:collectorvenom+1","floor":39.0},{"not_picked":["Poisoned Stab+1","Quick Slash+1","Skewer+1","Blade Dance"],"picked":"jedi:collectorvenom+1","floor":40.0},{"not_picked":["Setup","Deflect","Escape Plan","Well Laid Plans"],"picked":"jedi:collectorvenom+1","floor":41.0},{"not_picked":["Dodge and Roll+1","Blade Dance","StuffTheSpire:ClusterCrunch+1","StuffTheSpire:BumpUp+1"],"picked":"jedi:collectorvenom+1","floor":42.0},{"not_picked":["Deadly Poison","Blade Dance","Flechettes+1","Poisoned Stab+1"],"picked":"jedi:collectorvenom+1","floor":44.0},{"not_picked":["StuffTheSpire:Injection+1","Quick Slash+1","StuffTheSpire:ClusterCrunch+1","StuffTheSpire:Python"],"picked":"jedi:collectorvenom+1","floor":45.0},{"not_picked":["Quick Slash+1","Underhanded Strike+1","StuffTheSpire:BumpUp+1","Dodge and Roll"],"picked":"jedi:collectorvenom+1","floor":48.0},{"not_picked":["MostiFishMod:VineMother+1","Skewer+1","jedi:unstablefumes","Deflect"],"picked":"jedi:collectorvenom+1","floor":54.0}],"player_experience":480562,"relics_obtained":[{"floor":1.0,"key":"SynthV:TestCard"},{"floor":6.0,"key":"testmod-Fortitude"},{"floor":8.0,"key":"Lizard Tail"},{"floor":9.0,"key":"Bronze Scales"},{"floor":12.0,"key":"RollingBoulder"},{"floor":19.0,"key":"Enchiridion"},{"floor":23.0,"key":"Molten Egg 2"},{"floor":25.0,"key":"jedi:archwizardhat"},{"floor":28.0,"key":"halation:Pancakes"},{"floor":30.0,"key":"hubris:64BitClover"},{"floor":39.0,"key":"StuffTheSpire:Mouthbags"},{"floor":40.0,"key":"PreservedInsect"},{"floor":41.0,"key":"halation:AfternoonTea"},{"floor":43.0,"key":"testmod-Justice"},{"floor":45.0,"key":"REME_PuzzleBoxRelic"},{"floor":54.0,"key":"Ornamental Fan"}],"event_choices":[{"damage_healed":0.0,"max_hp_gain":0.0,"max_hp_loss":0.0,"gold_gain":0.0,"event_name":"The Woman in Blue","player_choice":"Bought 0 Potions","floor":10.0,"gold_loss":0.0,"damage_taken":0.0},{"damage_healed":0.0,"max_hp_gain":0.0,"max_hp_loss":0.0,"gold_gain":100.0,"event_name":"Wheel of Change","player_choice":"Gold","floor":13.0,"gold_loss":0.0,"damage_taken":0.0},{"damage_healed":0.0,"max_hp_gain":0.0,"max_hp_loss":0.0,"gold_gain":0.0,"event_name":"Cursed Tome","player_choice":"Obtained Book","floor":19.0,"gold_loss":0.0,"damage_taken":21.0}],"is_beta":false,"boss_relics":[{"not_picked":["testmod-IncinerationGenerator","hubris:HollowSoul"],"picked":"FeatherPendant"},{"not_picked":["GreenFoldingFan","testmod-TimeTraveler"],"picked":"Runic Pyramid"}],"items_purged_floors":[24,24],"is_endless":false,"potions_floor_spawned":[6,8,11,12,14,18,20,23,31,36,38,41,42,44],"ascension_level":16}}