{"host":"utqe55yv0jihe4d6","time":1612413510,"event":{"mods":["2.2 Compatiblity","AchievementEnabler","BaseMod","Block Reminder","Colored Map","Colored Powertips","Minty Spire (QoL Compilation)","Quick Restart","Rare Cards Sparkle","Relic Stats","SuperFastMode"],"gold_per_floor":[115,129,54,71,88,88,98,98,98,131,142,142,142,175,175,175,175],"floor_reached":16,"language":"ENG","playtime":368,"items_purged":[],"score":224,"play_id":"6f024cd9-bb79-404b-80e7-3537a4129580","local_time":"20210203233830","is_ascension_mode":true,"campfire_choices":[{"data":"Corpse Explosion","floor":6,"key":"SMITH"},{"data":"Noxious Fumes","floor":8,"key":"SMITH"},{"floor":12,"key":"REST"},{"data":"Well Laid Plans","floor":15,"key":"SMITH"}],"circlet_count":0,"master_deck":["AscendersBane","Strike_G","Strike_G","Strike_G","Strike_G","Defend_G","Defend_G","Defend_G","Defend_G","Defend_G","Survivor","Neutralize+1","Dagger Throw","Dagger Throw","Deadly Poison","Corpse Explosion+1","Noxious Fumes+1","Infinite Blades","Well Laid Plans+1"],"relics":["Ring of the Snake","Turnip","Gambling Chip","StoneCalendar","Letter Opener"],"acts_visited":["Exordium"],"potions_floor_usage":[14,16],"damage_taken":[{"damage":0,"enemies":"Jaw Worm","floor":1,"turns":5},{"damage":2,"enemies":"2 Louse","floor":2,"turns":4},{"damage":0,"enemies":"Cultist","floor":4,"turns":4},{"damage":15,"enemies":"Exordium Thugs","floor":5,"turns":5},{"damage":6,"enemies":"Looter","floor":7,"turns":3},{"damage":33,"enemies":"Gremlin Nob","floor":10,"turns":4},{"damage":15,"enemies":"Red Slaver","floor":11,"turns":5},{"damage":15,"enemies":"3 Sentries","floor":14,"turns":3},{"damage":25,"enemies":"Slime Boss","floor":16,"turns":3}],"seed_played":"-5618217224186462023","potions_obtained":[{"floor":5,"key":"FairyPotion"},{"floor":11,"key":"CunningPotion"},{"floor":14,"key":"ColorlessPotion"}],"is_trial":false,"path_per_floor":["M","M","?","M","M","R","M","R","T","E","M","R","?","E","R","B"],"character_chosen":"THE_SILENT","items_purchased":[],"campfire_rested":1,"item_purchase_floors":[],"current_hp_per_floor":[59,57,57,57,42,42,36,36,36,3,18,36,36,21,21,0,0],"gold":175,"neow_bonus":"ONE_RARE_RELIC","is_daily":false,"chose_seed":false,"campfire_upgraded":3,"win_rate":0.0,"timestamp":1612413510,"path_taken":["M","M","?","M","M","R","M","R","T","E","M","R","?","E","R","BOSS"],"items_purchased_type":[],"build_version":"2020-12-22","purchased_purges":0,"victory":false,"max_hp_per_floor":[60,60,60,60,60,60,60,60,60,60,60,60,60,60,60,60,60],"relic_stats":{"counters":[9,36],"Gambling Chip":[17],"StoneCalendar":[0],"Turnip":[0],"Letter Opener":[5],"obtain_stats":[{"Gambling Chip":9,"StoneCalendar":10,"Turnip":0,"Letter Opener":14,"Ring of the Snake":0},{"Gambling Chip":5,"StoneCalendar":6,"Turnip":0,"Letter Opener":8,"Ring of the Snake":0},{"Gambling Chip":21,"StoneCalendar":25,"Turnip":0,"Letter Opener":33,"Ring of the Snake":0}],"Ring of the Snake":[18]},"card_choices":[{"not_picked":["Slice","PiercingWail"],"picked":"Dagger Throw","floor":1},{"not_picked":["Prepared","Setup"],"picked":"Dagger Throw","floor":2},{"not_picked":["Dagger Throw","Backflip"],"picked":"Deadly Poison","floor":4},{"not_picked":["Calculated Gamble","Dagger Spray"],"picked":"Corpse Explosion","floor":5},{"not_picked":["Quick Slash","Slice"],"picked":"Noxious Fumes","floor":7},{"not_picked":["Dagger Throw","Quick Slash"],"picked":"Infinite Blades","floor":10},{"not_picked":["Distraction","Poisoned Stab"],"picked":"Well Laid Plans","floor":11},{"not_picked":["Backflip","Reflex","Blade Dance"],"picked":"SKIP","floor":14}],"player_experience":3015744,"relics_obtained":[{"floor":9,"key":"Gambling Chip"},{"floor":10,"key":"StoneCalendar"},{"floor":14,"key":"Letter Opener"}],"event_choices":[{"cards_removed":["Strike_G"],"damage_healed":0,"gold_gain":0,"player_choice":"Card Removal","damage_taken":0,"max_hp_gain":0,"max_hp_loss":0,"event_name":"The Cleric","floor":3,"gold_loss":75},{"damage_healed":0,"gold_gain":0,"player_choice":"Grow","damage_taken":0,"max_hp_gain":0,"max_hp_loss":0,"event_name":"Living Wall","floor":13,"gold_loss":0,"cards_upgraded":["Neutralize"]}],"is_beta":false,"boss_relics":[],"items_purged_floors":[],"is_endless":false,"potions_floor_spawned":[5,11,14],"killed_by":"Slime Boss","ascension_level":20}}