{"host":"54jr43vd79817238","time":1612459296,"event":{"mods":["100% Spire Juice","ATMod(阿瑾Mod)","Act Like it!","Arknights","Aspiration","BaseMod","CapriCore","Dota2Spire","Friendly Minions","Gensokyo","Hallownest","Hermit","Jedi Mod","KomeijiMod","Lobotomy","LobotomyExtend","Marisa（F雨　魔理沙）","Minty Spire (QoL Compilation)","MostiFishMod","Quarter Circle Forward PUNCH!","Reliquary","Replay The Spire","Robot Space Explorer","RumiaBox-露米娅的神秘盒子","Slay the StarCraft II Mod","Spicy Shops","StSLib","TestMod","The Blackbeard","The Dragon Tamer","WarShipGirlsR/战舰少女R mod","Yakumo Yukari mod","Youmu（魂魄妖梦）","Yuyuko","[IsaacMod]以撒尖塔","【遗物卡牌】REMEMod"],"gold_per_floor":[114,114,128,148,148,148,162,162,240,257,290,290,303,335,335,438,438,449,449,459,234,247,278,278,289,343,343,353,353,313,313,313,409,409,423,423,423,439,455,480,480,480],"floor_reached":41,"language":"ZHS","playtime":3409,"items_purged":["RobotSpaceExplorer:Strike"],"score":631,"play_id":"2be97737-f1f8-471b-a666-3afa7e7ecdcf","local_time":"20210205012136","is_ascension_mode":true,"campfire_choices":[{"data":"AT_TinkerSharpsword","floor":6,"key":"SMITH"},{"floor":12,"key":"RECALL"},{"floor":15,"key":"REST"},{"floor":24,"key":"REST"},{"data":"RobotSpaceExplorer:Ammunition","floor":27,"key":"SMITH"},{"data":"RobotSpaceExplorer:MiniLasers","floor":32,"key":"SMITH"}],"circlet_count":0,"master_deck":["RobotSpaceExplorer:Strike","RobotSpaceExplorer:Strike","RobotSpaceExplorer:Strike","RobotSpaceExplorer:Defend","RobotSpaceExplorer:Defend","RobotSpaceExplorer:Defend","RobotSpaceExplorer:Defend","RobotSpaceExplorer:Scan","RobotSpaceExplorer:MiniLasers+1","RobotSpaceExplorer:ShockMissile+1","AT_TinkerSharpsword+1","RobotSpaceExplorer:ScrapMissile","RobotSpaceExplorer:ScrapMissile","RobotSpaceExplorer:ShovelStrike","RobotSpaceExplorer:PowerGlove","RobotSpaceExplorer:Ammunition+1","RobotSpaceExplorer:Explosion","RobotSpaceExplorer:Probe","RobotSpaceExplorer:TrailblazerForm+1","RobotSpaceExplorer:ScrapShield","RobotSpaceExplorer:SurgingStrike","RobotSpaceExplorer:GlueShot+1","RobotSpaceExplorer:MiniBoosters","RobotSpaceExplorer:Counterblock+1","RobotSpaceExplorer:Probe","RobotSpaceExplorer:GlueShot"],"relics":["RobotSpaceExplorer:RoboCore","DaveBox","AT_ATBox","testmod-TestBox","REME_ComplimentaryCards","HushsDoor","SteamSale","testmod-LifeArmor","Dodecahedron","reliquary:Sideboard","SynthV:TestCard","Replay:WaspNest","AT_ArchangelStaff","jedi:hotpepper","aspiration:ChemicalBlood","Medical Kit","HowToJump","reliquary:BoilingFlask","reliquary:TuningFork","xbg","GuppysCollar","Darkstone Periapt"],"acts_visited":["Exordium","Gensokyo:Gensokyoer","Gensokyo:Gensokyoest"],"potions_floor_usage":[10,11,11,28,33,33,40],"damage_taken":[{"damage":14,"enemies":"Cultist","floor":1,"turns":5},{"damage":0,"enemies":"Small Slimes","floor":3,"turns":3},{"damage":5,"enemies":"2 Louse","floor":4,"turns":2},{"damage":4,"enemies":"2 Fungi Beasts","floor":7,"turns":4},{"damage":4,"enemies":"Large Slime","floor":10,"turns":4},{"damage":15,"enemies":"Gremlin Nob","floor":11,"turns":4},{"damage":2,"enemies":"Red Slaver","floor":13,"turns":3},{"damage":20,"enemies":"Lagavulin","floor":14,"turns":5},{"damage":11,"enemies":"Hexaghost","floor":16,"turns":8},{"damage":14,"enemies":"Gensokyo:3_Dogs","floor":18,"turns":4},{"damage":10,"enemies":"Gensokyo:AngelMirror","floor":20,"turns":2},{"damage":2,"enemies":"Gensokyo:Swordslinger","floor":22,"turns":4},{"damage":9,"enemies":"Gensokyo:Tenshi","floor":23,"turns":4},{"damage":0,"enemies":"Gensokyo:Wraith","floor":25,"turns":4},{"damage":13,"enemies":"Gensokyo:Slime_Group","floor":28,"turns":5},{"damage":22,"enemies":"Gensokyo:Kaguya","floor":33,"turns":9},{"damage":1,"enemies":"Gensokyo:AncientGuardian","floor":35,"turns":6},{"damage":0,"enemies":"Gensokyo:3_Bats","floor":38,"turns":2},{"damage":8,"enemies":"Gensokyo:3_Boulders","floor":39,"turns":3},{"damage":31,"enemies":"Gensokyo:Marisa","floor":40,"turns":5},{"damage":0,"enemies":"Gensokyo:Sharpion","floor":41,"turns":2}],"seed_played":"3937177673292273466","potions_obtained":[{"floor":3,"key":"RobotSpaceExplorer:LiquidFusion"},{"floor":7,"key":"LifebloodPotion"},{"floor":10,"key":"PowerPotion"},{"floor":16,"key":"jedi:mysterypotion"},{"floor":18,"key":"Reflective Coating"},{"floor":25,"key":"Strength Potion"},{"floor":28,"key":"RobotSpaceExplorer:PlasmaFlask"},{"floor":38,"key":"Fire Potion"},{"floor":40,"key":"Dota2Spire:HealingSalve"}],"is_trial":false,"path_per_floor":["M","?","M","M","?","R","M","?","T","M","E","R","M","E","R","B",null,"M","?","M","$","M","E","R","M","T","R","M","COS","?","?","R","B",null,"M","?","?","M","M","E","M"],"character_chosen":"RobotSpaceExplorer","items_purchased":["aspiration:ChemicalBlood","Medical Kit","HowToJump","GuppysCollar"],"campfire_rested":2,"item_purchase_floors":[21,21,21,34],"current_hp_per_floor":[61,61,61,56,56,56,52,52,52,48,33,33,31,11,33,22,56,42,42,32,32,30,21,37,37,37,37,24,24,24,24,24,2,43,42,43,43,43,35,7,7,7],"gold":480,"neow_bonus":"ONE_RANDOM_RARE_CARD","is_daily":false,"chose_seed":false,"campfire_upgraded":3,"win_rate":0.0,"timestamp":1612459296,"path_taken":["M","?","M","M","?","R","M","?","T","M","E","R","M","E","R","BOSS","M","?","M","$","M","E","R","M","T","R","M","COS","?","?","R","BOSS","M","?","?","?","M","E","M"],"items_purchased_type":["Relic","Relic","Relic","Relic"],"build_version":"2020-12-22","purchased_purges":1,"victory":false,"max_hp_per_floor":[75,75,75,75,75,75,75,75,75,75,75,75,75,75,75,75,56,56,56,56,56,56,56,56,56,56,56,56,56,56,56,56,56,43,43,43,43,43,43,43,43,43],"card_choices":[{"not_picked":[],"picked":"Bomb","floor":0},{"not_picked":["RobotSpaceExplorer:Pulsar","RobotSpaceExplorer:PowerCollector"],"picked":"RobotSpaceExplorer:ShovelStrike","floor":1},{"not_picked":["RobotSpaceExplorer:JunkDive","RobotSpaceExplorer:IronShell","RobotSpaceExplorer:MakeshiftVolley","RobotSpaceExplorer:Ammunition"],"picked":"RobotSpaceExplorer:ScrapMissile","floor":3},{"not_picked":["RobotSpaceExplorer:GlueShot","RobotSpaceExplorer:Wormhole","RobotSpaceExplorer:ShockKick","RobotSpaceExplorer:Counterblock"],"picked":"RobotSpaceExplorer:ScrapMissile","floor":4},{"not_picked":["RobotSpaceExplorer:Pulsar","RobotSpaceExplorer:StunGrenade","RobotSpaceExplorer:Electroshield","RobotSpaceExplorer:RigExplosive"],"picked":"RobotSpaceExplorer:PowerGlove","floor":7},{"not_picked":["RobotSpaceExplorer:Counterblock","RobotSpaceExplorer:ShovelStrike","RobotSpaceExplorer:StarLightning","RobotSpaceExplorer:GlueSpray"],"picked":"RobotSpaceExplorer:ScrapShield","floor":10},{"not_picked":["RobotSpaceExplorer:Blitz","RobotSpaceExplorer:SwiftStep","Bomb","RobotSpaceExplorer:GlueSpray"],"picked":"RobotSpaceExplorer:Ammunition","floor":11},{"not_picked":["RobotSpaceExplorer:ToxicBomb","RobotSpaceExplorer:ShockKick","RobotSpaceExplorer:ShovelStrike","RobotSpaceExplorer:GlueSpray"],"picked":"RobotSpaceExplorer:TrailblazerForm","floor":13},{"not_picked":["RobotSpaceExplorer:Counterblock","RobotSpaceExplorer:Autoloader","RobotSpaceExplorer:StarDust","RobotSpaceExplorer:PowerGlove"],"picked":"RobotSpaceExplorer:Probe","floor":14},{"not_picked":["RobotSpaceExplorer:HighVoltage","RobotSpaceExplorer:Asteroid","RobotSpaceExplorer:BlastShield","RobotSpaceExplorer:Arsenal"],"picked":"RobotSpaceExplorer:Explosion","floor":16},{"not_picked":["RobotSpaceExplorer:ShovelStrike","RobotSpaceExplorer:SwiftStep","RobotSpaceExplorer:ShockKick","RobotSpaceExplorer:ToxicBomb"],"picked":"RobotSpaceExplorer:GlueShot+1","floor":18},{"not_picked":["RobotSpaceExplorer:Electroshield","RobotSpaceExplorer:JunkDive+1","RobotSpaceExplorer:Pulsar+1","RobotSpaceExplorer:ShovelStrike"],"picked":"RobotSpaceExplorer:SurgingStrike","floor":20},{"not_picked":["RobotSpaceExplorer:BigMissile","RobotSpaceExplorer:JunkDive","RobotSpaceExplorer:StarLightning","RobotSpaceExplorer:DoubleFind"],"picked":"RobotSpaceExplorer:Counterblock+1","floor":22},{"not_picked":["RobotSpaceExplorer:ScrapShield+1","RobotSpaceExplorer:FreezeRay","RobotSpaceExplorer:DoubleBlock","RobotSpaceExplorer:StunGrenade+1"],"picked":"RobotSpaceExplorer:MiniBoosters","floor":23},{"not_picked":["RobotSpaceExplorer:MetalStrike","RobotSpaceExplorer:FrostMissile","RobotSpaceExplorer:Electroshield","RobotSpaceExplorer:SelfCleaning"],"picked":"RobotSpaceExplorer:GlueShot","floor":25},{"not_picked":["RobotSpaceExplorer:ToxicBomb","RobotSpaceExplorer:SwiftStep","RobotSpaceExplorer:PowerCollector","RobotSpaceExplorer:Pulsar"],"picked":"RobotSpaceExplorer:Probe","floor":28},{"not_picked":["RobotSpaceExplorer:Scanner","RobotSpaceExplorer:Blaster","RobotSpaceExplorer:Asteroid","RobotSpaceExplorer:Autoloader"],"picked":"RobotSpaceExplorer:Wormhole","floor":33},{"not_picked":["RobotSpaceExplorer:ScrapMissile","RobotSpaceExplorer:Fix+1","RobotSpaceExplorer:GlueShot+1","RobotSpaceExplorer:ImprovisedAttack"],"picked":"RobotSpaceExplorer:IronShell+1","floor":35},{"not_picked":["RobotSpaceExplorer:Electropulse+1","RobotSpaceExplorer:DoubleFind+1","RobotSpaceExplorer:DoubleBlock+1","RobotSpaceExplorer:Blitz"],"picked":"RobotSpaceExplorer:LuckyStrike","floor":38},{"not_picked":["RobotSpaceExplorer:ImprovisedAttack","RobotSpaceExplorer:Pulsar+1","RobotSpaceExplorer:PowerGlove","RobotSpaceExplorer:BigMissile+1"],"picked":"RobotSpaceExplorer:GlueShot","floor":39},{"not_picked":["RobotSpaceExplorer:Electropulse","RobotSpaceExplorer:FranticSearch+1","RobotSpaceExplorer:SlimeMissile+1","RobotSpaceExplorer:LaserBurst+1"],"picked":"RobotSpaceExplorer:MiniDrones","floor":40}],"player_experience":291387,"relics_obtained":[{"floor":1,"key":"reliquary:Sideboard"},{"floor":1,"key":"SynthV:TestCard"},{"floor":11,"key":"Replay:WaspNest"},{"floor":14,"key":"AT_ArchangelStaff"},{"floor":23,"key":"reliquary:BoilingFlask"},{"floor":26,"key":"reliquary:TuningFork"},{"floor":40,"key":"Darkstone Periapt"}],"event_choices":[{"damage_healed":0,"gold_gain":0,"player_choice":"Ignored","damage_taken":0,"max_hp_gain":0,"max_hp_loss":0,"event_name":"Golden Wing","floor":8,"gold_loss":0},{"damage_healed":0,"gold_gain":0,"player_choice":"Swap Relic","damage_taken":0,"relics_obtained":["AT_GuinsooRageblade"],"max_hp_gain":0,"max_hp_loss":0,"event_name":"给自己的盒子","floor":37,"relics_lost":["AT_GuinsooRageblade"],"gold_loss":0}],"is_beta":false,"boss_relics":[{"not_picked":["testmod-GoldenSoul","REME_ChargedStone"],"picked":"jedi:hotpepper"},{"not_picked":[]},{"not_picked":["Transparent","Calling Bell"],"picked":"xbg"},{"not_picked":[]}],"items_purged_floors":[21],"is_endless":false,"potions_floor_spawned":[3,7,10,16,18,25,38,40],"killed_by":"Gensokyo:Sharpion","ascension_level":1}}