{"host":"ox77rn1xcurm2t5a","time":1612400972,"event":{"mods":["2.2 Compatiblity","AchievementEnabler","Act Like it!","Aspiration","BaseMod","Best Route Mod","Better Match","Better Note","Better Sensory Stone","Block Reminder","Colored Map","Colored Powertips","Conjunction","Conspire","Custom Start","Energized Spire","GifTheSpireLib","Gold Saver","Gremlin Skip","Halation","Highlight Path","Hubris","Infinite Spire","Minty Spire (QoL Compilation)","Pale of the Ancients","Quick Restart","Replay The Spire","Reworked Bosses","ShortenTheSpire","Spire Exporter","StSLib","Stuff the Spire","Wandering Minibosses"],"gold_per_floor":[1461,1475,900,911,832,832,863,863,863,863,901,363,39,64,64,70,70],"floor_reached":16,"language":"ENG","playtime":414,"items_purged":["Strike_B","Strike_B","Strike_B"],"score":184,"play_id":"7008e365-9058-4b96-b5fb-fe7aff74f542","local_time":"20210204030932","is_ascension_mode":true,"campfire_choices":[{"floor":6,"key":"RECALL"},{"floor":8,"key":"REST"},{"data":"Dualcast","floor":10,"key":"SMITH"},{"data":"Redo","floor":15,"key":"SMITH"}],"circlet_count":0,"master_deck":["AscendersBane","Strike_B","Defend_B","Defend_B","Defend_B","Defend_B","Zap+1","Dualcast+1","StuffTheSpire:Plugnplay","Storm","Storm","Storm","Self Repair+1","Redo+1"],"relics":["Cracked Core","Anchor","hubris:64BitClover","infinitespire:Midas Blood","Solar Panel","infinitespire:ShieldingShard","Cables","ReplayTheSpireMod:TigerMarble","Sling"],"acts_visited":["Exordium"],"potions_floor_usage":[7,7,11],"damage_taken":[{"damage":0,"enemies":"Small Slimes","floor":1,"turns":4},{"damage":0,"enemies":"Cultist","floor":2,"turns":4},{"damage":0,"enemies":"conspire:RoseBush","floor":4,"turns":3},{"damage":50,"enemies":"Lagavulin","floor":7,"turns":6},{"damage":24,"enemies":"Replay:BlueRogue","floor":11,"turns":6},{"damage":16,"enemies":"Exordium Thugs","floor":14,"turns":7},{"damage":36,"enemies":"Fading Forest","floor":16,"turns":4}],"seed_played":"8789811513982437516","potions_obtained":[{"floor":2,"key":"Energy Potion"},{"floor":4,"key":"Toxic Potion"},{"floor":7,"key":"CultistPotion"}],"is_trial":false,"path_per_floor":["M","M","$","M","?","R","E","R","T","R","E","$","$","M","R","B"],"character_chosen":"DEFECT","items_purchased":["Storm","Anchor","hubris:64BitClover","Cables","Storm","ReplayTheSpireMod:TigerMarble","Self Repair+1","Sling"],"campfire_rested":1,"item_purchase_floors":[3,3,3,12,12,12,13,13],"current_hp_per_floor":[64,64,64,64,64,64,14,35,35,35,17,17,17,15,15,0,0],"gold":70,"neow_bonus":"UPGRADE_CARD","is_daily":false,"chose_seed":false,"campfire_upgraded":2,"win_rate":0.0,"timestamp":1612400972,"path_taken":["M","M","$","M","?","R","E","R","T","R","E","?","$","?","R","BOSS"],"items_purchased_type":["Card","Relic","Relic","Relic","Card","Relic","Card","Relic"],"build_version":"2020-12-22","purchased_purges":3,"victory":false,"max_hp_per_floor":[71,71,71,71,71,71,71,71,71,71,71,71,71,71,71,71,71],"card_choices":[{"not_picked":["Coolheaded","Heatsinks","Barrage"],"picked":"SKIP","floor":1},{"not_picked":["StuffTheSpire:LoadUp","Panic Button"],"picked":"StuffTheSpire:Plugnplay","floor":2},{"not_picked":["Hologram","StuffTheSpire:ForEach","Leap"],"picked":"SKIP","floor":4},{"not_picked":["Stack","StuffTheSpire:Coldhearted","ReplayTheSpireMod:System Scan"],"picked":"SKIP","floor":7},{"not_picked":["Barrage","Beam Cell","Go for the Eyes"],"picked":"SKIP","floor":11},{"not_picked":["ReplayTheSpireMod:Omega Cannon","StuffTheSpire:Coldhearted"],"picked":"Redo","floor":14}],"player_experience":2998088,"relics_obtained":[{"floor":7,"key":"Solar Panel"},{"floor":11,"key":"infinitespire:ShieldingShard"}],"event_choices":[{"damage_healed":0,"gold_gain":0,"player_choice":"Paid Gold","damage_taken":0,"relics_obtained":["infinitespire:Midas Blood"],"max_hp_gain":0,"max_hp_loss":0,"event_name":"WeMeetAgain","floor":5,"gold_loss":79}],"is_beta":false,"boss_relics":[],"items_purged_floors":[3,12,13],"is_endless":false,"potions_floor_spawned":[2,4,7],"killed_by":"Fading Forest","ascension_level":14}}