{"host":"ox77rn1xcurm2t5a","time":1612453999,"event":{"mods":["2.2 Compatiblity","AchievementEnabler","Act Like it!","Aspiration","BaseMod","Best Route Mod","Better Match","Better Note","Better Sensory Stone","Block Reminder","Colored Map","Colored Powertips","Conjunction","Conspire","Custom Start","Energized Spire","GifTheSpireLib","Gold Saver","Gremlin Skip","Halation","Highlight Path","Hubris","Infinite Spire","Minty Spire (QoL Compilation)","Pale of the Ancients","Quick Restart","Replay The Spire","Reworked Bosses","ShortenTheSpire","Spire Exporter","StSLib","Stuff the Spire","Wandering Minibosses"],"gold_per_floor":[625,61,61,61,75,108,108,127,127,127,127],"floor_reached":10,"language":"ENG","playtime":450,"items_purged":[],"score":112,"play_id":"bce42a47-cf1b-4cba-8e92-e30530bc3659","local_time":"20210204175319","is_ascension_mode":true,"campfire_choices":[{"floor":7,"key":"RECALL"}],"circlet_count":0,"master_deck":["AscendersBane","Strike_B","Strike_B","Strike_B","Strike_B","Defend_B","Defend_B","Defend_B","Defend_B","Zap","Dualcast","Capacitor","Loop","Gash"],"relics":["Cracked Core","Lee\u0027s Waffle","halation:LettersToHer","Pantograph","Oddly Smooth Stone"],"acts_visited":["Exordium"],"potions_floor_usage":[6],"damage_taken":[{"damage":0,"enemies":"Cultist","floor":1,"turns":4},{"damage":0,"enemies":"2 Louse","floor":5,"turns":3},{"damage":35,"enemies":"Gremlin Nob","floor":6,"turns":4},{"damage":12,"enemies":"Small Slimes","floor":8,"turns":3},{"damage":26,"enemies":"Lagavulin","floor":10,"turns":4}],"seed_played":"4057449843369757447","potions_obtained":[{"floor":1,"key":"FocusPotion"}],"is_trial":false,"path_per_floor":["M","$","?","?","M","E","R","M","T","E"],"character_chosen":"DEFECT","items_purchased":["Lee\u0027s Waffle","halation:LettersToHer","Pantograph"],"campfire_rested":0,"item_purchase_floors":[2,2,2],"current_hp_per_floor":[64,71,71,71,71,36,36,24,24,0,0],"gold":127,"neow_bonus":"TWO_FIFTY_GOLD","is_daily":false,"chose_seed":false,"campfire_upgraded":0,"win_rate":0.0,"timestamp":1612453999,"path_taken":["M","$","?","?","M","E","R","M","T","E"],"items_purchased_type":["Relic","Relic","Relic"],"build_version":"2020-12-22","purchased_purges":0,"victory":false,"max_hp_per_floor":[64,71,71,71,71,71,71,71,71,71,71],"card_choices":[{"not_picked":["Leap","ReplayTheSpireMod:System Scan"],"picked":"Capacitor","floor":1},{"not_picked":["Compile Driver","StuffTheSpire:Plugnplay"],"picked":"Loop","floor":5},{"not_picked":["StuffTheSpire:Rend","Coolheaded","Steam"],"picked":"SKIP","floor":6},{"not_picked":["StuffTheSpire:LoadUp","BasicCrystalCard"],"picked":"Gash","floor":8}],"player_experience":3002259,"relics_obtained":[{"floor":6,"key":"Oddly Smooth Stone"},{"floor":9,"key":"halation:LettersToHer"}],"event_choices":[],"is_beta":false,"boss_relics":[],"items_purged_floors":[],"is_endless":false,"potions_floor_spawned":[1],"killed_by":"Lagavulin","ascension_level":14}}