{"host":"r6jigiblrojhp6xe","time":1612422388,"event":{"mods":["AchievementEnabler","BaseMod","DeckTracker","Hermit","Minty Spire (QoL Compilation)","Quick Restart","Rare Cards Sparkle","Relic Stats","StSLib","SuperFastMode","everything is the same but u backflip on backflip"],"gold_per_floor":[19,39,39,49,49,49,49],"floor_reached":6,"language":"KOR","playtime":174,"items_purged":[],"score":72,"play_id":"60bb08ef-5e69-4f2a-885f-ab9e5bcb5061","local_time":"20210204160628","is_ascension_mode":true,"campfire_choices":[],"circlet_count":0,"master_deck":["AscendersBane","Strike_R","Strike_R","Strike_R","Strike_R","Strike_R","Defend_R","Defend_R","Defend_R","Defend_R","Bash","Limit Break","Shockwave","Shrug It Off","Offering","Flame Barrier"],"relics":["Burning Blood"],"acts_visited":["Exordium"],"potions_floor_usage":[],"damage_taken":[{"damage":2.0,"enemies":"2 Louse","floor":1.0,"turns":4.0},{"damage":4.0,"enemies":"Cultist","floor":2.0,"turns":4.0},{"damage":11,"enemies":"Small Slimes","floor":4,"turns":4},{"damage":50,"enemies":"Gremlin Nob","floor":6,"turns":5}],"seed_played":"7425084241502120210","potions_obtained":[{"floor":1.0,"key":"GamblersBrew"},{"floor":4,"key":"Weak Potion"}],"is_trial":false,"path_per_floor":["M","M","?","M","$","E"],"character_chosen":"IRONCLAD","items_purchased":[],"campfire_rested":0,"item_purchase_floors":[],"current_hp_per_floor":[72,74,74,69,69,19,19],"gold":49,"neow_bonus":"THREE_RARE_CARDS","is_daily":false,"chose_seed":false,"campfire_upgraded":0,"win_rate":0.0,"timestamp":1612422388,"path_taken":["M","M","?","M","?","E"],"items_purchased_type":[],"build_version":"2020-12-22","purchased_purges":0,"victory":false,"max_hp_per_floor":[75,75,75,75,75,75,75],"relic_stats":{"counters":[4,17],"obtain_stats":[{"Burning Blood":0},{"Burning Blood":0},{"Burning Blood":0}],"Burning Blood":18},"card_choices":[{"not_picked":["Exhume","Double Tap"],"picked":"Limit Break","floor":0.0},{"not_picked":["Thunderclap","Combust"],"picked":"Shockwave","floor":1.0},{"not_picked":["Rupture","Sword Boomerang"],"picked":"Shrug It Off","floor":2.0},{"not_picked":["Heavy Blade","Cleave"],"picked":"Flame Barrier","floor":4}],"player_experience":605104,"relics_obtained":[],"event_choices":[{"damage_healed":0,"gold_gain":0,"player_choice":"1 cards matched","damage_taken":0,"max_hp_gain":0,"max_hp_loss":0,"event_name":"Match and Keep!","floor":3,"gold_loss":0,"cards_obtained":["Offering"]}],"is_beta":false,"boss_relics":[],"items_purged_floors":[],"is_endless":false,"potions_floor_spawned":[1,4],"killed_by":"Gremlin Nob","ascension_level":20}}