{"host":"xsuxkwaivmtd234a","time":1612454616,"event":{"mods":["BaseMod","Colored Map","Filter the Spire","Minty Spire (QoL Compilation)","Relic Stats","StSLib"],"gold_per_floor":[111,121,121,11,27,60,60,87,87,87,116,127,142,156,156,260,260,271,271,271,271,290,323,323,342,342,342,354,354,373,389,389,494,494,512,528,545,243,255,271,271,289,289,289,289],"floor_reached":44,"language":"ENG","playtime":2312,"items_purged":["Strike_P+1"],"score":502,"play_id":"2922d9b3-c992-42eb-b72f-663aa80aedb0","local_time":"20210204110336","is_ascension_mode":true,"campfire_choices":[{"data":"Tantrum","floor":7.0,"key":"SMITH"},{"floor":15.0,"key":"REST"},{"floor":24.0,"key":"REST"},{"data":"Fasting2","floor":27.0,"key":"SMITH"},{"data":"Judgement","floor":29.0,"key":"SMITH"},{"floor":32.0,"key":"REST"},{"data":"Omniscience","floor":41,"key":"SMITH"}],"circlet_count":0,"master_deck":["Strike_P+1","Strike_P+1","Defend_P+1","Defend_P+1","Defend_P+1","Defend_P+1","Eruption+1","Vigilance","CutThroughFate","FollowUp","Tantrum","Nirvana","Tantrum+1","FlurryOfBlows","Prostrate","Fasting2+1","Conclude","Protect","ReachHeaven","LikeWater","Blasphemy","SignatureMove","FlurryOfBlows","EmptyBody","DeceiveReality","Judgement+1","LikeWater+1","Omniscience+1","EmptyBody+1","Wallop+1","Adaptation+1","Indignation","EmptyMind+1"],"relics":["HolyWater","Regal Pillow","Happy Flower","Bottled Tornado","InkBottle","Matryoshka","Gambling Chip","Toy Ornithopter","Frozen Egg 2","Busted Crown","Oddly Smooth Stone","Art of War"],"acts_visited":["Exordium","TheCity","TheBeyond"],"potions_floor_usage":[39,44],"damage_taken":[{"damage":0.0,"enemies":"Cultist","floor":1.0,"turns":2.0},{"damage":4.0,"enemies":"Jaw Worm","floor":2.0,"turns":4.0},{"damage":1.0,"enemies":"Small Slimes","floor":5.0,"turns":2.0},{"damage":5.0,"enemies":"Lagavulin","floor":6.0,"turns":5.0},{"damage":35.0,"enemies":"3 Sentries","floor":8.0,"turns":6.0},{"damage":18.0,"enemies":"Lagavulin","floor":11.0,"turns":5.0},{"damage":7.0,"enemies":"3 Louse","floor":12.0,"turns":3.0},{"damage":0.0,"enemies":"2 Fungi Beasts","floor":13.0,"turns":2.0},{"damage":12.0,"enemies":"Gremlin Gang","floor":14.0,"turns":2.0},{"damage":18.0,"enemies":"Hexaghost","floor":16.0,"turns":8.0},{"damage":0.0,"enemies":"Spheric Guardian","floor":18.0,"turns":2.0},{"damage":0.0,"enemies":"Chosen","floor":22.0,"turns":3.0},{"damage":27.0,"enemies":"Gremlin Leader","floor":23.0,"turns":3.0},{"damage":0.0,"enemies":"3 Cultists","floor":25.0,"turns":3.0},{"damage":9.0,"enemies":"Centurion and Healer","floor":28.0,"turns":4.0},{"damage":12.0,"enemies":"Snecko","floor":30.0,"turns":3.0},{"damage":4.0,"enemies":"Chosen and Byrds","floor":31.0,"turns":4.0},{"damage":42.0,"enemies":"Collector","floor":33.0,"turns":4.0},{"damage":3.0,"enemies":"3 Shapes","floor":35.0,"turns":3.0},{"damage":0,"enemies":"3 Darklings","floor":36,"turns":4},{"damage":9,"enemies":"Maw","floor":37,"turns":5},{"damage":0,"enemies":"Spire Growth","floor":39,"turns":1},{"damage":0,"enemies":"Jaw Worm Horde","floor":40,"turns":2},{"damage":0,"enemies":"3 Darklings","floor":42,"turns":2},{"damage":85,"enemies":"Giant Head","floor":44,"turns":8}],"seed_played":"-5629055460676169668","potions_obtained":[{"floor":2.0,"key":"ColorlessPotion"},{"floor":5.0,"key":"Regen Potion"},{"floor":6.0,"key":"Ancient Potion"},{"floor":8.0,"key":"DistilledChaos"},{"floor":16.0,"key":"Weak Potion"},{"floor":22.0,"key":"Swift Potion"},{"floor":30.0,"key":"FearPotion"},{"floor":31.0,"key":"AttackPotion"},{"floor":36,"key":"LiquidMemories"},{"floor":42,"key":"AttackPotion"}],"is_trial":false,"path_per_floor":["M","M","?","$","M","E","R","E","T","?","E","M","M","M","R","B",null,"M","?","?","?","M","E","R","M","T","R","M","R","M","M","R","B",null,"M","M","M","$","M","M","R","M","T","E"],"character_chosen":"WATCHER","items_purchased":["Tantrum","Nirvana","Adaptation+1","Oddly Smooth Stone"],"campfire_rested":3,"item_purchase_floors":[4,4,38,38],"current_hp_per_floor":[72,68,68,68,67,62,62,27,27,27,23,16,16,4,40,22,72,72,72,59,59,59,32,70,70,70,70,61,61,49,45,77,35,77,74,74,65,65,70,70,70,70,70,0,0],"gold":289,"neow_bonus":"RANDOM_COMMON_RELIC","is_daily":false,"chose_seed":false,"campfire_upgraded":4,"win_rate":0.0,"timestamp":1612454616,"path_taken":["M","M","?","$","M","E","R","E","T","?","E","M","?","M","R","BOSS","M","?","?","?","?","E","R","M","T","R","M","R","M","M","R","BOSS","M","M","M","$","?","M","R","M","T","E"],"items_purchased_type":["Card","Card","Card","Relic"],"build_version":"2020-12-22","purchased_purges":1,"victory":false,"max_hp_per_floor":[72,72,72,72,72,72,72,72,72,72,72,72,72,72,72,72,72,72,72,77,77,77,77,77,77,77,77,77,77,77,77,77,77,77,77,77,77,77,77,77,77,77,77,77,77],"relic_stats":{"Regal Pillow":39,"Busted Crown":12,"Happy Flower":[25],"counters":[25,90],"Gambling Chip":[44],"Art of War":[0],"obtain_stats":[{"Regal Pillow":0,"Happy Flower":6,"Oddly Smooth Stone":38,"Bottled Tornado":8,"Frozen Egg 2":26,"Matryoshka":11,"Busted Crown":34,"Gambling Chip":23,"HolyWater":17,"Art of War":43,"PureWater":0,"InkBottle":9,"Toy Ornithopter":26},{"Regal Pillow":0,"Happy Flower":4,"Oddly Smooth Stone":21,"Bottled Tornado":5,"Frozen Egg 2":14,"Matryoshka":6,"Busted Crown":18,"Gambling Chip":13,"HolyWater":10,"Art of War":24,"PureWater":0,"InkBottle":5,"Toy Ornithopter":14},{"Regal Pillow":0,"Happy Flower":13,"Oddly Smooth Stone":77,"Bottled Tornado":19,"Frozen Egg 2":50,"Matryoshka":24,"Busted Crown":65,"Gambling Chip":47,"HolyWater":39,"Art of War":82,"PureWater":0,"InkBottle":19,"Toy Ornithopter":50}],"InkBottle":[31],"Toy Ornithopter":10},"card_choices":[{"not_picked":["Meditate","CrushJoints"],"picked":"CutThroughFate","floor":1.0},{"not_picked":["Wireheading","DeceiveReality"],"picked":"FollowUp","floor":2.0},{"not_picked":["Collect","Protect"],"picked":"Tantrum","floor":5.0},{"not_picked":["CutThroughFate","EmptyFist"],"picked":"FlurryOfBlows","floor":6.0},{"not_picked":["Indignation","BowlingBash"],"picked":"Prostrate","floor":8.0},{"not_picked":["Indignation","FollowUp"],"picked":"Conclude","floor":11.0},{"not_picked":["ThirdEye","SashWhip"],"picked":"Protect","floor":12.0},{"not_picked":["Vengeance","Halt"],"picked":"ReachHeaven","floor":13.0},{"not_picked":["Evaluate","Wallop"],"picked":"LikeWater","floor":14.0},{"not_picked":["MasterReality","Wish"],"picked":"Blasphemy","floor":16.0},{"not_picked":["Crescendo","SashWhip"],"picked":"SignatureMove","floor":18.0},{"not_picked":["SashWhip","Sanctity"],"picked":"FlurryOfBlows","floor":22.0},{"not_picked":["Swivel","FlurryOfBlows"],"picked":"EmptyBody","floor":23.0},{"not_picked":["PathToVictory","Halt"],"picked":"DeceiveReality","floor":25.0},{"not_picked":["Crescendo+1","PathToVictory"],"picked":"Judgement","floor":28.0},{"not_picked":["EmptyFist","Halt+1"],"picked":"LikeWater+1","floor":30.0},{"not_picked":["Prostrate","FearNoEvil","SashWhip"],"picked":"SKIP","floor":31.0},{"not_picked":["Judgement","SpiritShield"],"picked":"Omniscience","floor":33.0},{"not_picked":[],"picked":"EmptyBody+1","floor":35.0},{"not_picked":[],"picked":"Wallop+1","floor":36},{"not_picked":["EmptyBody+1"],"picked":"SKIP","floor":37},{"not_picked":[],"picked":"Indignation","floor":39},{"not_picked":["FollowUp"],"picked":"SKIP","floor":40},{"not_picked":[],"picked":"EmptyMind+1","floor":42}],"player_experience":1206235,"relics_obtained":[{"floor":6.0,"key":"Happy Flower"},{"floor":8.0,"key":"Bottled Tornado"},{"floor":9.0,"key":"InkBottle"},{"floor":11.0,"key":"Matryoshka"},{"floor":23.0,"key":"Gambling Chip"},{"floor":26.0,"key":"Toy Ornithopter"},{"floor":26.0,"key":"Frozen Egg 2"},{"floor":43,"key":"Art of War"}],"event_choices":[{"damage_healed":0.0,"max_hp_gain":0.0,"max_hp_loss":0.0,"gold_gain":0.0,"event_name":"Living Wall","player_choice":"Grow","floor":3.0,"gold_loss":0.0,"damage_taken":0.0,"cards_upgraded":["Eruption"]},{"damage_healed":0.0,"max_hp_gain":0.0,"max_hp_loss":0.0,"gold_gain":0.0,"event_name":"Match and Keep!","player_choice":"1 cards matched","floor":10.0,"gold_loss":0.0,"damage_taken":0.0,"cards_obtained":["Fasting2"]},{"damage_healed":0.0,"max_hp_gain":0.0,"max_hp_loss":0.0,"gold_gain":0.0,"event_name":"Back to Basics","player_choice":"Simplicity","floor":19.0,"gold_loss":0.0,"damage_taken":0.0,"cards_upgraded":["Strike_P","Strike_P","Strike_P","Strike_P","Defend_P","Defend_P","Defend_P","Defend_P"]},{"damage_healed":0.0,"max_hp_gain":5.0,"max_hp_loss":0.0,"gold_gain":0.0,"event_name":"Forgotten Altar","player_choice":"Shed Blood","floor":20.0,"gold_loss":0.0,"damage_taken":18.0},{"cards_removed":["Strike_P"],"damage_healed":0.0,"max_hp_gain":0.0,"max_hp_loss":0.0,"gold_gain":0.0,"event_name":"Purifier","player_choice":"Purged","floor":21.0,"gold_loss":0.0,"damage_taken":0.0}],"is_beta":false,"boss_relics":[{"not_picked":["Empty Cage","Black Star"],"picked":"HolyWater"},{"not_picked":["Runic Dome","Coffee Dripper"],"picked":"Busted Crown"}],"items_purged_floors":[38],"is_endless":false,"potions_floor_spawned":[2,5,6,8,16,22,30,31,36,42],"killed_by":"Giant Head","ascension_level":2}}