{"host":"x5w9zppki4gdwvc7","time":1612432300,"event":{"mods":["AchievementEnabler","BaseMod","Colored Powertips","DeckTracker","Minty Spire (QoL Compilation)"],"gold_per_floor":[117,117,117,67,80,80,111,111,111,111,111,155,183,258,258,367,367,378,293,293,218,62,62,62,62,62,62,77,100,123,136,136,244,244,262,281,290,331,311,311,340,340,367,402,445,481,235,263,263,263],"floor_reached":51,"language":"ENG","playtime":2529,"items_purged":["Strike_R","Strike_R"],"score":842,"play_id":"9c95a81b-1644-499e-85b9-786b09b161e8","local_time":"20210204105140","is_ascension_mode":true,"campfire_choices":[{"data":"Shrug It Off","floor":6,"key":"SMITH"},{"data":"Shrug It Off","floor":8,"key":"SMITH"},{"data":"Iron Wave","floor":11,"key":"SMITH"},{"data":"Shrug It Off","floor":15,"key":"SMITH"},{"data":"Juggernaut","floor":23,"key":"SMITH"},{"data":"Bash","floor":25,"key":"SMITH"},{"data":"Inflame","floor":27,"key":"SMITH"},{"data":"Shockwave","floor":32,"key":"SMITH"},{"data":"HandOfGreed","floor":40,"key":"SMITH"},{"data":"Burning Pact","floor":42,"key":"SMITH"},{"data":"Creative AI","floor":49,"key":"SMITH"}],"circlet_count":0,"master_deck":["Strike_R","Strike_R","Defend_R","Defend_R+1","Defend_R+1","Defend_R","Bash+1","True Grit+1","Iron Wave+1","Shrug It Off+1","Shrug It Off+1","Shrug It Off+1","Inflame+1","Juggernaut+1","Uppercut+1","Shockwave+1","Creative AI+1","Riddle With Holes+1","HandOfGreed+1","Go for the Eyes+1","Burning Pact+1","PiercingWail"],"relics":["Burning Blood","FossilizedHelix","Boot","Omamori","CeramicFish","Snecko Eye","Strawberry","Necronomicon","PrismaticShard","War Paint","Philosopher\u0027s Stone","PreservedInsect","Bottled Tornado","Vajra"],"acts_visited":["Exordium","TheCity","TheBeyond"],"potions_floor_usage":[7,16,41,50,50],"damage_taken":[{"damage":8,"enemies":"2 Louse","floor":1,"turns":3},{"damage":1,"enemies":"Jaw Worm","floor":5,"turns":4},{"damage":51,"enemies":"Lagavulin","floor":7,"turns":7},{"damage":28,"enemies":"3 Sentries","floor":12,"turns":14},{"damage":0,"enemies":"Small Slimes","floor":13,"turns":4},{"damage":24,"enemies":"The Guardian","floor":16,"turns":26},{"damage":0,"enemies":"Chosen","floor":18,"turns":5},{"damage":0,"enemies":"2 Thieves","floor":28,"turns":4},{"damage":0,"enemies":"Centurion and Healer","floor":29,"turns":7},{"damage":0,"enemies":"Shelled Parasite and Fungi","floor":30,"turns":4},{"damage":4,"enemies":"Snake Plant","floor":31,"turns":4},{"damage":62,"enemies":"Collector","floor":33,"turns":9},{"damage":7,"enemies":"3 Darklings","floor":35,"turns":5},{"damage":0,"enemies":"Orb Walker","floor":36,"turns":2},{"damage":0,"enemies":"Spire Growth","floor":38,"turns":4},{"damage":1,"enemies":"Transient","floor":41,"turns":5},{"damage":0,"enemies":"Nemesis","floor":44,"turns":4},{"damage":27,"enemies":"Writhing Mass","floor":45,"turns":5},{"damage":0,"enemies":"4 Shapes","floor":46,"turns":6},{"damage":18,"enemies":"Sphere and 2 Shapes","floor":48,"turns":5},{"damage":31,"enemies":"Donu and Deca","floor":50,"turns":6}],"seed_played":"3547902835322953465","potions_obtained":[{"floor":5,"key":"Strength Potion"},{"floor":13,"key":"SkillPotion"},{"floor":28,"key":"BloodPotion"},{"floor":29,"key":"CultistPotion"},{"floor":33,"key":"GamblersBrew"},{"floor":36,"key":"SkillPotion"},{"floor":44,"key":"DuplicationPotion"}],"is_trial":false,"path_per_floor":["M","?","?","?","M","R","E","R","T","?","R","E","M","?","R","B",null,"M","?","?","$","$","R","$","R","T","R","M","M","M","M","R","B",null,"M","M","?","M","?","R","M","R","T","E","M","M","$","M","R","B",null],"character_chosen":"IRONCLAD","items_purchased":["PrismaticShard","Vajra"],"campfire_rested":0,"item_purchase_floors":[22,47],"current_hp_per_floor":[78,75,75,75,80,80,35,35,35,61,61,39,45,34,34,16,80,80,87,71,71,71,71,71,71,71,71,77,83,87,87,87,31,87,86,87,87,87,87,87,87,87,87,87,66,72,72,60,60,35],"gold":263,"neow_bonus":"THREE_CARDS","is_daily":false,"chose_seed":false,"campfire_upgraded":11,"win_rate":0.0,"timestamp":1612432300,"path_taken":["M","?","?","?","M","R","E","R","T","?","R","E","M","?","R","BOSS","M","?","?","?","$","R","$","R","T","R","M","M","?","M","R","BOSS","M","M","?","M","?","R","M","R","T","E","M","?","?","M","R","BOSS"],"items_purchased_type":["Relic","Relic"],"build_version":"2020-12-22","purchased_purges":2,"victory":true,"max_hp_per_floor":[80,80,80,80,80,80,80,80,80,80,80,80,80,80,80,80,80,80,87,87,87,87,87,87,87,87,87,87,87,87,87,87,87,87,87,87,87,87,87,87,87,87,87,87,87,87,87,87,87,87],"card_choices":[{"not_picked":["Battle Trance","Clash"],"picked":"True Grit","floor":0},{"not_picked":["Havoc","Rampage"],"picked":"Iron Wave","floor":1},{"not_picked":["Clash","Fire Breathing"],"picked":"Shrug It Off","floor":5},{"not_picked":["Searing Blow","Headbutt"],"picked":"Shrug It Off","floor":7},{"not_picked":["Dual Wield","Sentinel"],"picked":"Shrug It Off","floor":12},{"not_picked":["Perfected Strike","Shrug It Off"],"picked":"Inflame","floor":13},{"not_picked":["Barricade","Reaper"],"picked":"Juggernaut","floor":16},{"not_picked":["Thunderclap","Seeing Red","True Grit"],"picked":"SKIP","floor":18},{"not_picked":["Masterful Stab","Halt","Flying Knee"],"picked":"SKIP","floor":28},{"not_picked":["FollowUp","Thunderclap+1"],"picked":"Uppercut+1","floor":29},{"not_picked":["Combust","Havoc"],"picked":"Shockwave","floor":30},{"not_picked":["Underhanded Strike","Ball Lightning","Sentinel"],"picked":"SKIP","floor":31},{"not_picked":["Violence","Reboot"],"picked":"Creative AI","floor":33},{"not_picked":["Darkness","Nirvana","Rebound+1"],"picked":"SKIP","floor":35},{"not_picked":["Prostrate+1","CutThroughFate+1"],"picked":"Riddle With Holes+1","floor":36},{"not_picked":["Sadistic Nature","Panacea"],"picked":"HandOfGreed","floor":37},{"not_picked":["Stack+1","Catalyst"],"picked":"Go for the Eyes+1","floor":38},{"not_picked":["Consume","Sword Boomerang+1"],"picked":"Burning Pact","floor":41},{"not_picked":["Perfected Strike+1","Jack Of All Trades+1","Worship+1"],"picked":"SKIP","floor":44},{"not_picked":["Vengeance","Poisoned Stab+1","Compile Driver"],"picked":"SKIP","floor":45},{"not_picked":["Evaluate+1","Defragment","Havoc"],"picked":"SKIP","floor":46},{"not_picked":["Rebound+1","ClearTheMind+1"],"picked":"PiercingWail","floor":48}],"player_experience":455781,"relics_obtained":[{"floor":7,"key":"Boot"},{"floor":9,"key":"Omamori"},{"floor":12,"key":"CeramicFish"},{"floor":20,"key":"Necronomicon"},{"floor":26,"key":"War Paint"},{"floor":43,"key":"PreservedInsect"},{"floor":44,"key":"Bottled Tornado"}],"event_choices":[{"damage_healed":0,"gold_gain":0,"player_choice":"Success","damage_taken":3,"relics_obtained":["FossilizedHelix"],"max_hp_gain":0,"max_hp_loss":0,"event_name":"Scrap Ooze","floor":2,"gold_loss":0},{"damage_healed":0,"gold_gain":0,"player_choice":"Grow","damage_taken":0,"max_hp_gain":0,"max_hp_loss":0,"event_name":"Living Wall","floor":3,"gold_loss":0,"cards_upgraded":["True Grit"]},{"cards_removed":["Strike_R"],"damage_healed":0,"gold_gain":0,"player_choice":"Card Removal","damage_taken":0,"max_hp_gain":0,"max_hp_loss":0,"event_name":"The Cleric","floor":4,"gold_loss":50},{"damage_healed":26,"gold_gain":0,"player_choice":"Banana","damage_taken":0,"max_hp_gain":0,"max_hp_loss":0,"event_name":"Big Fish","floor":10,"gold_loss":0},{"damage_healed":0,"gold_gain":75,"player_choice":"Gather Gold","damage_taken":11,"max_hp_gain":0,"max_hp_loss":0,"event_name":"World of Goop","floor":14,"gold_loss":0},{"damage_healed":0,"gold_gain":0,"player_choice":"Obtained Relic","damage_taken":0,"relics_obtained":["Strawberry"],"max_hp_gain":0,"max_hp_loss":0,"event_name":"Addict","floor":19,"gold_loss":85},{"damage_healed":0,"gold_gain":0,"player_choice":"Obtained Book","damage_taken":16,"max_hp_gain":0,"max_hp_loss":0,"event_name":"Cursed Tome","floor":20,"gold_loss":0},{"damage_healed":0,"gold_gain":0,"player_choice":"Memory 1","damage_taken":0,"max_hp_gain":0,"max_hp_loss":0,"event_name":"SensoryStone","floor":37,"gold_loss":0},{"damage_healed":0,"gold_gain":0,"player_choice":"Bought 1 Potion","damage_taken":0,"max_hp_gain":0,"max_hp_loss":0,"event_name":"The Woman in Blue","floor":39,"gold_loss":0}],"is_beta":false,"boss_relics":[{"not_picked":["Velvet Choker","Fusion Hammer"],"picked":"Snecko Eye"},{"not_picked":["Runic Cube","Tiny House"],"picked":"Philosopher\u0027s Stone"}],"items_purged_floors":[21,47],"is_endless":false,"potions_floor_spawned":[5,13,28,29,33,36,44,45],"ascension_level":4}}