{"host":"bz6w3lfmpwgz81o3","time":1612449515,"event":{"mods":["BaseMod","Downfall","Hermit","Minty Spire (QoL Compilation)","StSLib"],"gold_per_floor":[111,125,143,143,160,160,190,173,224,235,235,250,250,279,279,382,382,392,379,389,389,404,404,404],"floor_reached":23,"language":"ENG","playtime":1333,"items_purged":[],"score":207,"play_id":"31e0ec81-3480-4c04-98b9-993c5df8b66b","local_time":"20210204153835","is_ascension_mode":false,"campfire_choices":[{"data":"hermit:Combo","floor":6,"key":"SMITH"},{"floor":11,"key":"REST"},{"data":"hermit:PistolWhip","floor":13,"key":"SMITH"},{"data":"hermit:Maintenance","floor":15,"key":"SMITH"}],"circlet_count":0,"master_deck":["hermit:Strike_Hermit","hermit:Strike_Hermit","hermit:Strike_Hermit","hermit:Strike_Hermit","hermit:Defend_Hermit","hermit:Defend_Hermit","hermit:Defend_Hermit","hermit:Defend_Hermit","hermit:Snapshot","hermit:Covet","hermit:Feint","hermit:CalledShot","hermit:PistolWhip+1","hermit:Combo+1","hermit:Dive","hermit:Enervate","hermit:Snipe","hermit:Enervate","hermit:Maintenance+1","hermit:Magnum","hermit:Determination","hermit:LowProfile","hermit:LowProfile"],"relics":["hermit:ClaspedLocket","NeowsBlessing","Ancient Tea Set","Strawberry","White Beast Statue","MealTicket"],"acts_visited":["Exordium","TheCity"],"potions_floor_usage":[7,16,19,19,22,23,23,23,23,23,23],"damage_taken":[{"damage":0,"enemies":"Cultist","floor":1,"turns":1},{"damage":0,"enemies":"Small Slimes","floor":2,"turns":1},{"damage":0,"enemies":"Jaw Worm","floor":3,"turns":1},{"damage":2,"enemies":"2 Fungi Beasts","floor":5,"turns":4},{"damage":38,"enemies":"Lagavulin","floor":7,"turns":9},{"damage":7,"enemies":"Exordium Thugs","floor":8,"turns":7},{"damage":2,"enemies":"Looter","floor":10,"turns":3},{"damage":9,"enemies":"2 Fungi Beasts","floor":12,"turns":3},{"damage":12,"enemies":"3 Sentries","floor":14,"turns":8},{"damage":19,"enemies":"Hexaghost","floor":16,"turns":10},{"damage":10,"enemies":"Shell Parasite","floor":18,"turns":7},{"damage":7,"enemies":"2 Thieves","floor":19,"turns":4},{"damage":20,"enemies":"Centurion and Healer","floor":20,"turns":6},{"damage":31,"enemies":"Cultist and Chosen","floor":22,"turns":7},{"damage":15,"enemies":"Book of Stabbing","floor":23,"turns":4}],"seed_played":"2599863684051629411","potions_obtained":[{"floor":5,"key":"Energy Potion"},{"floor":7,"key":"SpeedPotion"},{"floor":10,"key":"Block Potion"},{"floor":12,"key":"FearPotion"},{"floor":16,"key":"Energy Potion"},{"floor":19,"key":"Explosive Potion"},{"floor":20,"key":"Weak Potion"},{"floor":22,"key":"EntropicBrew"}],"is_trial":false,"path_per_floor":["M","M","M","?","M","R","E","M","T","M","R","M","R","E","R","B",null,"M","M","M","?","M","E"],"character_chosen":"HERMIT","items_purchased":[],"campfire_rested":1,"item_purchase_floors":[],"current_hp_per_floor":[75,75,75,68,66,66,28,21,28,26,50,41,41,29,29,10,82,72,65,45,45,14,0,0],"gold":404,"neow_bonus":"THREE_ENEMY_KILL","is_daily":false,"chose_seed":false,"campfire_upgraded":3,"win_rate":0.0,"timestamp":1612449515,"path_taken":["M","M","M","?","M","R","E","?","T","M","R","M","R","E","R","BOSS","M","M","M","?","M","E"],"items_purchased_type":[],"build_version":"2020-12-22","purchased_purges":0,"victory":false,"max_hp_per_floor":[75,75,75,75,75,75,75,75,82,82,82,82,82,82,82,82,82,82,82,82,82,82,82,82],"card_choices":[{"not_picked":["hermit:Ricochet","hermit:FullyLoaded"],"picked":"hermit:Feint","floor":1},{"not_picked":["hermit:TakeCover","hermit:Roulette"],"picked":"hermit:CalledShot","floor":2},{"not_picked":["hermit:Coalescence","hermit:Shortfuse"],"picked":"hermit:PistolWhip","floor":3},{"not_picked":["hermit:SprayPray","hermit:Spite"],"picked":"hermit:Combo","floor":5},{"not_picked":["hermit:Combo","hermit:Scavenge"],"picked":"hermit:Dive","floor":7},{"not_picked":["hermit:Ricochet","hermit:Misfire"],"picked":"hermit:Enervate","floor":8},{"not_picked":["hermit:CalledShot","hermit:HoleUp"],"picked":"hermit:Snipe","floor":10},{"not_picked":["hermit:Ricochet","hermit:CursedWeapon"],"picked":"hermit:Enervate","floor":12},{"not_picked":["hermit:Snipe","hermit:BigShot"],"picked":"hermit:Maintenance","floor":14},{"not_picked":["hermit:Adapt","hermit:DeadOrAlive"],"picked":"hermit:Magnum","floor":16},{"not_picked":["hermit:HoleUp","hermit:WideOpen","hermit:Misfire"],"picked":"SKIP","floor":18},{"not_picked":["hermit:HighCaliber","hermit:CalledShot"],"picked":"hermit:Determination","floor":19},{"not_picked":["hermit:GhostlyPresence","hermit:Vantage"],"picked":"hermit:LowProfile","floor":20},{"not_picked":["hermit:Ricochet","hermit:Gambit"],"picked":"hermit:LowProfile","floor":22}],"player_experience":911,"relics_obtained":[{"floor":7,"key":"Ancient Tea Set"},{"floor":9,"key":"Strawberry"},{"floor":14,"key":"White Beast Statue"}],"event_choices":[{"damage_healed":0,"gold_gain":0,"player_choice":"Damaged","damage_taken":7,"max_hp_gain":0,"max_hp_loss":0,"event_name":"Wheel of Change","floor":4,"gold_loss":0},{"damage_healed":0,"gold_gain":0,"player_choice":"Opened","damage_taken":0,"relics_obtained":["MealTicket"],"max_hp_gain":0,"max_hp_loss":0,"event_name":"The Mausoleum","floor":21,"gold_loss":0}],"is_beta":false,"boss_relics":[{"not_picked":["Tiny House","hermit:DentedPlate"],"picked":"hermit:ClaspedLocket"}],"items_purged_floors":[],"is_endless":false,"potions_floor_spawned":[5,7,10,12,16,18,19,20,22],"killed_by":"Book of Stabbing","ascension_level":0}}