{"host":"8d3fefv2347kqkpz","time":1612438643,"event":{"mods":["AchievementEnabler","Act Like it!","Aspiration","BaseMod","Better Vampires","Colored Map","Colored Powertips","Conspire","GifTheSpireLib","Highlight Path","Hubris","Mimic Mod","Minty Spire (QoL Compilation)","Quick Restart","Rare Cards Sparkle","Relic Stats","Replay The Spire","Spicy Shops","StSLib","The Jungle","Waifu the Spire"],"gold_per_floor":[116,116,126,51,61,61,81,81,111,81,81,81],"floor_reached":11,"language":"ZHS","playtime":344,"items_purged":["Strike_R"],"score":66,"play_id":"78a7aafb-3c6b-4001-955b-eb5e422b7149","local_time":"20210204193723","is_ascension_mode":true,"campfire_choices":[{"data":"Juggernaut","floor":6.0,"key":"SMITH"}],"circlet_count":0,"master_deck":["Strike_R","Strike_R","Strike_R","Strike_R","Defend_R","Defend_R","Defend_R","Defend_R","Juggernaut+1","conspire:ExplosiveBarrier","Cleave"],"relics":["Burning Blood","Omamori"],"acts_visited":["Exordium"],"potions_floor_usage":[],"damage_taken":[{"damage":5.0,"enemies":"Small Slimes","floor":1.0,"turns":4.0},{"damage":0.0,"enemies":"Cultist","floor":3.0,"turns":6.0},{"damage":0.0,"enemies":"2 Louse","floor":5.0,"turns":4.0},{"damage":10,"enemies":"Large Slime","floor":7,"turns":7},{"damage":0,"enemies":"Looter","floor":9,"turns":10},{"damage":10,"enemies":"Looter","floor":10,"turns":4},{"damage":0,"enemies":"Lagavulin","floor":11,"turns":1}],"seed_played":"-1528310575837833153","potions_obtained":[{"floor":1.0,"key":"SneckoOil"}],"is_trial":false,"path_per_floor":["M","?","M","$","M","R","M","?","MIM","M","E"],"character_chosen":"IRONCLAD","items_purchased":[],"campfire_rested":0,"item_purchase_floors":[],"current_hp_per_floor":[72,77,77,77,77,77,73,73,77,73,73,73],"gold":81,"neow_bonus":"THREE_RARE_CARDS","is_daily":false,"chose_seed":false,"campfire_upgraded":1,"win_rate":0.0,"timestamp":1612438643,"path_taken":["M","?","M","$","M","R","M","?","MIM","M","E"],"items_purchased_type":[],"build_version":"2020-12-22","purchased_purges":1,"victory":false,"max_hp_per_floor":[72,77,77,77,77,77,77,77,77,77,77,77],"relic_stats":{"counters":[7,36],"obtain_stats":[{"Omamori":9,"Burning Blood":0},{"Omamori":5,"Burning Blood":0},{"Omamori":31,"Burning Blood":0}],"Burning Blood":21},"card_choices":[{"not_picked":["Immolate","Exhume"],"picked":"Juggernaut","floor":0.0},{"not_picked":["Clothesline","Thunderclap"],"picked":"conspire:ExplosiveBarrier","floor":1.0},{"not_picked":["Dual Wield","Sword Boomerang","Heavy Blade"],"picked":"SKIP","floor":3.0},{"not_picked":["Second Wind","Twin Strike"],"picked":"Cleave","floor":5.0},{"not_picked":["Abandon","Pommel Strike","hubris:SharpeningStone"],"picked":"SKIP","floor":7},{"not_picked":["Cleave","Havoc","ReplayTheSpireMod:Strike From Hell"],"picked":"SKIP","floor":10}],"player_experience":248221,"relics_obtained":[{"floor":9,"key":"Omamori"}],"event_choices":[{"damage_healed":0.0,"max_hp_gain":5.0,"max_hp_loss":0.0,"gold_gain":0.0,"event_name":"Big Fish","player_choice":"Donut","floor":2.0,"gold_loss":0.0,"damage_taken":0.0},{"cards_removed":["Bash"],"damage_healed":0,"gold_gain":0,"player_choice":"Purged","damage_taken":0,"max_hp_gain":0,"max_hp_loss":0,"event_name":"Purifier","floor":8,"gold_loss":0}],"is_beta":false,"boss_relics":[],"items_purged_floors":[4],"is_endless":false,"potions_floor_spawned":[1],"killed_by":"Lagavulin","ascension_level":1}}