{"host":"kqjncq1jgqa58i7s","time":1612467709,"event":{"mods":["AchievementEnabler","BaseMod","Colored Map","Minty Spire (QoL Compilation)","Relic Stats"],"gold_per_floor":[213,52,52,69,144,169,169,169,169],"floor_reached":8,"language":"ENG","playtime":278,"items_purged":[],"score":108,"play_id":"115d1598-ed57-42d9-9ddc-0cee8f3fdab8","local_time":"20210204204149","is_ascension_mode":true,"campfire_choices":[],"circlet_count":0,"master_deck":["AscendersBane","Strike_R","Strike_R","Strike_R","Strike_R","Defend_R","Defend_R","Defend_R","Defend_R","Bash","Flame Barrier","Thunderclap","Carnage"],"relics":["Burning Blood","Oddly Smooth Stone","Bag of Preparation"],"acts_visited":["Exordium"],"potions_floor_usage":[8,8],"damage_taken":[{"damage":5.0,"enemies":"2 Louse","floor":1.0,"turns":4.0},{"damage":6.0,"enemies":"Jaw Worm","floor":4.0,"turns":5.0},{"damage":47.0,"enemies":"Gremlin Nob","floor":6.0,"turns":5.0},{"damage":25,"enemies":"3 Sentries","floor":8,"turns":4}],"seed_played":"-7937251487828300663","potions_obtained":[{"floor":1.0,"key":"BloodPotion"},{"floor":4.0,"key":"AttackPotion"},{"floor":6.0,"key":"BlessingOfTheForge"}],"is_trial":false,"path_per_floor":["M","$","?","M","?","E","?","E"],"character_chosen":"IRONCLAD","items_purchased":["Oddly Smooth Stone"],"campfire_rested":0,"item_purchase_floors":[2],"current_hp_per_floor":[69,69,62,62,51,10,10,0,0],"gold":169,"neow_bonus":"HUNDRED_GOLD","is_daily":false,"chose_seed":false,"campfire_upgraded":0,"win_rate":0.0,"timestamp":1612467709,"path_taken":["M","$","?","M","?","E","?","E"],"items_purchased_type":["Relic"],"build_version":"2020-12-22","purchased_purges":0,"victory":false,"max_hp_per_floor":[75,75,75,75,75,75,75,75,75],"relic_stats":{"counters":[4,18],"Bag of Preparation":[2],"obtain_stats":[{"Oddly Smooth Stone":2,"Bag of Preparation":6,"Burning Blood":0},{"Oddly Smooth Stone":1,"Bag of Preparation":3,"Burning Blood":0},{"Oddly Smooth Stone":4,"Bag of Preparation":14,"Burning Blood":0}],"Burning Blood":18},"card_choices":[{"not_picked":["Intimidate","Fire Breathing"],"picked":"Flame Barrier","floor":1.0},{"not_picked":["Dual Wield","Anger"],"picked":"Thunderclap","floor":4.0},{"not_picked":["Thunderclap","True Grit"],"picked":"Carnage","floor":6.0}],"player_experience":1655039,"relics_obtained":[{"floor":6.0,"key":"Bag of Preparation"}],"event_choices":[{"cards_removed":["Strike_R"],"damage_healed":0.0,"max_hp_gain":0.0,"max_hp_loss":0.0,"gold_gain":0.0,"event_name":"Golden Wing","player_choice":"Card Removal","floor":3.0,"gold_loss":0.0,"damage_taken":7.0},{"damage_healed":0.0,"max_hp_gain":0.0,"max_hp_loss":0.0,"gold_gain":75.0,"event_name":"World of Goop","player_choice":"Gather Gold","floor":5.0,"gold_loss":0.0,"damage_taken":11.0},{"damage_healed":0.0,"max_hp_gain":0.0,"max_hp_loss":0.0,"gold_gain":0.0,"event_name":"Shining Light","player_choice":"Ignored","floor":7.0,"gold_loss":0.0,"damage_taken":0.0}],"is_beta":false,"boss_relics":[],"items_purged_floors":[],"is_endless":false,"potions_floor_spawned":[1,4,6],"killed_by":"3 Sentries","ascension_level":20}}