{"host":"aaqofma31c3gm2hj","time":1612408681,"event":{"mods":["BaseMod","GungeonMod","Minty Spire (QoL Compilation)","Replay The Spire","Spicy Shops","StSLib"],"gold_per_floor":[112,112,112,112,37,37,62,62,89,89,103,115,115,115,40,40,115,115,127,27,27,37,37,37,37,37,37,57,69,95,109,109,126,126,126,200,200,218,218,218,243,270,282,307,334,370,413,425,437,464,490,502,514,526,538,550,129,154,154],"floor_reached":60,"language":"ZHS","playtime":2631,"items_purged":["Strike_G","Defend_G","Defend_G+1"],"score":2555,"play_id":"8e9256a9-a872-488b-b99f-24b0796740a9","local_time":"20210204111801","is_ascension_mode":true,"campfire_choices":[{"data":"A Thousand Cuts","floor":6.0,"key":"SMITH"},{"data":"Blade Dance","floor":10.0,"key":"SMITH"},{"data":"Acrobatics","floor":16.0,"key":"SMITH"},{"data":"Acrobatics","floor":24.0,"key":"SMITH"},{"data":"Burst","floor":26.0,"key":"SMITH"},{"data":"Survivor","floor":34.0,"key":"SMITH"},{"floor":35.0,"key":"RECALL"},{"data":"Tactician","floor":43.0,"key":"SMITH"},{"data":"Reflex","floor":48,"key":"SMITH"},{"data":"Backflip","floor":52,"key":"SMITH"},{"data":"Purity","floor":56,"key":"SMITH"}],"circlet_count":0,"master_deck":["AscendersBane","Defend_G+1","Defend_G+1","Survivor+1","Neutralize+1","A Thousand Cuts+1","Blade Dance+1","Acrobatics+1","Concentrate+1","Burst+1","Acrobatics+1","Purity+1","Backflip+1","Tactician+1","Reflex+1"],"relics":["Ring of the Snake","NeowsBlessing","Lantern","PreservedInsect","Whetstone","DemoMod:RiddleOfLead","Enchiridion","HornCleat","Replay:Mystery Machine","Replay:Bottled Eggs","Ring of Chaos","MawBank","Oddly Smooth Stone","Vajra","Pet Ghost","Snack Pack"],"acts_visited":["Exordium","TheCity","TheBeyond","TheEnding"],"potions_floor_usage":[47,59,59],"damage_taken":[{"damage":0.0,"enemies":"2 Louse","floor":1.0,"turns":1.0},{"damage":0.0,"enemies":"Gremlin Nob","floor":7.0,"turns":1.0},{"damage":0.0,"enemies":"Small Slimes","floor":11.0,"turns":1.0},{"damage":0.0,"enemies":"Jaw Worm","floor":12.0,"turns":3.0},{"damage":7.0,"enemies":"The Guardian","floor":17.0,"turns":14.0},{"damage":0.0,"enemies":"3 Byrds","floor":19.0,"turns":2.0},{"damage":0.0,"enemies":"Chosen","floor":22.0,"turns":1.0},{"damage":0.0,"enemies":"Centurion and Healer","floor":28.0,"turns":2.0},{"damage":3.0,"enemies":"Snake Plant","floor":29.0,"turns":3.0},{"damage":0.0,"enemies":"Book of Stabbing","floor":30.0,"turns":1.0},{"damage":0.0,"enemies":"Cultist and Chosen","floor":31.0,"turns":3.0},{"damage":0.0,"enemies":"Snecko","floor":33.0,"turns":1.0},{"damage":0.0,"enemies":"Collector","floor":36.0,"turns":3.0},{"damage":0.0,"enemies":"3 Darklings","floor":38.0,"turns":2.0},{"damage":0.0,"enemies":"Orb Walker","floor":42.0,"turns":1.0},{"damage":0,"enemies":"Writhing Mass","floor":44,"turns":4},{"damage":0,"enemies":"4 Shapes","floor":45,"turns":2},{"damage":0,"enemies":"Reptomancer","floor":47,"turns":3},{"damage":0,"enemies":"Spire Growth","floor":50,"turns":2},{"damage":0,"enemies":"Jaw Worm Horde","floor":51,"turns":2},{"damage":0,"enemies":"Replay:Hell Engine","floor":53,"turns":1},{"damage":0,"enemies":"Awakened One","floor":54,"turns":2},{"damage":0,"enemies":"Shield and Spear","floor":58,"turns":1},{"damage":105,"enemies":"The Heart","floor":59,"turns":5}],"seed_played":"2526977515893809483","potions_obtained":[{"floor":7.0,"key":"SpeedPotion"},{"floor":11.0,"key":"DuplicationPotion"},{"floor":17.0,"key":"SkillPotion"},{"floor":33.0,"key":"Adrenaline Potion"},{"floor":50,"key":"SpeedPotion"}],"is_trial":false,"path_per_floor":["M","?","?","?","$","R","E","$","T","R","M","M","?","?","?","R","B",null,"M","$","?","M","?","R","$","R","T","M","M","E","M","T","M","R","R","B",null,"M","?","$","?","M","R","M","M","T","E","R","?","M","M","R","B","B",null,"R","$","E","B",null],"character_chosen":"THE_SILENT","items_purchased":["Vajra","Pet Ghost","ColorlessPotion"],"campfire_rested":0,"item_purchase_floors":[57,57,57],"current_hp_per_floor":[59,59,48,48,48,48,48,48,48,48,48,48,48,41,41,41,34,76,76,76,55,55,55,55,55,55,55,55,52,52,52,52,52,52,52,52,70,70,60,60,35,35,35,35,35,35,35,35,35,35,35,35,35,35,66,66,66,66,21],"gold":154,"neow_bonus":"THREE_ENEMY_KILL","is_daily":false,"chose_seed":false,"campfire_upgraded":10,"win_rate":0.0,"timestamp":1612408681,"path_taken":["M","?","?","?","?","R","E","$","T","R","?","M","?","?","?","R","BOSS","M","$","?","M","?","R","?","R","T","?","M","E","M","?","M","R","R","BOSS","M","?","?","?","M","R","M","M","T","E","R","?","M","M","R","BOSS","BOSS","R","$","E","BOSS"],"items_purchased_type":["Relic","Relic","Potion"],"build_version":"2020-12-22","purchased_purges":3,"victory":true,"max_hp_per_floor":[66,66,66,66,66,66,66,66,66,66,66,66,66,66,66,66,66,76,76,76,76,76,76,76,76,76,76,76,76,76,76,76,76,76,76,76,76,76,76,76,76,76,76,76,76,76,76,76,76,76,76,76,76,76,76,76,76,76,76],"card_choices":[{"not_picked":["Slice","Dagger Throw","Catalyst"],"picked":"SKIP","floor":1.0},{"not_picked":["Die Die Die","Bane"],"picked":"Blade Dance","floor":7.0},{"not_picked":["PiercingWail","Cloak And Dagger"],"picked":"Acrobatics","floor":11.0},{"not_picked":["Slice","Deadly Poison","Tools of the Trade"],"picked":"SKIP","floor":12.0},{"not_picked":["Envenom","Wraith Form v2"],"picked":"Burst","floor":17.0},{"not_picked":["Outmaneuver","Well Laid Plans"],"picked":"Acrobatics","floor":19.0},{"not_picked":["Distraction","Deadly Poison","ReplayTheSpireMod:Speed Training"],"picked":"SKIP","floor":22.0},{"not_picked":["Escape Plan","ReplayTheSpireMod:Scrap Shanks","Endless Agony"],"picked":"SKIP","floor":28.0},{"not_picked":["Dagger Throw","PiercingWail","Slice"],"picked":"SKIP","floor":29.0},{"not_picked":["Bane","A Thousand Cuts","Choke"],"picked":"SKIP","floor":30.0},{"not_picked":["Finisher","Deadly Poison","Sucker Punch"],"picked":"SKIP","floor":31.0},{"not_picked":["Dash+1","Slice","Expertise"],"picked":"SKIP","floor":33.0},{"not_picked":["Replay:Poison Smokescreen","Poisoned Stab+1","Prepared"],"picked":"SKIP","floor":38.0},{"not_picked":["Discovery","Thinking Ahead"],"picked":"Purity","floor":39.0},{"not_picked":["Flying Knee","Hidden Blade"],"picked":"Backflip","floor":41.0},{"not_picked":["Bane+1","Escape Plan"],"picked":"Tactician","floor":42.0},{"not_picked":["Dash","Dagger Throw+1"],"picked":"Reflex","floor":44},{"not_picked":["Draining Mist","Dash","A Thousand Cuts"],"picked":"SKIP","floor":45},{"not_picked":["Acrobatics","Envenom","Expertise"],"picked":"SKIP","floor":47},{"not_picked":["Underhanded Strike","Acrobatics","Poisoned Stab+1"],"picked":"SKIP","floor":50},{"not_picked":["Replay:Poison Smokescreen","Toxin Wave","Underhanded Strike+1"],"picked":"SKIP","floor":51},{"not_picked":["Dagger Throw","Quick Slash","Setup"],"picked":"SKIP","floor":58}],"player_experience":645997,"relics_obtained":[{"floor":7.0,"key":"PreservedInsect"},{"floor":9.0,"key":"Whetstone"},{"floor":21.0,"key":"Enchiridion"},{"floor":27.0,"key":"HornCleat"},{"floor":30.0,"key":"Replay:Mystery Machine"},{"floor":32.0,"key":"Replay:Bottled Eggs"},{"floor":41.0,"key":"MawBank"},{"floor":47,"key":"Oddly Smooth Stone"},{"floor":58,"key":"Snack Pack"}],"event_choices":[{"damage_healed":0.0,"max_hp_gain":0.0,"max_hp_loss":0.0,"gold_gain":0.0,"cards_transformed":["Strike_G"],"event_name":"Living Wall","player_choice":"Change","floor":2.0,"gold_loss":0.0,"damage_taken":0.0,"cards_obtained":["A Thousand Cuts"]},{"damage_healed":0.0,"max_hp_gain":0.0,"max_hp_loss":0.0,"gold_gain":0.0,"event_name":"Scrap Ooze","player_choice":"Success","floor":3.0,"gold_loss":0.0,"damage_taken":11.0,"relics_obtained":["Lantern"]},{"damage_healed":0.0,"max_hp_gain":0.0,"max_hp_loss":0.0,"gold_gain":0.0,"event_name":"Liars Game","player_choice":"Ignored","floor":4.0,"gold_loss":0.0,"damage_taken":0.0},{"cards_removed":["Strike_G"],"damage_healed":0.0,"max_hp_gain":0.0,"max_hp_loss":0.0,"gold_gain":0.0,"event_name":"Golden Wing","player_choice":"Card Removal","floor":14.0,"gold_loss":0.0,"damage_taken":7.0},{"cards_removed":["Strike_G"],"damage_healed":0.0,"max_hp_gain":0.0,"max_hp_loss":0.0,"gold_gain":0.0,"event_name":"The Cleric","player_choice":"Card Removal","floor":15.0,"gold_loss":75.0,"damage_taken":0.0},{"damage_healed":0.0,"max_hp_gain":0.0,"max_hp_loss":0.0,"gold_gain":0.0,"event_name":"Cursed Tome","player_choice":"Obtained Book","floor":21.0,"gold_loss":0.0,"damage_taken":21.0},{"damage_healed":0.0,"max_hp_gain":0.0,"max_hp_loss":0.0,"gold_gain":0.0,"event_name":"Ghosts","player_choice":"Ignored","floor":23.0,"gold_loss":0.0,"damage_taken":0.0},{"damage_healed":0.0,"max_hp_gain":0.0,"max_hp_loss":0.0,"gold_gain":0.0,"event_name":"SensoryStone","player_choice":"Memory 3","floor":39.0,"gold_loss":0.0,"damage_taken":10.0},{"cards_removed":["Defend_G"],"damage_healed":0,"gold_gain":0,"player_choice":"Purged","damage_taken":0,"max_hp_gain":0,"max_hp_loss":0,"event_name":"Purifier","floor":49,"gold_loss":0}],"is_beta":false,"boss_relics":[{"not_picked":["Replay:Bronze Core","SacredBark"],"picked":"DemoMod:RiddleOfLead"},{"not_picked":["Replay:Ancient Bell","Snecko Scales"],"picked":"Ring of Chaos"}],"items_purged_floors":[5,20,57],"is_endless":false,"potions_floor_spawned":[7,11,17,28,30,33,36,38,45,50],"ascension_level":20}}