{"host":"xkfvvb2eqyo6l3km","time":1612400044,"event":{"mods":["AchievementEnabler","AlwaysNeverKeys","BaseMod","Better Third Choice","BetterRewards","Block Reminder","Card Forge","Colored Map","Colored Powertips","DeckTracker","Energized Spire","Force Act Four","Hubris","Jorbs\u0027s Wanderer Trilogy","Minty Spire (QoL Compilation)","Permanent Neow","Quick Restart","Replay The Spire","Spicy Shops","StSLib","The Blackbeard","The Blue Laboratory","The Cursed","The Disciple","The Hierophant","The Necromancer","The Sage","The Valiant"],"gold_per_floor":[112,122,122,140,0,32,50,50,50],"floor_reached":8,"language":"ENG","playtime":352,"items_purged":["Strike_R","Defend_R"],"score":61,"play_id":"70502885-fc21-4f75-8b6e-f86b70c68d6c","local_time":"20210203225404","is_ascension_mode":true,"campfire_choices":[],"circlet_count":0,"master_deck":["Strike_R","Strike_R","Strike_R","Strike_R","Defend_R","Defend_R","Defend_R","Bash","Feel No Pain","ReplayTheSpireMod:Strike From Hell","Whirlwind","Shrug It Off","Sentinel","Pummel","Fiend Fire","Uppercut"],"relics":["Burning Blood","Hammer of Thor","Seething Fire","Anvil of the Gods","Gambling Chip","Oddly Smooth Stone","Vajra","Strange Spoon","hubris:Icosahedron","Replay:Wax Seal"],"acts_visited":["Exordium"],"potions_floor_usage":[8],"damage_taken":[{"damage":6,"enemies":"Cultist","floor":1,"turns":3},{"damage":14,"enemies":"Jaw Worm","floor":2,"turns":4},{"damage":0,"enemies":"2 Louse","floor":4,"turns":1},{"damage":25,"enemies":"Gremlin Nob","floor":6,"turns":4},{"damage":9,"enemies":"Blue Slaver","floor":7,"turns":4},{"damage":0,"enemies":"3 Sentries","floor":8,"turns":1}],"seed_played":"-250783259821240629","potions_obtained":[{"floor":1,"key":"blueLaboratory:ExaltedPotion"},{"floor":7,"key":"blueLaboratory:HorrorPotion"}],"is_trial":false,"path_per_floor":["M","M","?","M","$","E","M","E"],"character_chosen":"IRONCLAD","items_purchased":["Oddly Smooth Stone","Vajra","Feel No Pain","ReplayTheSpireMod:Strike From Hell","Strange Spoon","Pummel"],"campfire_rested":0,"item_purchase_floors":[0,0,0,0,0,5],"current_hp_per_floor":[44,36,36,42,42,23,20,20,20],"gold":50,"neow_bonus":"","is_daily":false,"chose_seed":false,"campfire_upgraded":0,"win_rate":0.0,"timestamp":1612400044,"path_taken":["M","M","?","M","$","E","M","E"],"items_purchased_type":["Relic","Relic","Card","Card","Relic","Card"],"build_version":"2020-12-22","purchased_purges":2,"victory":false,"max_hp_per_floor":[80,80,80,80,80,80,80,80,80],"card_choices":[{"not_picked":["Sever Soul","Armaments"],"picked":"Whirlwind","floor":1},{"not_picked":["Life Link","Thunderclap"],"picked":"Shrug It Off","floor":2},{"not_picked":["Hemokinesis","Twin Strike"],"picked":"Sentinel","floor":4},{"not_picked":["Infernal Blade","Flame Barrier"],"picked":"Fiend Fire","floor":6},{"not_picked":["Evolve","Anger"],"picked":"Uppercut","floor":7}],"player_experience":298140,"relics_obtained":[{"floor":6,"key":"Replay:Wax Seal"}],"event_choices":[],"is_beta":false,"boss_relics":[],"items_purged_floors":[0,5],"is_endless":false,"potions_floor_spawned":[1,7],"killed_by":"3 Sentries","ascension_level":1}}