{"host":"wuernuywc9gl215o","time":1612466033,"event":{"mods":["AchievementEnabler","BaseMod","Block Reminder","Highlight Path","Key Reminder","Minty Spire (QoL Compilation)","Permanent Neow","Potion Indicator Mod","Quick Restart","Relic Stats"],"gold_per_floor":[115,39,51,51,66,98,98,125,125,151,171,189,189,189,189,267,267,286,286,286,297,313,339,339,373,397,427,427,444,444,456,456,456,456],"floor_reached":33,"language":"ENG","playtime":1887,"items_purged":[],"score":630,"play_id":"9742808d-4029-4674-b724-394c28d35e1a","local_time":"20210204191353","is_ascension_mode":true,"campfire_choices":[{"data":"Carnage","floor":7.0,"key":"SMITH"},{"data":"Bash","floor":13.0,"key":"SMITH"},{"data":"Double Tap","floor":15.0,"key":"SMITH"},{"floor":24.0,"key":"REST"},{"floor":28.0,"key":"REST"},{"data":"Armaments","floor":30.0,"key":"SMITH"},{"floor":32,"key":"REST"}],"circlet_count":0,"master_deck":["AscendersBane","Strike_R+1","Strike_R+1","Strike_R+1","Strike_R+1","Strike_R+1","Defend_R+1","Defend_R+1","Defend_R+1","Defend_R+1","Bash+1","Flame Barrier","Carnage+1","Headbutt","Twin Strike","Seeing Red","Shrug It Off","Double Tap+1","Clothesline","Armaments+1","Reaper","Burning Pact+1","Rage","Offering","Shame","Body Slam+1","Feel No Pain+1"],"relics":["SlaversCollar","Bronze Scales","HornCleat","Pear","Odd Mushroom","The Courier","Cursed Key","Smiling Mask","Sundial","MealTicket","Letter Opener"],"acts_visited":["Exordium","TheCity"],"potions_floor_usage":[],"damage_taken":[{"damage":2.0,"enemies":"Cultist","floor":1.0,"turns":4.0},{"damage":2.0,"enemies":"Jaw Worm","floor":3.0,"turns":3.0},{"damage":11.0,"enemies":"2 Louse","floor":5.0,"turns":3.0},{"damage":8.0,"enemies":"Gremlin Nob","floor":6.0,"turns":3.0},{"damage":15.0,"enemies":"Lagavulin","floor":8.0,"turns":6.0},{"damage":0.0,"enemies":"The Mushroom Lair","floor":10.0,"turns":3.0},{"damage":2.0,"enemies":"Exordium Wildlife","floor":11.0,"turns":4.0},{"damage":0.0,"enemies":"Looter","floor":12.0,"turns":2.0},{"damage":29.0,"enemies":"Slime Boss","floor":16.0,"turns":9.0},{"damage":21.0,"enemies":"Shell Parasite","floor":18.0,"turns":5.0},{"damage":6.0,"enemies":"2 Thieves","floor":21.0,"turns":4.0},{"damage":18.0,"enemies":"Snake Plant","floor":22.0,"turns":3.0},{"damage":12.0,"enemies":"Slavers","floor":23.0,"turns":6.0},{"damage":5.0,"enemies":"Book of Stabbing","floor":25.0,"turns":4.0},{"damage":39.0,"enemies":"Gremlin Leader","floor":27.0,"turns":6.0},{"damage":1.0,"enemies":"Centurion and Healer","floor":29.0,"turns":5.0},{"damage":11,"enemies":"3 Cultists","floor":31,"turns":6},{"damage":82,"enemies":"Collector","floor":33,"turns":7}],"seed_played":"-5896899506483577489","potions_obtained":[{"floor":1.0,"key":"BlessingOfTheForge"},{"floor":6.0,"key":"Regen Potion"},{"floor":8.0,"key":"AttackPotion"},{"floor":11.0,"key":"ElixirPotion"},{"floor":16.0,"key":"Ancient Potion"},{"floor":21.0,"key":"LiquidMemories"},{"floor":27.0,"key":"FearPotion"}],"is_trial":false,"path_per_floor":["M","$","M","?","M","E","R","E","T","?","M","M","R","T","R","B",null,"M","?","?","M","M","E","R","E","T","E","R","M","R","M","R","B"],"character_chosen":"IRONCLAD","items_purchased":["Carnage"],"campfire_rested":3,"item_purchase_floors":[2],"current_hp_per_floor":[66,66,64,69,58,50,50,50,60,60,58,58,58,58,58,29,75,54,54,54,50,32,24,51,50,50,11,38,43,43,36,63,0,0],"gold":456,"neow_bonus":"BOSS_RELIC","is_daily":false,"chose_seed":false,"campfire_upgraded":4,"win_rate":0.0,"timestamp":1612466033,"path_taken":["M","?","M","?","M","E","R","E","T","?","M","M","R","?","R","BOSS","M","?","?","M","M","E","R","E","T","E","R","?","R","?","R","BOSS"],"items_purchased_type":["Card"],"build_version":"2020-12-22","purchased_purges":0,"victory":false,"max_hp_per_floor":[75,75,75,80,80,80,80,80,90,90,90,90,90,90,90,90,90,90,90,90,90,90,90,90,90,90,90,90,90,90,90,90,90,90],"relic_stats":{"counters":[18,83],"Sundial":[2],"Bronze Scales":[195],"MealTicket":0,"Letter Opener":[35],"Cursed Key":1,"Smiling Mask":0,"obtain_stats":[{"SlaversCollar":0,"HornCleat":8,"Pear":9,"Sundial":25,"Bronze Scales":6,"MealTicket":26,"The Courier":14,"Letter Opener":27,"Odd Mushroom":10,"Cursed Key":17,"Smiling Mask":23,"Burning Blood":0},{"SlaversCollar":0,"HornCleat":5,"Pear":5,"Sundial":14,"Bronze Scales":4,"MealTicket":14,"The Courier":8,"Letter Opener":15,"Odd Mushroom":6,"Cursed Key":9,"Smiling Mask":13,"Burning Blood":0},{"SlaversCollar":0,"HornCleat":19,"Pear":19,"Sundial":59,"Bronze Scales":13,"MealTicket":59,"The Courier":28,"Letter Opener":65,"Odd Mushroom":22,"Cursed Key":37,"Smiling Mask":55,"Burning Blood":0}]},"card_choices":[{"not_picked":["Infernal Blade","Heavy Blade"],"picked":"Flame Barrier","floor":1.0},{"not_picked":["Heavy Blade","Perfected Strike"],"picked":"Headbutt","floor":3.0},{"not_picked":["Heavy Blade","Havoc"],"picked":"Twin Strike","floor":5.0},{"not_picked":["True Grit","Sword Boomerang"],"picked":"Seeing Red","floor":6.0},{"not_picked":["Thunderclap","Twin Strike"],"picked":"Shrug It Off","floor":8.0},{"not_picked":["Clothesline","Iron Wave"],"picked":"Double Tap","floor":10.0},{"not_picked":["Thunderclap","Clash"],"picked":"Clothesline","floor":11.0},{"not_picked":["Blood for Blood","True Grit"],"picked":"Armaments","floor":12.0},{"not_picked":["Offering","Fiend Fire"],"picked":"Reaper","floor":16.0},{"not_picked":["Pommel Strike","Bloodletting","Clothesline"],"picked":"SKIP","floor":18.0},{"not_picked":["Thunderclap","Sword Boomerang"],"picked":"Burning Pact+1","floor":21.0},{"not_picked":["Flex","Burning Pact"],"picked":"Rage","floor":22.0},{"not_picked":["Fire Breathing","Burning Pact","Juggernaut"],"picked":"SKIP","floor":23.0},{"not_picked":["Intimidate","Spot Weakness"],"picked":"Offering","floor":25.0},{"not_picked":["Rupture","Twin Strike+1"],"picked":"Body Slam+1","floor":27.0},{"not_picked":["Iron Wave","Pommel Strike"],"picked":"Feel No Pain+1","floor":29.0},{"not_picked":["Seeing Red+1","Thunderclap","Sword Boomerang"],"picked":"SKIP","floor":31}],"player_experience":819148,"relics_obtained":[{"floor":6.0,"key":"Bronze Scales"},{"floor":8.0,"key":"HornCleat"},{"floor":9.0,"key":"Pear"},{"floor":10.0,"key":"Odd Mushroom"},{"floor":14.0,"key":"The Courier"},{"floor":23.0,"key":"Smiling Mask"},{"floor":25.0,"key":"Sundial"},{"floor":26.0,"key":"MealTicket"},{"floor":27.0,"key":"Letter Opener"}],"event_choices":[{"damage_healed":0.0,"max_hp_gain":5.0,"max_hp_loss":0.0,"gold_gain":0.0,"event_name":"Big Fish","player_choice":"Donut","floor":4.0,"gold_loss":0.0,"damage_taken":0.0},{"damage_healed":0.0,"max_hp_gain":0.0,"max_hp_loss":0.0,"gold_gain":0.0,"event_name":"Mushrooms","player_choice":"Fought Mushrooms","floor":10.0,"gold_loss":0.0,"damage_taken":0.0},{"damage_healed":0.0,"max_hp_gain":0.0,"max_hp_loss":0.0,"gold_gain":0.0,"event_name":"Back to Basics","player_choice":"Simplicity","floor":19.0,"gold_loss":0.0,"damage_taken":0.0,"cards_upgraded":["Strike_R","Strike_R","Strike_R","Strike_R","Strike_R","Defend_R","Defend_R","Defend_R","Defend_R"]},{"damage_healed":0.0,"max_hp_gain":0.0,"max_hp_loss":0.0,"gold_gain":0.0,"event_name":"Vampires","player_choice":"Ignored","floor":20.0,"gold_loss":0.0,"damage_taken":0.0}],"is_beta":false,"boss_relics":[{"not_picked":["Calling Bell","Fusion Hammer"],"picked":"Cursed Key"}],"items_purged_floors":[],"is_endless":false,"potions_floor_spawned":[1,6,8,11,16,18,21,27],"killed_by":"Collector","ascension_level":20}}