{"host":"kwnpvqmnt47pmyi1","time":1612443659,"event":{"mods":["AchievementEnabler","BaseMod","Bestiary","BetterRewards","Clockwork Mod","Downfall","Hermit","Hubris","Infinite Spire","Marisa????????","Minty Spire (QoL Compilation)","Random Character Mod","Reliquary","Replay The Spire","Shade Mod","StSLib","The Cursed","The Hierophant","The Servant 0.9.4"],"gold_per_floor":[116,132,150,96,96,96,108,108,108,134,134,145,164,174,174,289,289,320,360,360,404,449,449,449],"floor_reached":23,"language":"ENG","playtime":1865,"items_purged":[],"score":322,"play_id":"93e29312-9bd0-4dcf-9617-e97afccf1b81","local_time":"20210204050059","is_ascension_mode":false,"campfire_choices":[{"data":"TheCursedMod:CircleOfFlame","floor":6,"key":"SMITH"},{"floor":15,"key":"DIG"}],"circlet_count":0,"master_deck":["TheCursedMod:Strike_TheCursed","TheCursedMod:Strike_TheCursed","TheCursedMod:Strike_TheCursed","TheCursedMod:Strike_TheCursed","TheCursedMod:Defend_TheCursed","TheCursedMod:Defend_TheCursed","TheCursedMod:Defend_TheCursed","TheCursedMod:Defend_TheCursed","TheCursedMod:CursedWand","TheCursedMod:CleanUpWorkshop","TheCursedMod:Dregs","TheCursedMod:CircleOfFlame","TheCursedMod:CursedBoomerang","TheCursedMod:CircleOfFlame+1","TheCursedMod:LuckyCharm+1","TheCursedMod:CircleOfFlame","TheCursedMod:SpitefulStrike+1","TheCursedMod:Obscuration","TheCursedMod:Stigma+1","TheCursedMod:CursedAmulet","hubris:Greed","hubris:Greed","TheCursedMod:OutForBlood","hubris:Greed","hubris:Greed","TheCursedMod:AbyssShockwave+1","hubris:Greed","hubris:Greed","TheCursedMod:VitalStrike+1","TheCursedMod:CircleOfCorruption","TheCursedMod:CircleOfCorruption+1","hubris:Greed","hubris:Greed"],"relics":["TheCursedMod:BlackMagic101","Replay:Mystery Machine","hubris:Towel","Molten Egg 2","Blue Doll","Pen Nib","Replay:Bronze Core","SlaversCollar","Gambling Chip"],"acts_visited":["Exordium","TheCity"],"potions_floor_usage":[10,14,16],"damage_taken":[{"damage":0,"enemies":"Small Slimes","floor":1,"turns":4},{"damage":0,"enemies":"2 Louse","floor":2,"turns":2},{"damage":0,"enemies":"Cultist","floor":3,"turns":3},{"damage":8,"enemies":"Lots of Slimes","floor":7,"turns":3},{"damage":4,"enemies":"Gremlin Nob","floor":10,"turns":3},{"damage":11,"enemies":"Red Slaver","floor":12,"turns":4},{"damage":1,"enemies":"2 Fungi Beasts","floor":13,"turns":2},{"damage":0,"enemies":"Large Slime","floor":14,"turns":3},{"damage":40,"enemies":"The Guardian","floor":16,"turns":10},{"damage":0,"enemies":"Chosen","floor":18,"turns":5},{"damage":11,"enemies":"3 Byrds","floor":19,"turns":5},{"damage":9,"enemies":"Snecko","floor":21,"turns":5},{"damage":15,"enemies":"Centurion and Healer","floor":22,"turns":6},{"damage":42,"enemies":"Slavers","floor":23,"turns":3}],"seed_played":"-3349506099807689728","potions_obtained":[{"floor":2,"key":"TheCursedMod:DregsPotion"},{"floor":7,"key":"AttackPotion"},{"floor":10,"key":"Death Potion"},{"floor":13,"key":"Slimebound:ThreeZeroPotion"},{"floor":14,"key":"sneckomod:MuddlingPotion"},{"floor":21,"key":"Venom Potion"},{"floor":22,"key":"SpeedPotion"}],"is_trial":false,"path_per_floor":["M","M","M","$","?","R","M","?","T","E","?","M","M","M","R","B",null,"M","M","AVR","M","M","E"],"character_chosen":"THE_CURSED","items_purchased":["TheCursedMod:LuckyCharm+1"],"campfire_rested":0,"item_purchase_floors":[4],"current_hp_per_floor":[75,75,75,75,75,75,67,67,67,63,63,52,51,51,51,11,75,75,64,64,55,40,0,0],"gold":449,"neow_bonus":"RANDOM_COMMON_RELIC","is_daily":false,"chose_seed":false,"campfire_upgraded":1,"win_rate":0.0,"timestamp":1612443659,"path_taken":["M","M","M","$","?","R","M","?","T","E","?","M","?","M","R","BOSS","M","M","AVR","M","M","E"],"items_purchased_type":["Card"],"build_version":"2020-12-22","purchased_purges":0,"victory":false,"max_hp_per_floor":[75,75,75,75,75,75,75,75,75,75,75,75,75,75,75,75,75,75,75,75,75,75,75,75],"card_choices":[{"not_picked":["TheCursedMod:CursedShiv","TheCursedMod:SurpriseAttack"],"picked":"TheCursedMod:CircleOfFlame","floor":1},{"not_picked":["TheCursedMod:ReleasedStrength","TheCursedMod:Stretching"],"picked":"TheCursedMod:CursedBoomerang","floor":2},{"not_picked":["TheCursedMod:CursedSpellbook","TheCursedMod:CursedShiv"],"picked":"TheCursedMod:CircleOfFlame","floor":3},{"not_picked":["TheCursedMod:Evocation","TheCursedMod:CursedBoomerang"],"picked":"TheCursedMod:CircleOfFlame","floor":7},{"not_picked":["TheCursedMod:DarkBarrier","TheCursedMod:Obscuration"],"picked":"TheCursedMod:SpitefulStrike+1","floor":10},{"not_picked":["TheCursedMod:TroublousMinions","TheCursedMod:HellsGateOpen"],"picked":"TheCursedMod:Obscuration","floor":12},{"not_picked":["TheCursedMod:CircleOfFocus","TheCursedMod:SurpriseAttack+1"],"picked":"TheCursedMod:Stigma+1","floor":13},{"not_picked":["TheCursedMod:SoulCrush+1","TheCursedMod:FuryStrike+1"],"picked":"TheCursedMod:CursedAmulet","floor":14},{"not_picked":["TheCursedMod:VoidForm","TheCursedMod:ForbiddenAlchemy"],"picked":"TheCursedMod:OutForBlood","floor":16},{"not_picked":["TheCursedMod:DoubleShield","TheCursedMod:TacticalStrike+1"],"picked":"TheCursedMod:AbyssShockwave+1","floor":18},{"not_picked":["TheCursedMod:Stretching+1","TheCursedMod:CursedMace+1"],"picked":"TheCursedMod:VitalStrike+1","floor":19},{"not_picked":["TheCursedMod:Torture","TheCursedMod:Stigma+1"],"picked":"TheCursedMod:CircleOfCorruption","floor":21},{"not_picked":["TheCursedMod:FleshFromBone","TheCursedMod:Hemoplague"],"picked":"TheCursedMod:CircleOfCorruption+1","floor":22}],"player_experience":296041,"relics_obtained":[{"floor":9,"key":"Molten Egg 2"},{"floor":10,"key":"Blue Doll"},{"floor":15,"key":"Pen Nib"}],"event_choices":[{"damage_healed":0,"gold_gain":0,"player_choice":"Leave","damage_taken":0,"max_hp_gain":0,"max_hp_loss":0,"event_name":"FaceTrader","floor":11,"gold_loss":0}],"is_beta":false,"boss_relics":[{"not_picked":["ChewingGum","Cursed Key"],"picked":"Replay:Bronze Core"}],"items_purged_floors":[],"is_endless":false,"potions_floor_spawned":[2,7,10,13,14,21,22],"killed_by":"Slavers","ascension_level":0}}