{"host":"bf5upntvbdompq33","time":1612466440,"event":{"mods":["BaseMod","Colored Map","Colored Powertips","Curses Come First","Minty Spire (QoL Compilation)","Replay The Spire","StSLib","The Animator","The Disciple","The Dragon Tamer","The Hierophant","The Marked","The Mystic","The Necromancer","The Servant 0.9.4"],"gold_per_floor":[118,118,45,61,61,91,91,105,105,105,125,157,177,74,74,171,171,189,189,202,202,202],"floor_reached":21,"language":"ENG","playtime":1067,"items_purged":[],"score":289,"play_id":"f49b5442-6391-48b3-a2ad-3df961ac7957","local_time":"20210204122040","is_ascension_mode":true,"campfire_choices":[{"data":"Toxin Wave","floor":7,"key":"SMITH"},{"data":"ReplayTheSpireMod:The Works","floor":10,"key":"SMITH"},{"floor":15,"key":"REST"}],"circlet_count":0,"master_deck":["Strike_G","Strike_G","Strike_G","Strike_G","Strike_G","Defend_G","Defend_G","Defend_G","Defend_G","Defend_G","Survivor","Neutralize","Slice","Toxin Wave+1","Acrobatics","Regret","Dash","ReplayTheSpireMod:The Works+1","Draining Mist","Backflip","Sucker Punch+1","Poisoned Stab+1","Replay:Poison Smokescreen","Corpse Explosion","CurseOfTheBell","Fluid Movement","Dagger Throw+1"],"relics":["NeowsBlessing","Sizzling Blood","Shuriken","ReplayTheSpireMod:Lightbulb","Molten Egg 2","Pear","Calling Bell","Blue Doll","Letter Opener","Replay:Kaleidoscope"],"acts_visited":["Exordium","TheCity"],"potions_floor_usage":[12,16,16,16,18],"damage_taken":[{"damage":0,"enemies":"2 Louse","floor":1,"turns":1},{"damage":0,"enemies":"Small Slimes","floor":4,"turns":1},{"damage":0,"enemies":"Gremlin Nob","floor":6,"turns":1},{"damage":10,"enemies":"Jaw Worm","floor":8,"turns":3},{"damage":15,"enemies":"Large Slime","floor":11,"turns":7},{"damage":49,"enemies":"Lagavulin","floor":12,"turns":7},{"damage":5,"enemies":"3 Louse","floor":13,"turns":2},{"damage":40,"enemies":"Slime Boss","floor":16,"turns":10},{"damage":17,"enemies":"Chosen","floor":18,"turns":4},{"damage":35,"enemies":"2 Thieves","floor":20,"turns":4},{"damage":23,"enemies":"Snake Plant","floor":21,"turns":2}],"seed_played":"-2739023020074240462","potions_obtained":[{"floor":1,"key":"Languid Potion"},{"floor":4,"key":"AttackPotion"},{"floor":11,"key":"ColorlessPotion"},{"floor":13,"key":"ColorlessPotion"},{"floor":16,"key":"Fire Potion"},{"floor":20,"key":"FearPotion"}],"is_trial":false,"path_per_floor":["M","?","$","M","?","E","R","M","T","R","M","E","M","$","R","B",null,"M","?","M","M"],"character_chosen":"THE_SILENT","items_purchased":["Toxin Wave","Poisoned Stab+1","Replay:Poison Smokescreen"],"campfire_rested":1,"item_purchase_floors":[3,14,14],"current_hp_per_floor":[63,67,67,71,71,74,74,68,68,68,57,22,21,21,46,10,66,53,53,22,0,0],"gold":202,"neow_bonus":"THREE_ENEMY_KILL","is_daily":false,"chose_seed":false,"campfire_upgraded":2,"win_rate":0.0,"timestamp":1612466440,"path_taken":["M","?","$","M","?","E","R","M","T","R","M","E","M","$","R","BOSS","M","?","M","M"],"items_purchased_type":["Card","Card","Card"],"build_version":"2020-12-22","purchased_purges":0,"victory":false,"max_hp_per_floor":[70,74,74,74,74,74,74,74,74,74,74,84,84,84,84,84,84,84,84,84,84,84],"card_choices":[{"not_picked":["Endless Agony","Heel Hook"],"picked":"Slice","floor":1},{"not_picked":["ReplayTheSpireMod:Tripwire","Cloak And Dagger"],"picked":"Acrobatics","floor":4},{"not_picked":["Cloak And Dagger","ReplayTheSpireMod:Shiv Toss"],"picked":"Dash","floor":6},{"not_picked":["Cloak And Dagger","Expertise"],"picked":"ReplayTheSpireMod:The Works","floor":8},{"not_picked":["Dash+1","Leg Sweep"],"picked":"Draining Mist","floor":11},{"not_picked":["Well Laid Plans","A Thousand Cuts"],"picked":"Backflip","floor":12},{"not_picked":["Endless Agony+1","Slice+1"],"picked":"Sucker Punch+1","floor":13},{"not_picked":["Tools of the Trade","Phantasmal Killer"],"picked":"Corpse Explosion","floor":16},{"not_picked":["Dagger Spray+1","ReplayTheSpireMod:The Works"],"picked":"Fluid Movement","floor":18},{"not_picked":["Flying Knee+1","Corpse Explosion"],"picked":"Dagger Throw+1","floor":20}],"player_experience":1394784,"relics_obtained":[{"floor":6,"key":"ReplayTheSpireMod:Lightbulb"},{"floor":9,"key":"Molten Egg 2"},{"floor":12,"key":"Pear"},{"floor":17,"key":"Blue Doll"},{"floor":17,"key":"Letter Opener"},{"floor":17,"key":"Replay:Kaleidoscope"}],"event_choices":[{"damage_healed":0,"gold_gain":0,"player_choice":"Box","damage_taken":0,"relics_obtained":["Shuriken"],"max_hp_gain":0,"max_hp_loss":0,"event_name":"Big Fish","floor":5,"gold_loss":0,"cards_obtained":["Regret"]},{"damage_healed":0,"gold_gain":0,"player_choice":"Ignored","damage_taken":0,"max_hp_gain":0,"max_hp_loss":0,"event_name":"Ghosts","floor":19,"gold_loss":0}],"is_beta":false,"boss_relics":[{"not_picked":["Coffee Dripper","Astrolabe"],"picked":"Calling Bell"}],"items_purged_floors":[],"is_endless":false,"potions_floor_spawned":[1,4,11,13,16,20],"killed_by":"Snake Plant","ascension_level":7}}