{"host":"2l3i55whvwk76mom","time":1612403227,"event":{"mods":["BaseMod","Googly Eyes","Hermit","Hubris","Minty Spire (QoL Compilation)","Replay The Spire","StSLib","The Cursed","The Disciple","The Hierophant","The Jungle","The Necromancer"],"gold_per_floor":[118,118,137,187,199,225,225,258,258,258,258,281,281,321,321,446,446,461,183,203,223,63,63,79,79,102,140,154,174,207,225,225,348,348,388,502,502,502,473,473,498,498,498,533,533,552,356,356,356],"floor_reached":48,"language":"ENG","playtime":2670,"items_purged":["Strike_P","ReplayTheSpireMod:Splinters"],"score":600,"play_id":"2a9986cb-850e-4f1c-81ee-b99deb45fe87","local_time":"20210203174707","is_ascension_mode":true,"campfire_choices":[{"data":"Eruption","floor":7,"key":"SMITH"},{"floor":10,"key":"REST"},{"floor":15,"key":"DIG"},{"floor":23,"key":"REST"},{"floor":25,"key":"REST"},{"floor":32,"key":"REST"},{"floor":40,"key":"REST"},{"floor":42,"key":"REST"},{"floor":45,"key":"RECALL"}],"circlet_count":0,"master_deck":["Strike_P","Strike_P","Strike_P","Defend_P","Defend_P","Defend_P","Defend_P","Eruption+1","Vigilance","Sanctity+1","SandsOfTime+1","PathToVictory","FollowUp","CutThroughFate","Replay:Hum+1","Omniscience+1","DevaForm+1","EmptyFist","Vault","Halt+1","Consecrate","Alpha+1","Wallop","CutThroughFate","JustLucky+1","FollowUp+1","Wish","EmptyMind+1","DeceiveReality+1"],"relics":["PureWater","Bag of Preparation","Smiling Mask","hubris:Reverence","ReplayFunnel","Golden Idol","hubris:PeanutButter","War Paint","Ring of Chaos","Guide Book","Lantern","Replay:PocketPolymizer","hubris:GrandSneckoEye","Pet Ghost","hubris:Icosahedron","hubris:SlimyHat","Vajra","OrangePellets"],"acts_visited":["Exordium","TheCity","TheBeyond"],"potions_floor_usage":[6,16,16,20,30,31,31,35,44],"damage_taken":[{"damage":1,"enemies":"2 Louse","floor":1,"turns":3},{"damage":0,"enemies":"Jaw Worm","floor":3,"turns":3},{"damage":0,"enemies":"Small Slimes","floor":5,"turns":2},{"damage":29,"enemies":"Gremlin Nob","floor":6,"turns":5},{"damage":17,"enemies":"Lagavulin","floor":8,"turns":6},{"damage":3,"enemies":"Blue Slaver","floor":12,"turns":2},{"damage":8,"enemies":"Gremlin Nob","floor":14,"turns":3},{"damage":31,"enemies":"The Guardian","floor":16,"turns":10},{"damage":4,"enemies":"Spheric Guardian","floor":18,"turns":4},{"damage":4,"enemies":"Chosen","floor":20,"turns":5},{"damage":29,"enemies":"Centurion and Healer","floor":21,"turns":8},{"damage":19,"enemies":"Snecko","floor":24,"turns":5},{"damage":14,"enemies":"Book of Stabbing","floor":27,"turns":7},{"damage":0,"enemies":"3 Cultists","floor":28,"turns":4},{"damage":10,"enemies":"Snake Plant","floor":29,"turns":4},{"damage":5,"enemies":"Replay:Snechameleon","floor":30,"turns":5},{"damage":3,"enemies":"Shelled Parasite and Fungi","floor":31,"turns":4},{"damage":18,"enemies":"hubris:MusketHawk","floor":33,"turns":8},{"damage":29,"enemies":"3 Darklings","floor":35,"turns":6},{"damage":0,"enemies":"3 Shapes","floor":39,"turns":6},{"damage":35,"enemies":"3 Darklings","floor":41,"turns":8},{"damage":31,"enemies":"Nemesis","floor":44,"turns":8},{"damage":2,"enemies":"Sphere and 2 Shapes","floor":46,"turns":4},{"damage":26,"enemies":"Transient","floor":48,"turns":3}],"seed_played":"3048988725535592386","potions_obtained":[{"floor":1,"key":"SpeedPotion"},{"floor":5,"key":"SkillPotion"},{"floor":14,"key":"Fire Potion"},{"floor":18,"key":"Fire Potion"},{"floor":21,"key":"Explosive Potion"},{"floor":27,"key":"Regen Potion"},{"floor":30,"key":"DistilledChaos"},{"floor":31,"key":"SneckoOil"},{"floor":35,"key":"ColorlessPotion"},{"floor":46,"key":"FearPotion"}],"is_trial":false,"path_per_floor":["M","?","M","?","M","E","R","E","T","R","?","M","?","E","R","B",null,"M","$","M","M","$","R","M","R","T","E","M","M","E","M","R","B",null,"M","?","?","?","M","R","M","R","T","E","R","M","$","M"],"character_chosen":"WATCHER","items_purchased":["Guide Book","Vault","Alpha","OrangePellets"],"campfire_rested":6,"item_purchase_floors":[19,19,22,47],"current_hp_per_floor":[78,75,75,75,75,46,46,29,29,52,52,49,49,41,41,10,73,69,69,65,36,36,57,38,59,59,45,45,35,45,42,63,45,73,44,44,44,44,44,65,30,51,51,20,20,18,18,0,0],"gold":356,"neow_bonus":"TEN_PERCENT_HP_BONUS","is_daily":false,"chose_seed":false,"campfire_upgraded":1,"win_rate":0.0,"timestamp":1612403227,"path_taken":["M","?","M","?","M","E","R","E","T","R","?","M","?","E","R","BOSS","M","$","M","M","$","R","M","R","T","E","M","M","E","M","R","BOSS","M","?","?","?","M","R","M","R","T","E","R","M","$","M"],"items_purchased_type":["Relic","Card","Card","Relic"],"build_version":"2020-12-22","purchased_purges":2,"victory":false,"max_hp_per_floor":[79,79,79,79,79,79,79,79,79,79,73,73,73,73,73,73,73,73,73,73,73,73,73,73,73,73,73,73,73,73,73,73,73,73,73,73,73,73,73,73,73,73,73,73,73,73,73,73,73],"card_choices":[{"not_picked":["FlurryOfBlows","Wireheading"],"picked":"Sanctity","floor":1},{"not_picked":["Crescendo","Replay:BluntJabs"],"picked":"SandsOfTime","floor":3},{"not_picked":["Conclude","SignatureMove"],"picked":"PathToVictory","floor":5},{"not_picked":["Halt","Adaptation"],"picked":"FollowUp","floor":6},{"not_picked":["ThirdEye","Study"],"picked":"CutThroughFate","floor":8},{"not_picked":["BattleHymn","ThirdEye"],"picked":"Replay:Hum","floor":12},{"not_picked":["WindmillStrike","Evaluate"],"picked":"Omniscience","floor":14},{"not_picked":["DeusExMachina","SpiritShield"],"picked":"DevaForm","floor":16},{"not_picked":["ForeignInfluence","Replay:ManipulateFuture"],"picked":"EmptyFist","floor":18},{"not_picked":["ThirdEye","CutThroughFate+1"],"picked":"Halt+1","floor":20},{"not_picked":["Perseverance","CutThroughFate+1"],"picked":"Consecrate","floor":21},{"not_picked":["Protect","FlurryOfBlows"],"picked":"Wallop","floor":24},{"not_picked":["Consecrate","Replay:DivineShield"],"picked":"CutThroughFate","floor":27},{"not_picked":["CarveReality","Replay:ManipulateFuture+1","Fasting2+1"],"picked":"SKIP","floor":28},{"not_picked":["Pray+1","ReachHeaven","WaveOfTheHand"],"picked":"SKIP","floor":29},{"not_picked":["WindmillStrike","BowlingBash"],"picked":"JustLucky+1","floor":30},{"not_picked":["WindmillStrike","Replay:Vibes"],"picked":"FollowUp+1","floor":31},{"not_picked":["ConjureBlade","Ragnarok"],"picked":"Wish","floor":33},{"not_picked":["LikeWater+1","Replay:AtTheReady+1","EmptyFist+1"],"picked":"SKIP","floor":35},{"not_picked":["Replay:BluntJabs+1","Replay:AtTheReady"],"picked":"EmptyMind+1","floor":36},{"not_picked":["PathToVictory+1","FlyingSleeves+1"],"picked":"DeceiveReality+1","floor":39},{"not_picked":["Replay:ManipulateFuture","CutThroughFate+1","WaveOfTheHand+1"],"picked":"SKIP","floor":41},{"not_picked":["Meditate+1","Nirvana+1","CutThroughFate+1"],"picked":"SKIP","floor":44},{"not_picked":["EmptyFist+1","EmptyMind+1","Replay:ManipulateFuture+1"],"picked":"SKIP","floor":46}],"player_experience":349377,"relics_obtained":[{"floor":6,"key":"Smiling Mask"},{"floor":8,"key":"hubris:Reverence"},{"floor":9,"key":"ReplayFunnel"},{"floor":14,"key":"hubris:PeanutButter"},{"floor":15,"key":"War Paint"},{"floor":27,"key":"Lantern"},{"floor":30,"key":"Replay:PocketPolymizer"},{"floor":36,"key":"Pet Ghost"},{"floor":43,"key":"hubris:SlimyHat"},{"floor":44,"key":"Vajra"}],"event_choices":[{"damage_healed":0,"gold_gain":0,"player_choice":"Success","damage_taken":3,"relics_obtained":["Bag of Preparation"],"max_hp_gain":0,"max_hp_loss":0,"event_name":"Scrap Ooze","floor":2,"gold_loss":0},{"damage_healed":0,"gold_gain":50,"player_choice":"Gained Gold","damage_taken":0,"max_hp_gain":0,"max_hp_loss":0,"event_name":"Golden Wing","floor":4,"gold_loss":0},{"damage_healed":0,"gold_gain":0,"player_choice":"Lose Max HP","damage_taken":0,"relics_obtained":["Golden Idol"],"max_hp_gain":0,"max_hp_loss":6,"event_name":"Golden Idol","floor":11,"gold_loss":0},{"damage_healed":0,"gold_gain":0,"player_choice":"Grow","damage_taken":0,"max_hp_gain":0,"max_hp_loss":0,"event_name":"Living Wall","floor":13,"gold_loss":0,"cards_upgraded":["Replay:Hum"]}],"is_beta":false,"boss_relics":[{"not_picked":["SlaversCollar","Replay:Ancient Bell"],"picked":"Ring of Chaos"},{"not_picked":["Replay:Drink Me","Snecko Heart"],"picked":"hubris:GrandSneckoEye"}],"items_purged_floors":[19,47],"is_endless":false,"potions_floor_spawned":[1,5,14,18,21,27,30,31,35,46],"killed_by":"Transient","ascension_level":2}}