{"host":"zsnmfqgcm92hlreo","time":1612424872,"event":{"mods":["AchievementEnabler","Act Like it!","BaseMod","Bestiary","Block Reminder","Colored Map","Colored Powertips","Hermit","Jorbs\u0027s Wanderer Trilogy","Minty Spire (QoL Compilation)","Permanent Neow","Quick Restart","Relic Stats","StSLib","Weighted Paths"],"gold_per_floor":[113,113,126,137,148,179,179,209,209,221,221,240,240,258,258,329,329,347,63,63,63,75,75,103,123,123,141,169,169,204,214,214,214,214],"floor_reached":33,"language":"ENG","playtime":1331,"items_purged":["Strike_G"],"score":638,"play_id":"6c74075f-ec0b-4c5b-8323-2ca169490f58","local_time":"20210204014752","is_ascension_mode":true,"campfire_choices":[{"floor":7.0,"key":"REST"},{"floor":11.0,"key":"REST"},{"floor":13.0,"key":"REST"},{"floor":15.0,"key":"REST"},{"floor":23.0,"key":"RECALL"},{"floor":29.0,"key":"REST"},{"floor":32.0,"key":"REST"}],"circlet_count":0,"master_deck":["AscendersBane","Strike_G+1","Strike_G+1","Strike_G+1","Strike_G+1","Defend_G+1","Defend_G+1","Defend_G+1","Defend_G+1","Defend_G+1","Survivor","Neutralize","PiercingWail+1","Masterful Stab","Blade Dance","Riddle With Holes","PiercingWail","Blade Dance","Blade Dance","Crippling Poison","Wraith Form v2","Panache","Ghostly","Ghostly","Ghostly","Crippling Poison","Riddle With Holes+1","Leg Sweep+1","Dash","Well Laid Plans+1"],"relics":["Fusion Hammer","Shuriken","Happy Flower","Pen Nib","Runic Dome","Frozen Egg 2","Toxic Egg 2","PreservedInsect","Orichalcum"],"acts_visited":["Exordium","TheCity"],"potions_floor_usage":[33],"damage_taken":[{"damage":3.0,"enemies":"Small Slimes","floor":1.0,"turns":3.0},{"damage":0.0,"enemies":"Jaw Worm","floor":3.0,"turns":4.0},{"damage":0.0,"enemies":"Cultist","floor":4.0,"turns":4.0},{"damage":8.0,"enemies":"Blue Slaver","floor":5.0,"turns":4.0},{"damage":27.0,"enemies":"3 Sentries","floor":6.0,"turns":12.0},{"damage":11.0,"enemies":"Lagavulin","floor":8.0,"turns":5.0},{"damage":0.0,"enemies":"3 Louse","floor":10.0,"turns":3.0},{"damage":0.0,"enemies":"Exordium Thugs","floor":12.0,"turns":4.0},{"damage":0.0,"enemies":"Lots of Slimes","floor":14.0,"turns":3.0},{"damage":25.0,"enemies":"Slime Boss","floor":16.0,"turns":8.0},{"damage":6.0,"enemies":"2 Thieves","floor":18.0,"turns":3.0},{"damage":1.0,"enemies":"Shell Parasite","floor":22.0,"turns":4.0},{"damage":1.0,"enemies":"Slavers","floor":24.0,"turns":6.0},{"damage":0.0,"enemies":"Snake Plant","floor":25.0,"turns":4.0},{"damage":13.0,"enemies":"Centurion and Healer","floor":27.0,"turns":4.0},{"damage":5.0,"enemies":"Book of Stabbing","floor":28.0,"turns":6.0},{"damage":4.0,"enemies":"Gremlin Leader","floor":30.0,"turns":6.0},{"damage":0.0,"enemies":"Snecko","floor":31.0,"turns":4.0},{"damage":35,"enemies":"Collector","floor":33,"turns":8}],"seed_played":"3343248193697003477","potions_obtained":[{"floor":3.0,"key":"EssenceOfSteel"},{"floor":6.0,"key":"SkillPotion"},{"floor":8.0,"key":"GamblersBrew"},{"floor":10.0,"key":"EntropicBrew"},{"floor":24.0,"key":"LiquidMemories"},{"floor":28.0,"key":"BlessingOfTheForge"}],"is_trial":false,"path_per_floor":["M","?","M","M","M","E","R","E","T","M","R","M","R","M","R","B",null,"M","$","?","?","M","R","E","M","T","M","E","R","E","M","R","B"],"character_chosen":"THE_SILENT","items_purchased":["Panache"],"campfire_rested":6,"item_purchase_floors":[19],"current_hp_per_floor":[56,36,36,36,28,1,20,9,9,9,28,28,47,47,66,41,60,54,54,54,33,32,32,31,31,31,18,13,22,18,18,27,0,0],"gold":214,"neow_bonus":"BOSS_RELIC","is_daily":false,"chose_seed":false,"campfire_upgraded":0,"win_rate":0.0,"timestamp":1612424872,"path_taken":["M","?","M","M","M","E","R","E","T","M","R","M","R","M","R","BOSS","M","$","?","?","M","R","E","M","T","M","E","R","E","M","R","BOSS"],"items_purchased_type":["Card"],"build_version":"2020-12-22","purchased_purges":1,"victory":false,"max_hp_per_floor":[66,66,66,66,66,66,66,66,66,66,66,66,66,66,66,66,66,66,66,66,33,33,33,33,33,33,33,33,33,33,33,33,33,33],"relic_stats":{"Happy Flower":[21],"counters":[19,95],"Shuriken":[39],"Pen Nib":[17],"PreservedInsect":45,"Orichalcum":[24],"obtain_stats":[{"Runic Dome":17,"Happy Flower":8,"Shuriken":6,"Fusion Hammer":0,"Pen Nib":9,"PreservedInsect":28,"Frozen Egg 2":24,"Toxic Egg 2":26,"Orichalcum":30,"Ring of the Snake":0},{"Runic Dome":10,"Happy Flower":6,"Shuriken":5,"Fusion Hammer":0,"Pen Nib":6,"PreservedInsect":16,"Frozen Egg 2":13,"Toxic Egg 2":14,"Orichalcum":17,"Ring of the Snake":0},{"Runic Dome":50,"Happy Flower":32,"Shuriken":27,"Fusion Hammer":0,"Pen Nib":32,"PreservedInsect":77,"Frozen Egg 2":63,"Toxic Egg 2":67,"Orichalcum":83,"Ring of the Snake":0}]},"card_choices":[{"not_picked":["Prepared","Flying Knee"],"picked":"PiercingWail","floor":1.0},{"not_picked":["Concentrate","Dodge and Roll"],"picked":"Masterful Stab","floor":3.0},{"not_picked":["PiercingWail","Outmaneuver","Underhanded Strike"],"picked":"SKIP","floor":4.0},{"not_picked":["Dagger Spray","Backstab"],"picked":"Blade Dance","floor":5.0},{"not_picked":["Quick Slash","Prepared"],"picked":"Riddle With Holes","floor":6.0},{"not_picked":["Bane","Bullet Time"],"picked":"PiercingWail","floor":8.0},{"not_picked":["Flying Knee","Dodge and Roll"],"picked":"Blade Dance","floor":10.0},{"not_picked":["All Out Attack","Flying Knee"],"picked":"Blade Dance","floor":12.0},{"not_picked":["Noxious Fumes","Eviscerate"],"picked":"Crippling Poison","floor":14.0},{"not_picked":["Grand Finale","Phantasmal Killer"],"picked":"Wraith Form v2","floor":16.0},{"not_picked":["Outmaneuver","Flying Knee","Flechettes"],"picked":"SKIP","floor":18.0},{"not_picked":["Deadly Poison","Deflect"],"picked":"Crippling Poison","floor":22.0},{"not_picked":["Flying Knee","Prepared","Tactician"],"picked":"SKIP","floor":24.0},{"not_picked":["Setup","Endless Agony"],"picked":"Riddle With Holes+1","floor":25.0},{"not_picked":["Grand Finale","Outmaneuver+1","Flying Knee"],"picked":"SKIP","floor":27.0},{"not_picked":["Sucker Punch","All Out Attack+1"],"picked":"Leg Sweep+1","floor":28.0},{"not_picked":["Underhanded Strike","Storm of Steel+1"],"picked":"Dash","floor":30.0},{"not_picked":["Underhanded Strike","Poisoned Stab"],"picked":"Well Laid Plans+1","floor":31.0}],"player_experience":1023343,"relics_obtained":[{"floor":6.0,"key":"Shuriken"},{"floor":8.0,"key":"Happy Flower"},{"floor":9.0,"key":"Pen Nib"},{"floor":24.0,"key":"Frozen Egg 2"},{"floor":26.0,"key":"Toxic Egg 2"},{"floor":28.0,"key":"PreservedInsect"},{"floor":30.0,"key":"Orichalcum"}],"event_choices":[{"damage_healed":0.0,"max_hp_gain":0.0,"max_hp_loss":0.0,"gold_gain":0.0,"event_name":"Shining Light","player_choice":"Entered Light","floor":2.0,"gold_loss":0.0,"damage_taken":20.0,"cards_upgraded":["Defend_G","PiercingWail"]},{"damage_healed":0.0,"max_hp_gain":0.0,"max_hp_loss":0.0,"gold_gain":0.0,"event_name":"Back to Basics","player_choice":"Simplicity","floor":20.0,"gold_loss":0.0,"damage_taken":0.0,"cards_upgraded":["Strike_G","Strike_G","Strike_G","Strike_G","Defend_G","Defend_G","Defend_G","Defend_G"]},{"damage_healed":0.0,"max_hp_gain":0.0,"max_hp_loss":33.0,"gold_gain":0.0,"event_name":"Ghosts","player_choice":"Became a Ghost","floor":21.0,"gold_loss":0.0,"damage_taken":0.0,"cards_obtained":["Ghostly","Ghostly","Ghostly"]}],"is_beta":false,"boss_relics":[{"not_picked":["Busted Crown","Coffee Dripper"],"picked":"Runic Dome"}],"items_purged_floors":[19],"is_endless":false,"potions_floor_spawned":[3,6,8,10,14,22,24,25,28,30],"killed_by":"Collector","ascension_level":20}}