{"host":"rantoq7h0pygex6x","time":1612445642,"event":{"mods":["AchievementEnabler","BaseMod","BetterRewards","Minty Spire (QoL Compilation)"],"gold_per_floor":[115,80,230,55,68,68,96,96,168,198,198,158,158,175,175,253,253,269,286,286,31,51,51,84,84,108,108,143,163,177,277,277,353,353,368,368,368,379,391,418,418,448,501,514,126,138,148,148,148,148,148],"floor_reached":52,"language":"ENG","playtime":1679,"items_purged":["Strike_B","Defend_B","Strike_B","Strike_B","Doubt","Defend_B"],"score":2566,"play_id":"a0029d25-0f81-44a7-a760-764661070e0b","local_time":"20210204213402","is_ascension_mode":true,"campfire_choices":[{"data":"Defragment","floor":6,"key":"SMITH"},{"data":"Sunder","floor":8,"key":"SMITH"},{"data":"Sunder","floor":11,"key":"SMITH"},{"data":"Defragment","floor":13,"key":"SMITH"},{"data":"Storm","floor":15,"key":"SMITH"},{"data":"White Noise","floor":23,"key":"SMITH"},{"data":"Capacitor","floor":27,"key":"SMITH"},{"data":"Capacitor","floor":32,"key":"SMITH"},{"data":"Zap","floor":41,"key":"SMITH"},{"data":"Loop","floor":49,"key":"SMITH"}],"circlet_count":0,"master_deck":["AscendersBane","Strike_B+1","Defend_B+1","Defend_B","Zap+1","Dualcast","Storm+1","Coolheaded","Melter+1","Self Repair","Sunder+1","Defragment+1","Stack","Sunder+1","Chill","Capacitor+1","Capacitor+1","Ball Lightning","Glacier","Loop+1","BootSequence","Undo+1","Defragment+1","White Noise+1","Electrodynamics","Hologram","Skim","FTL+1","Loop+1","Steam+1"],"relics":["Cracked Core","DataDisk","Blood Vial","PreservedInsect","Vajra","Bird Faced Urn","Meat on the Bone","Ornamental Fan","Black Star","Bag of Preparation","Mercury Hourglass","Frozen Egg 2","Whetstone","The Courier","MealTicket","Dead Branch","Sundial","Busted Crown","War Paint","Torii","Potion Belt","Happy Flower","Regal Pillow","Anchor","Cables"],"acts_visited":["Exordium","TheCity","TheBeyond"],"potions_floor_usage":[10,51,51,51],"damage_taken":[{"damage":0,"enemies":"2 Louse","floor":1,"turns":2},{"damage":0,"enemies":"Small Slimes","floor":5,"turns":3},{"damage":0,"enemies":"Lagavulin","floor":7,"turns":6},{"damage":0,"enemies":"3 Sentries","floor":10,"turns":4},{"damage":0,"enemies":"Jaw Worm","floor":14,"turns":2},{"damage":24,"enemies":"Hexaghost","floor":16,"turns":6},{"damage":16,"enemies":"3 Byrds","floor":18,"turns":5},{"damage":20,"enemies":"Shell Parasite","floor":19,"turns":4},{"damage":13,"enemies":"Snake Plant","floor":22,"turns":4},{"damage":22,"enemies":"Slavers","floor":24,"turns":4},{"damage":25,"enemies":"Book of Stabbing","floor":28,"turns":3},{"damage":0,"enemies":"Centurion and Healer","floor":29,"turns":3},{"damage":39,"enemies":"Cultist and Chosen","floor":30,"turns":4},{"damage":30,"enemies":"Colosseum Slavers","floor":31,"turns":4},{"damage":11,"enemies":"Colosseum Nobs","floor":31,"turns":3},{"damage":7,"enemies":"Champ","floor":33,"turns":8},{"damage":16,"enemies":"3 Darklings","floor":35,"turns":3},{"damage":1,"enemies":"Orb Walker","floor":38,"turns":2},{"damage":0,"enemies":"Sphere and 2 Shapes","floor":39,"turns":3},{"damage":22,"enemies":"Nemesis","floor":40,"turns":5},{"damage":21,"enemies":"Giant Head","floor":42,"turns":5},{"damage":15,"enemies":"Writhing Mass","floor":44,"turns":4},{"damage":0,"enemies":"3 Darklings","floor":46,"turns":2},{"damage":0,"enemies":"Transient","floor":47,"turns":6},{"damage":35,"enemies":"Donu and Deca","floor":50,"turns":6},{"damage":62,"enemies":"Time Eater","floor":51,"turns":6}],"seed_played":"-1211442185771219391","potions_obtained":[{"floor":10,"key":"EntropicBrew"},{"floor":14,"key":"BlessingOfTheForge"},{"floor":42,"key":"EssenceOfDarkness"},{"floor":47,"key":"Block Potion"}],"is_trial":false,"path_per_floor":["M","?","?","$","M","R","E","R","T","E","R","$","R","M","R","B",null,"M","M","?","$","M","R","E","T","T","R","E","M","M","?","R","B",null,"M","?","?","M","M","E","R","E","T","M","$","M","M","$","R","B","B",null],"character_chosen":"DEFECT","items_purchased":["DataDisk","Storm","Coolheaded","Melter","Self Repair","Sunder","Defragment","Stack","Sunder","Chill","Blood Vial","Capacitor","PreservedInsect","Capacitor","Ball Lightning","Glacier","Loop","Defragment","Skim","Cables"],"campfire_rested":0,"item_purchase_floors":[0,0,0,0,0,0,0,0,0,0,0,0,0,0,4,4,4,12,21,45],"current_hp_per_floor":[24,41,41,41,50,50,59,59,59,71,71,71,71,71,71,64,69,61,58,38,38,49,49,50,50,50,50,46,65,50,52,52,74,76,69,69,69,76,76,71,71,64,64,72,76,76,76,76,76,60,47],"gold":148,"neow_bonus":"","is_daily":false,"chose_seed":false,"campfire_upgraded":10,"win_rate":0.0,"timestamp":1612445642,"path_taken":["M","?","?","$","M","R","E","R","T","E","R","$","R","M","R","BOSS","M","M","?","$","M","R","E","?","T","R","E","M","?","?","R","BOSS","M","?","?","?","M","E","R","E","T","M","?","?","M","$","R","BOSS","BOSS"],"items_purchased_type":["Relic","Card","Card","Card","Card","Card","Card","Card","Card","Card","Relic","Card","Relic","Card","Card","Card","Card","Card","Card","Relic"],"build_version":"2020-12-22","purchased_purges":6,"victory":true,"max_hp_per_floor":[71,71,71,71,71,71,71,71,71,71,71,71,71,71,71,71,71,71,71,76,76,76,76,76,76,76,76,76,76,76,76,76,76,76,76,76,76,76,76,76,76,76,76,76,76,76,76,76,76,76,76],"card_choices":[{"not_picked":["Redo","Consume","Turbo"],"picked":"SKIP","floor":1},{"not_picked":["Skim","Turbo"],"picked":"BootSequence","floor":5},{"not_picked":["Double Energy","Aggregate","Coolheaded"],"picked":"SKIP","floor":7},{"not_picked":["Hello World","Streamline"],"picked":"Undo","floor":10},{"not_picked":["Auto Shields","Go for the Eyes"],"picked":"White Noise","floor":14},{"not_picked":["Buffer","Amplify"],"picked":"Electrodynamics","floor":16},{"not_picked":["Beam Cell","Steam"],"picked":"Hologram","floor":18},{"not_picked":["Scrape+1","Self Repair","Gash"],"picked":"SKIP","floor":19},{"not_picked":["Steam Power","Heatsinks"],"picked":"FTL+1","floor":22},{"not_picked":["Steam","Streamline","Core Surge"],"picked":"SKIP","floor":24},{"not_picked":["Compile Driver","Capacitor+1","Sunder"],"picked":"SKIP","floor":28},{"not_picked":["Ball Lightning+1","Aggregate"],"picked":"Loop+1","floor":29},{"not_picked":["Loop+1","Sunder","Stack"],"picked":"SKIP","floor":30},{"not_picked":["Sunder"],"picked":"SKIP","floor":35},{"not_picked":["Conserve Battery"],"picked":"SKIP","floor":38},{"not_picked":["Turbo"],"picked":"SKIP","floor":39},{"not_picked":["Go for the Eyes+1"],"picked":"SKIP","floor":40},{"not_picked":["Gash"],"picked":"SKIP","floor":42},{"not_picked":["Leap"],"picked":"SKIP","floor":44},{"not_picked":["Glacier"],"picked":"SKIP","floor":46},{"not_picked":[],"picked":"Steam+1","floor":47}],"player_experience":978153,"relics_obtained":[{"floor":7,"key":"Bird Faced Urn"},{"floor":9,"key":"Meat on the Bone"},{"floor":10,"key":"Ornamental Fan"},{"floor":24,"key":"Bag of Preparation"},{"floor":24,"key":"Mercury Hourglass"},{"floor":25,"key":"Frozen Egg 2"},{"floor":26,"key":"Whetstone"},{"floor":28,"key":"The Courier"},{"floor":28,"key":"MealTicket"},{"floor":31,"key":"Dead Branch"},{"floor":31,"key":"Sundial"},{"floor":37,"key":"War Paint"},{"floor":40,"key":"Torii"},{"floor":40,"key":"Potion Belt"},{"floor":42,"key":"Happy Flower"},{"floor":42,"key":"Regal Pillow"},{"floor":43,"key":"Anchor"}],"event_choices":[{"damage_healed":17,"gold_gain":0,"player_choice":"Healed","damage_taken":0,"max_hp_gain":0,"max_hp_loss":0,"event_name":"The Cleric","floor":2,"gold_loss":35},{"damage_healed":0,"gold_gain":150,"player_choice":"AGREE","damage_taken":0,"max_hp_gain":0,"max_hp_loss":0,"event_name":"Liars Game","floor":3,"gold_loss":0,"cards_obtained":["Doubt"]},{"damage_healed":0,"gold_gain":0,"player_choice":"Shed Blood","damage_taken":25,"max_hp_gain":5,"max_hp_loss":0,"event_name":"Forgotten Altar","floor":20,"gold_loss":0},{"damage_healed":0,"gold_gain":0,"player_choice":"Fight","damage_taken":0,"max_hp_gain":0,"max_hp_loss":0,"event_name":"Colosseum","floor":31,"gold_loss":0},{"damage_healed":0,"gold_gain":0,"player_choice":"Fought Nobs","damage_taken":0,"max_hp_gain":0,"max_hp_loss":0,"event_name":"Colosseum","floor":31,"gold_loss":0},{"damage_healed":0,"gold_gain":0,"player_choice":"Ignored","damage_taken":0,"max_hp_gain":0,"max_hp_loss":0,"event_name":"Tomb of Lord Red Mask","floor":36,"gold_loss":0},{"damage_healed":0,"gold_gain":0,"player_choice":"Relic","damage_taken":0,"max_hp_gain":0,"max_hp_loss":0,"event_name":"Wheel of Change","floor":37,"gold_loss":0}],"is_beta":false,"boss_relics":[{"not_picked":["Runic Pyramid","Calling Bell"],"picked":"Black Star"},{"not_picked":["Astrolabe","Nuclear Battery"],"picked":"Busted Crown"}],"items_purged_floors":[0,0,0,0,21,45],"is_endless":false,"potions_floor_spawned":[10,14,16,18,22,29,31,33,38,39,42,47],"ascension_level":20}}