{"host":"htqwg582tjjtn9p7","time":1612462022,"event":{"mods":["2.2 Compatiblity","AchievementEnabler","Act Like it!","Aspiration","BaseMod","Better Third Choice","Colored Map","Conspire","Curses Come First","Displayed Cursed Tome","Energized Spire","Force Act Four","Fox Events","GifTheSpireLib","Hermit","Highlight Path","JesterMod","Mad Scientist","Minty Spire (QoL Compilation)","Pale of the Ancients","Permanent Neow","Random Character Button","Relic Stats","Reliquary","Replay The Spire","Robot Space Explorer","Somnambulant","Spicy Shops","Spikes Relics","StSLib","Stuff the Spire","The Blue Laboratory","The Bug Knight","The Forsaken","The Gatherer","The Judge","The Jungle","The Marked","The Runesmith","The Servant 0.9.4","Uncapped"],"gold_per_floor":[63,77,97,159,171,171,203,203,203,203,217,217,227,253,253,331,331,347,73,85,85,103,103,129,129,129],"floor_reached":25,"language":"ENG","playtime":910,"items_purged":["Strike_R"],"score":452,"play_id":"905e57d2-72ac-48a7-9430-2aee3cabfc24","local_time":"20210204190702","is_ascension_mode":true,"campfire_choices":[{"floor":6,"key":"REST"},{"data":"Armaments","floor":8,"key":"SMITH"},{"floor":12,"key":"REST"},{"data":"Armaments","floor":15,"key":"SMITH"},{"floor":23,"key":"REST"}],"circlet_count":0,"master_deck":["AscendersBane","Defend_R","Defend_R","Defend_R","Defend_R","Bash","Sword Boomerang","Armaments+1","Armaments+1","Fire Breathing","StuffTheSpire:Slingshot","Dropkick+1","Dual Wield","Juggernaut","Searing Blow","Demon Form","Armaments","Sword Boomerang","Blood for Blood","Anger","Metallicize","Shockwave"],"relics":["energizedSpire:HugeHouse","StuffTheSpire:NeowsTribute","conspire:InfiniteJournal","Matryoshka","Empty Cage","Lee\u0027s Waffle","Pondfish Scales"],"acts_visited":["Exordium","TheCity"],"potions_floor_usage":[7,16,25],"damage_taken":[{"damage":2,"enemies":"Jaw Worm","floor":1,"turns":3},{"damage":7,"enemies":"Small Slimes","floor":2,"turns":2},{"damage":8,"enemies":"2 Louse","floor":3,"turns":3},{"damage":17,"enemies":"Gremlin Gang","floor":5,"turns":6},{"damage":12,"enemies":"Gremlin Nob","floor":7,"turns":2},{"damage":7,"enemies":"Large Slime","floor":11,"turns":5},{"damage":3,"enemies":"Blue Slaver","floor":13,"turns":3},{"damage":20,"enemies":"3 Sentries","floor":14,"turns":6},{"damage":10,"enemies":"Hexaghost","floor":16,"turns":8},{"damage":26,"enemies":"3 Byrds","floor":18,"turns":6},{"damage":22,"enemies":"Spheric Guardian","floor":20,"turns":5},{"damage":17,"enemies":"Shelled Parasite and Fungi","floor":22,"turns":4},{"damage":42,"enemies":"Gremlin Leader","floor":24,"turns":8},{"damage":19,"enemies":"Cultist and Chosen","floor":25,"turns":3}],"seed_played":"-4479098455530491292","potions_obtained":[{"floor":1,"key":"Death Potion"},{"floor":11,"key":"blueLaboratory:EntrenchedPotion"},{"floor":16,"key":"blueLaboratory:SmithPotion"},{"floor":22,"key":"blueLaboratory:Moonshine"},{"floor":24,"key":"Weak Potion"}],"is_trial":false,"path_per_floor":["M","M","M","?","M","R","E","R","T","?","M","R","M","E","R","B",null,"M","$","M","?","M","R","E","M"],"character_chosen":"IRONCLAD","items_purchased":["Lee\u0027s Waffle","Armaments"],"campfire_rested":3,"item_purchase_floors":[19,19],"current_hp_per_floor":[66,59,51,51,34,55,43,43,43,43,36,57,54,34,34,24,59,33,77,55,55,38,61,19,0,0],"gold":129,"neow_bonus":"BOSS_RELIC","is_daily":false,"chose_seed":false,"campfire_upgraded":2,"win_rate":0.0,"timestamp":1612462022,"path_taken":["M","M","M","?","M","R","E","R","T","?","M","R","M","E","R","BOSS","M","$","M","?","M","R","E","M"],"items_purchased_type":["Relic","Card"],"build_version":"2020-12-22","purchased_purges":1,"victory":false,"max_hp_per_floor":[70,70,70,70,70,70,70,70,70,70,70,70,70,70,70,70,70,70,77,77,77,77,77,77,77,77],"relic_stats":{"Lee\u0027s Waffle":44,"counters":[14,64],"obtain_stats":[{"Lee\u0027s Waffle":19,"Pondfish Scales":24,"Matryoshka":14,"energizedSpire:HugeHouse":0,"Empty Cage":17,"Burning Blood":0,"StuffTheSpire:NeowsTribute":7,"conspire:InfiniteJournal":9},{"Lee\u0027s Waffle":10,"Pondfish Scales":13,"Matryoshka":8,"energizedSpire:HugeHouse":0,"Empty Cage":9,"Burning Blood":0,"StuffTheSpire:NeowsTribute":5,"conspire:InfiniteJournal":5},{"Lee\u0027s Waffle":44,"Pondfish Scales":61,"Matryoshka":30,"energizedSpire:HugeHouse":0,"Empty Cage":38,"Burning Blood":0,"StuffTheSpire:NeowsTribute":16,"conspire:InfiniteJournal":16}]},"card_choices":[{"not_picked":["Metallicize","Sword Boomerang"],"picked":"Carnage","floor":1},{"not_picked":["Heavy Blade","Thunderclap"],"picked":"Armaments","floor":2},{"not_picked":["Warcry","ReplayTheSpireMod:Limb From Limb"],"picked":"Armaments","floor":3},{"not_picked":["Wild Strike","Rupture"],"picked":"Fire Breathing","floor":5},{"not_picked":["ReplayTheSpireMod:LeadingStrike","Massacre"],"picked":"StuffTheSpire:Slingshot","floor":7},{"not_picked":["Clothesline","Twin Strike"],"picked":"Dual Wield","floor":11},{"not_picked":["ReplayTheSpireMod:LeadingStrike","Battle Trance"],"picked":"Juggernaut","floor":13},{"not_picked":["Intimidate","Invigoration"],"picked":"Searing Blow","floor":14},{"not_picked":["Juggernaut","conspire:Purge"],"picked":"Demon Form","floor":16},{"not_picked":["StuffTheSpire:Incineration","Clash","Clothesline"],"picked":"SKIP","floor":18},{"not_picked":["Replay:Undeath\u0027s Touch","Dark Embrace"],"picked":"Sword Boomerang","floor":20},{"not_picked":["Headbutt+1","Clash"],"picked":"Metallicize","floor":22},{"not_picked":["Twin Strike","Heavy Blade"],"picked":"Shockwave","floor":24}],"player_experience":1998764,"relics_obtained":[{"floor":7,"key":"StuffTheSpire:NeowsTribute"},{"floor":9,"key":"conspire:InfiniteJournal"},{"floor":14,"key":"Matryoshka"},{"floor":24,"key":"Pondfish Scales"}],"event_choices":[{"damage_healed":0,"gold_gain":62,"player_choice":"Gained Gold","damage_taken":0,"max_hp_gain":0,"max_hp_loss":0,"event_name":"Golden Wing","floor":4,"gold_loss":0},{"damage_healed":0,"gold_gain":0,"cards_transformed":["Strike_R","Strike_R"],"player_choice":"Became Test Subject","damage_taken":0,"max_hp_gain":0,"max_hp_loss":0,"event_name":"Drug Dealer","floor":21,"gold_loss":0,"cards_obtained":["Blood for Blood","Anger"]}],"is_beta":false,"boss_relics":[{"not_picked":["theForsaken:PaleLantern","energizedSpire:DeadBattery"],"picked":"Empty Cage"}],"items_purged_floors":[19],"is_endless":false,"potions_floor_spawned":[1,11,16,22,24],"killed_by":"Cultist and Chosen","ascension_level":15}}