{"host":"c6u7e77myxvw4d0m","time":1612447611,"event":{"mods":["AchievementEnabler","BaseMod","Bestiary","Colored Map","Colored Powertips","Minty Spire (QoL Compilation)","Rare Cards Sparkle","Relic Stats","everything is the same but u backflip on backflip"],"gold_per_floor":[117,132,152,152,19,19,45,45,45,58,58,83,83,95,95,168,168,178,198,215,215,215,250,250,284,284,284,304,9,9,22,22,100,100,112,127,127,147,159,159,185,202,228,228,239,274,274,274],"floor_reached":47,"language":"ENG","playtime":4729,"items_purged":[],"score":1099,"play_id":"b3cfdebd-2b19-4d9e-b955-0b71efd53635","local_time":"20210204160651","is_ascension_mode":true,"campfire_choices":[{"data":"Glass Knife","floor":6.0,"key":"SMITH"},{"data":"Prepared","floor":8,"key":"SMITH"},{"data":"Neutralize","floor":13,"key":"SMITH"},{"data":"Predator","floor":15,"key":"SMITH"},{"data":"Blade Dance","floor":24,"key":"SMITH"},{"data":"Noxious Fumes","floor":30,"key":"SMITH"},{"data":"PiercingWail","floor":32,"key":"SMITH"},{"data":"Accuracy","floor":40,"key":"SMITH"},{"data":"Terror","floor":44,"key":"SMITH"}],"circlet_count":0,"master_deck":["AscendersBane","Strike_G","Strike_G","Strike_G","Strike_G","Defend_G","Defend_G","Defend_G","Defend_G","Defend_G+1","Survivor","Neutralize+1","Cloak And Dagger+1","Predator+1","Glass Knife+1","Underhanded Strike","Prepared+1","Dodge and Roll","Flying Knee","Dagger Throw+1","Dagger Spray","Die Die Die","Slice","Blade Dance+1","Endless Agony","Ghostly","Ghostly","Ghostly","PiercingWail+1","Reflex+1","Blade Dance+1","Noxious Fumes+1","Bane","Acrobatics","Tools of the Trade","Dodge and Roll+1","Acrobatics","Choke+1","Footwork","Slice","Accuracy+1","Outmaneuver+1","Cloak And Dagger+1","Terror+1","Dodge and Roll+1","Calculated Gamble"],"relics":["Ring of the Snake","Meat on the Bone","Singing Bowl","Nunchaku","WristBlade","Prayer Wheel","Ancient Tea Set","Snake Skull","Paper Crane","Kunai","HoveringKite","Dream Catcher","Potion Belt","Unceasing Top"],"acts_visited":["Exordium","TheCity","TheBeyond"],"potions_floor_usage":[7,10,12,16,16,20,20,23,35,36,38,39,41,42,47,47],"damage_taken":[{"damage":1.0,"enemies":"2 Louse","floor":1.0,"turns":3.0},{"damage":0.0,"enemies":"Cultist","floor":2.0,"turns":4.0},{"damage":1.0,"enemies":"Small Slimes","floor":3.0,"turns":3.0},{"damage":6,"enemies":"Gremlin Nob","floor":7,"turns":3},{"damage":9,"enemies":"Exordium Thugs","floor":10,"turns":5},{"damage":10,"enemies":"3 Sentries","floor":12,"turns":7},{"damage":0,"enemies":"Exordium Wildlife","floor":14,"turns":3},{"damage":16,"enemies":"Hexaghost","floor":16,"turns":9},{"damage":30,"enemies":"Shell Parasite","floor":18,"turns":4},{"damage":22,"enemies":"2 Thieves","floor":19,"turns":3},{"damage":24,"enemies":"Snake Plant","floor":20,"turns":4},{"damage":13,"enemies":"Book of Stabbing","floor":23,"turns":5},{"damage":20,"enemies":"Gremlin Leader","floor":25,"turns":4},{"damage":0,"enemies":"3 Cultists","floor":28,"turns":4},{"damage":10,"enemies":"Shelled Parasite and Fungi","floor":31,"turns":2},{"damage":14,"enemies":"Champ","floor":33,"turns":13},{"damage":28,"enemies":"3 Shapes","floor":35,"turns":7},{"damage":5,"enemies":"3 Darklings","floor":36,"turns":5},{"damage":4,"enemies":"Sphere and 2 Shapes","floor":38,"turns":5},{"damage":2,"enemies":"4 Shapes","floor":39,"turns":7},{"damage":20,"enemies":"Giant Head","floor":41,"turns":6},{"damage":0,"enemies":"Transient","floor":42,"turns":6},{"damage":0,"enemies":"Spire Growth","floor":45,"turns":3},{"damage":10,"enemies":"Nemesis","floor":46,"turns":7},{"damage":78,"enemies":"Writhing Mass","floor":47,"turns":5}],"seed_played":"-4239709118513262244","potions_obtained":[{"floor":2.0,"key":"Block Potion"},{"floor":3.0,"key":"Fire Potion"},{"floor":7,"key":"CunningPotion"},{"floor":10,"key":"SkillPotion"},{"floor":14,"key":"Explosive Potion"},{"floor":19,"key":"EntropicBrew"},{"floor":25,"key":"Regen Potion"},{"floor":33,"key":"AttackPotion"},{"floor":37,"key":"CunningPotion"},{"floor":37,"key":"Dexterity Potion"},{"floor":38,"key":"Explosive Potion"},{"floor":39,"key":"DistilledChaos"},{"floor":41,"key":"GamblersBrew"},{"floor":46,"key":"CunningPotion"}],"is_trial":false,"path_per_floor":["M","M","M","?","$","R","E","R","T","M","?","E","R","M","R","B",null,"M","M","M","?","T","E","R","E","T","?","M","$","R","M","R","B",null,"M","M","?","M","M","R","E","M","T","R","M","E","M"],"character_chosen":"THE_SILENT","items_purchased":["Underhanded Strike","Prepared","Dodge and Roll","Kunai","Bane"],"campfire_rested":0,"item_purchase_floors":[5,5,5,29,29],"current_hp_per_floor":[64,64,63,63,63,63,57,57,57,48,26,30,30,42,42,38,65,47,37,25,25,25,24,24,16,16,16,28,28,28,32,32,30,37,24,33,33,29,27,27,19,31,31,31,33,25,0,0],"gold":274,"neow_bonus":"TEN_PERCENT_HP_BONUS","is_daily":false,"chose_seed":false,"campfire_upgraded":9,"win_rate":0.0,"timestamp":1612447611,"path_taken":["M","M","M","?","$","R","E","R","T","?","?","E","R","M","R","BOSS","M","M","M","?","?","E","R","E","T","?","?","$","R","M","R","BOSS","M","M","?","?","M","R","E","M","T","R","M","E","M"],"items_purchased_type":["Card","Card","Card","Relic","Card"],"build_version":"2020-12-22","purchased_purges":0,"victory":false,"max_hp_per_floor":[72,72,72,72,72,72,72,72,72,72,72,74,74,74,74,74,74,74,74,74,37,37,37,37,37,37,37,37,37,37,39,39,39,39,39,41,41,41,41,41,41,41,41,41,43,45,45,45],"relic_stats":{"Nunchaku":[35],"Dream Catcher":0,"Singing Bowl":10,"counters":[25,127],"HoveringKite":[31],"Prayer Wheel":8,"Snake Skull":[37],"Kunai":[61],"obtain_stats":[{"Potion Belt":43,"Singing Bowl":9,"HoveringKite":34,"Snake Skull":25,"Paper Crane":26,"Ancient Tea Set":23,"Nunchaku":12,"Dream Catcher":41,"WristBlade":17,"Prayer Wheel":22,"Kunai":29,"Unceasing Top":46,"Ring of the Snake":0,"Meat on the Bone":7},{"Potion Belt":22,"Singing Bowl":4,"HoveringKite":16,"Snake Skull":13,"Paper Crane":13,"Ancient Tea Set":12,"Nunchaku":6,"Dream Catcher":21,"WristBlade":8,"Prayer Wheel":11,"Kunai":14,"Unceasing Top":24,"Ring of the Snake":0,"Meat on the Bone":4},{"Potion Belt":112,"Singing Bowl":13,"HoveringKite":76,"Snake Skull":57,"Paper Crane":57,"Ancient Tea Set":53,"Nunchaku":25,"Dream Catcher":106,"WristBlade":37,"Prayer Wheel":48,"Kunai":61,"Unceasing Top":122,"Ring of the Snake":0,"Meat on the Bone":13}],"Unceasing Top":[0],"Ring of the Snake":[52],"Meat on the Bone":168},"card_choices":[{"not_picked":["Slice","Tactician"],"picked":"Cloak And Dagger","floor":1.0},{"not_picked":["Deflect","Slice"],"picked":"Predator","floor":2.0},{"not_picked":["Concentrate","Escape Plan"],"picked":"Glass Knife","floor":3.0},{"not_picked":["Outmaneuver","Choke"],"picked":"Flying Knee","floor":7},{"not_picked":["Poisoned Stab","Outmaneuver"],"picked":"Dagger Throw","floor":10},{"not_picked":["Blur","Bane","Deadly Poison"],"picked":"Singing Bowl","floor":12},{"not_picked":["Burst","Concentrate"],"picked":"Dagger Spray","floor":14},{"not_picked":["Envenom","Burst"],"picked":"Die Die Die","floor":16},{"not_picked":["Cloak And Dagger","Skewer"],"picked":"Slice","floor":18},{"not_picked":["Deflect","Dodge and Roll"],"picked":"Blade Dance","floor":19},{"not_picked":["Setup","Well Laid Plans"],"picked":"Endless Agony","floor":20},{"not_picked":["Dagger Spray","Flechettes"],"picked":"PiercingWail","floor":23},{"not_picked":["Tactician","All Out Attack"],"picked":"Reflex+1","floor":25},{"not_picked":["Heel Hook","PiercingWail+1"],"picked":"Blade Dance+1","floor":28},{"not_picked":["Acrobatics+1","Blade Dance"],"picked":"Noxious Fumes","floor":28},{"not_picked":["Deadly Poison","Concentrate"],"picked":"Acrobatics","floor":31},{"not_picked":["Underhanded Strike","Heel Hook+1","Dagger Throw"],"picked":"Singing Bowl","floor":31},{"not_picked":["Unload","Night Terror"],"picked":"Tools of the Trade","floor":33},{"not_picked":["Poisoned Stab","Dagger Throw"],"picked":"Dodge and Roll+1","floor":35},{"not_picked":["Poisoned Stab","Distraction"],"picked":"Acrobatics","floor":35},{"not_picked":["Deadly Poison","Concentrate","Dagger Throw"],"picked":"Singing Bowl","floor":36},{"not_picked":["Concentrate","Expertise+1"],"picked":"Choke+1","floor":36},{"not_picked":["Outmaneuver","Sucker Punch"],"picked":"Footwork","floor":38},{"not_picked":["Outmaneuver","Concentrate"],"picked":"Slice","floor":38},{"not_picked":["Bane","Night Terror"],"picked":"Accuracy","floor":39},{"not_picked":["Blade Dance","Deadly Poison"],"picked":"Outmaneuver+1","floor":39},{"not_picked":["Blade Dance","Underhanded Strike"],"picked":"Cloak And Dagger+1","floor":41},{"not_picked":["Expertise","Outmaneuver"],"picked":"Terror","floor":42},{"not_picked":["Eviscerate","Dagger Throw+1"],"picked":"Dodge and Roll+1","floor":42},{"not_picked":["Flying Knee","Leg Sweep+1"],"picked":"Calculated Gamble","floor":45},{"not_picked":["Deadly Poison+1","Poisoned Stab+1","Heel Hook"],"picked":"Singing Bowl","floor":45},{"not_picked":["Heel Hook","Flying Knee+1","Riddle With Holes"],"picked":"Singing Bowl","floor":46}],"player_experience":660459,"relics_obtained":[{"floor":7,"key":"Meat on the Bone"},{"floor":9,"key":"Singing Bowl"},{"floor":12,"key":"Nunchaku"},{"floor":22,"key":"Prayer Wheel"},{"floor":23,"key":"Ancient Tea Set"},{"floor":25,"key":"Snake Skull"},{"floor":26,"key":"Paper Crane"},{"floor":41,"key":"Dream Catcher"},{"floor":43,"key":"Potion Belt"},{"floor":46,"key":"Unceasing Top"}],"event_choices":[{"cards_removed":["Strike_G"],"damage_healed":0.0,"max_hp_gain":0.0,"max_hp_loss":0.0,"gold_gain":0.0,"event_name":"Purifier","player_choice":"Purged","floor":4.0,"gold_loss":0.0,"damage_taken":0.0},{"damage_healed":0,"gold_gain":0,"player_choice":"Entered Light","damage_taken":22,"max_hp_gain":0,"max_hp_loss":0,"event_name":"Shining Light","floor":11,"gold_loss":0,"cards_upgraded":["Defend_G","Dagger Throw"]},{"damage_healed":0,"gold_gain":0,"player_choice":"Became a Ghost","damage_taken":0,"max_hp_gain":0,"max_hp_loss":37,"event_name":"Ghosts","floor":21,"gold_loss":0,"cards_obtained":["Ghostly","Ghostly","Ghostly"]},{"damage_healed":0,"gold_gain":0,"player_choice":"Forge","damage_taken":0,"max_hp_gain":0,"max_hp_loss":0,"event_name":"Accursed Blacksmith","floor":27,"gold_loss":0,"cards_upgraded":["Cloak And Dagger"]},{"damage_healed":0,"gold_gain":0,"player_choice":"Got Potions","damage_taken":0,"max_hp_gain":0,"max_hp_loss":0,"event_name":"Lab","floor":37,"gold_loss":0}],"is_beta":false,"boss_relics":[{"not_picked":["Empty Cage","Tiny House"],"picked":"WristBlade"},{"not_picked":["Coffee Dripper","Pandora\u0027s Box"],"picked":"HoveringKite"}],"items_purged_floors":[],"is_endless":false,"potions_floor_spawned":[2,3,7,10,14,19,25,33,38,39,41,46],"killed_by":"Writhing Mass","ascension_level":20}}