{"host":"8x42s7jbptnlw65q","time":1612459278,"event":{"mods":["AchievementEnabler","BaseMod","Highlight Path","Minty Spire (QoL Compilation)","StSLib"],"gold_per_floor":[144,144,189,234,279,369,369,414,414,459,459,504,599,689,689,989,989,1034,994,504,469,19,109,109,159,209,254,299,394,439,484,484,784,784,829,874,193,243,293,383,478,36,36,236,326,376,451,496,496,496],"floor_reached":51,"language":"ENG","playtime":2736,"items_purged":[],"score":1066,"play_id":"4ddf48dd-f86c-41e5-ba48-3093942e53f0","local_time":"20210204122118","daily_mods":["Insanity","Red Cards","Midas"],"is_ascension_mode":false,"campfire_choices":[{"floor":7.0,"key":"REST"},{"floor":15.0,"key":"REST"},{"floor":24.0,"key":"REST"},{"floor":32.0,"key":"REST"},{"floor":49,"key":"REST"}],"circlet_count":0,"master_deck":["Stack","Flex","Shrug It Off","Fire Breathing","Rip and Tear","Havoc","Bloodletting","Disarm","Anger","Barrage","Warcry","Barrage+1","Go for the Eyes+1","Hello World","Dual Wield","Steam","Leap","Blood for Blood","Warcry","Metallicize","Shrug It Off","Flame Barrier","Shrug It Off","Reckless Charge","Conserve Battery","Clothesline","Clothesline","Barrage","Wild Strike","Genetic Algorithm","Shrug It Off","Hologram","Cleave","Cold Snap","Force Field","Loop","Scrape","Whirlwind","Undo","Chaos","Chaos","Warcry","Gash","Ball Lightning","Heavy Blade+1","Tempest","Clash","Double Energy","Warcry","Rebound","Wild Strike","Stack","Creative AI","Ball Lightning","Cold Snap","Headbutt","Ball Lightning","Offering","Seek","Tempest","Doom and Gloom+1","Dual Wield","Pommel Strike+1","Spot Weakness+1","Shrug It Off","Chaos+1","Offering","Wild Strike+1","Sword Boomerang+1","Mind Blast+1","Sunder+1","Reboot","Ball Lightning+1","Aggregate","White Noise","Compile Driver+1","Pommel Strike+1","HandOfGreed+1","Thinking Ahead","Pommel Strike+1"],"relics":["Cracked Core","WarpedTongs","Gremlin Horn","Cables","SsserpentHead","Orichalcum","Philosopher\u0027s Stone","Molten Egg 2","Eternal Feather","Happy Flower","Akabeko","HandDrill","Whetstone","Ornamental Fan","Bronze Scales","Sozu","Shuriken","Bag of Marbles","Toolbox","InkBottle","Anchor","Strange Spoon","The Courier","Emotion Chip","Ginger","Ancient Tea Set"],"acts_visited":["Exordium","TheCity","TheBeyond"],"potions_floor_usage":[50,50],"damage_taken":[{"damage":0.0,"enemies":"Small Slimes","floor":1.0,"turns":2.0},{"damage":3.0,"enemies":"Cultist","floor":3.0,"turns":2.0},{"damage":0.0,"enemies":"2 Louse","floor":4.0,"turns":2.0},{"damage":6.0,"enemies":"Exordium Thugs","floor":5.0,"turns":4.0},{"damage":9.0,"enemies":"3 Sentries","floor":6.0,"turns":3.0},{"damage":4.0,"enemies":"Looter","floor":8.0,"turns":2.0},{"damage":8.0,"enemies":"Large Slime","floor":10.0,"turns":4.0},{"damage":5.0,"enemies":"Exordium Wildlife","floor":12.0,"turns":2.0},{"damage":0.0,"enemies":"3 Louse","floor":13.0,"turns":1.0},{"damage":19.0,"enemies":"Lagavulin","floor":14.0,"turns":5.0},{"damage":30.0,"enemies":"Hexaghost","floor":16.0,"turns":5.0},{"damage":14.0,"enemies":"Shell Parasite","floor":18.0,"turns":4.0},{"damage":0.0,"enemies":"Slavers","floor":23.0,"turns":1.0},{"damage":0.0,"enemies":"3 Byrds","floor":27.0,"turns":3.0},{"damage":9.0,"enemies":"Snake Plant","floor":28.0,"turns":3.0},{"damage":0.0,"enemies":"Sentry and Sphere","floor":29.0,"turns":2.0},{"damage":4.0,"enemies":"Chosen and Byrds","floor":30.0,"turns":2.0},{"damage":3.0,"enemies":"Shelled Parasite and Fungi","floor":31.0,"turns":2.0},{"damage":32.0,"enemies":"Collector","floor":33.0,"turns":5.0},{"damage":2.0,"enemies":"Orb Walker","floor":35.0,"turns":3.0},{"damage":1,"enemies":"3 Shapes","floor":36,"turns":2},{"damage":0,"enemies":"Reptomancer","floor":40,"turns":1},{"damage":0,"enemies":"Jaw Worm Horde","floor":41,"turns":2},{"damage":0,"enemies":"Mind Bloom Boss Battle","floor":44,"turns":2},{"damage":0,"enemies":"Nemesis","floor":45,"turns":1},{"damage":0,"enemies":"Sphere and 2 Shapes","floor":48,"turns":1},{"damage":66,"enemies":"Time Eater","floor":50,"turns":6}],"seed_played":"2514053361250750194","potions_obtained":[{"floor":5.0,"key":"Weak Potion"},{"floor":6.0,"key":"Dexterity Potion"},{"floor":13.0,"key":"PotionOfCapacity"},{"floor":14.0,"key":"EntropicBrew"},{"floor":16.0,"key":"SkillPotion"},{"floor":27.0,"key":"Swift Potion"},{"floor":31.0,"key":"SteroidPotion"}],"is_trial":false,"path_per_floor":["M","?","M","M","M","E","R","M","T","M","?","M","M","E","R","B",null,"M","?","$","?","$","E","R","?","T","M","M","M","M","M","R","B",null,"M","M","$","?","?","E","M","$","T","?","E","?","T","M","R","B",null],"character_chosen":"DEFECT","items_purchased":["Molten Egg 2","Eternal Feather","Doom and Gloom+1","Akabeko","HandDrill","Whetstone","Shuriken","Bag of Marbles","Mind Blast+1","Toolbox","Sunder+1","Aggregate","Anchor","Strange Spoon","White Noise"],"campfire_rested":5,"item_purchase_floors":[20,20,20,22,22,22,37,37,37,37,37,42,42,42,42],"current_hp_per_floor":[75,75,72,72,66,57,75,71,71,63,63,58,58,39,61,31,75,61,61,61,61,61,61,75,75,75,75,66,66,62,59,75,43,75,73,72,72,72,72,72,72,72,72,72,72,62,62,62,75,9],"gold":496,"neow_bonus":"","is_daily":true,"chose_seed":false,"campfire_upgraded":0,"win_rate":0.0,"timestamp":1612459278,"path_taken":["M","?","?","M","M","E","R","M","T","?","?","M","?","E","R","BOSS","M","?","?","?","$","E","R","?","T","M","M","?","M","M","R","BOSS","M","M","$","?","?","E","?","$","T","?","E","?","?","M","R","BOSS"],"items_purchased_type":["Relic","Relic","Card","Relic","Relic","Relic","Relic","Relic","Card","Relic","Card","Card","Relic","Relic","Card"],"build_version":"2020-12-22","purchased_purges":0,"victory":true,"max_hp_per_floor":[75,75,75,75,75,75,75,75,75,75,75,75,75,75,75,75,75,75,75,75,75,75,75,75,75,75,75,75,75,75,75,75,75,75,75,75,75,75,75,75,75,75,75,75,75,75,75,75,75,75],"card_choices":[{"not_picked":["Havoc","Barrage"],"picked":"Rebound","floor":1.0},{"not_picked":["Heavy Blade","Thunderclap"],"picked":"Wild Strike","floor":3.0},{"not_picked":["Armaments","Sweeping Beam"],"picked":"Stack","floor":4.0},{"not_picked":["Dual Wield","Searing Blow","True Grit"],"picked":"SKIP","floor":5.0},{"not_picked":["BootSequence","Spot Weakness"],"picked":"Creative AI","floor":6.0},{"not_picked":["Go for the Eyes","Anger"],"picked":"Ball Lightning","floor":8.0},{"not_picked":["Blizzard","Loop"],"picked":"Cold Snap","floor":10.0},{"not_picked":["True Grit","Warcry"],"picked":"Headbutt","floor":12.0},{"not_picked":["Body Slam","Recycle"],"picked":"Ball Lightning","floor":13.0},{"not_picked":["Dropkick","Reprogram"],"picked":"Offering","floor":14.0},{"not_picked":["Creative AI","Buffer"],"picked":"Seek","floor":16.0},{"not_picked":["Steam","Warcry"],"picked":"Tempest","floor":18.0},{"not_picked":["Steam+1","Flame Barrier"],"picked":"Dual Wield","floor":23.0},{"not_picked":["Bloodletting","Clothesline+1"],"picked":"Pommel Strike+1","floor":27.0},{"not_picked":["Force Field+1","Iron Wave+1"],"picked":"Spot Weakness+1","floor":28.0},{"not_picked":["Beam Cell+1","Entrench+1"],"picked":"Shrug It Off","floor":29.0},{"not_picked":["Havoc","Body Slam+1"],"picked":"Chaos+1","floor":30.0},{"not_picked":["Consume","BootSequence","Redo"],"picked":"SKIP","floor":31.0},{"not_picked":["Brutality","Amplify"],"picked":"Offering","floor":33.0},{"not_picked":["Thunderclap+1","Body Slam+1"],"picked":"Wild Strike+1","floor":35.0},{"not_picked":["Heavy Blade+1","Combust"],"picked":"Sword Boomerang+1","floor":36},{"not_picked":["Capacitor","Go for the Eyes+1"],"picked":"Reboot","floor":40},{"not_picked":["Beam Cell+1","Streamline+1"],"picked":"Ball Lightning+1","floor":41},{"not_picked":["Steam","Electrodynamics"],"picked":"Compile Driver+1","floor":44},{"not_picked":["Battle Trance","Turbo+1"],"picked":"Pommel Strike+1","floor":45},{"not_picked":["Trip","Good Instincts"],"picked":"HandOfGreed+1","floor":46},{"not_picked":["Bandage Up","Panacea"],"picked":"Thinking Ahead","floor":46},{"not_picked":["Clothesline+1","Heavy Blade+1"],"picked":"Pommel Strike+1","floor":48}],"player_experience":10107,"relics_obtained":[{"floor":6.0,"key":"Gremlin Horn"},{"floor":9.0,"key":"Cables"},{"floor":14.0,"key":"Orichalcum"},{"floor":23.0,"key":"Ornamental Fan"},{"floor":26.0,"key":"Bronze Scales"},{"floor":40,"key":"InkBottle"},{"floor":43,"key":"The Courier"},{"floor":44,"key":"Emotion Chip"},{"floor":45,"key":"Ginger"},{"floor":47,"key":"Ancient Tea Set"}],"event_choices":[{"damage_healed":0.0,"max_hp_gain":0.0,"max_hp_loss":0.0,"gold_gain":0.0,"event_name":"Accursed Blacksmith","player_choice":"Rummage","floor":2.0,"gold_loss":0.0,"damage_taken":0.0,"relics_obtained":["WarpedTongs"],"cards_obtained":["Pain"]},{"damage_healed":0.0,"max_hp_gain":0.0,"max_hp_loss":0.0,"gold_gain":0.0,"event_name":"FaceTrader","player_choice":"Trade","floor":11.0,"gold_loss":0.0,"damage_taken":0.0,"relics_obtained":["SsserpentHead"]},{"cards_removed":["Pain"],"damage_healed":0.0,"max_hp_gain":0.0,"max_hp_loss":0.0,"gold_gain":0.0,"event_name":"Designer","player_choice":"Upgrade and Remove","floor":19.0,"gold_loss":90.0,"damage_taken":0.0,"cards_upgraded":["Barrage"]},{"damage_healed":0.0,"max_hp_gain":0.0,"max_hp_loss":0.0,"gold_gain":0.0,"event_name":"Addict","player_choice":"Obtained Relic","floor":21.0,"gold_loss":85.0,"damage_taken":0.0,"relics_obtained":["Happy Flower"]},{"cards_removed":["Flex"],"damage_healed":0.0,"max_hp_gain":0.0,"max_hp_loss":0.0,"gold_gain":0.0,"event_name":"Back to Basics","player_choice":"Elegance","floor":25.0,"gold_loss":0.0,"damage_taken":0.0},{"damage_healed":0,"gold_gain":0,"player_choice":"Ignored","damage_taken":0,"max_hp_gain":0,"max_hp_loss":0,"event_name":"Tomb of Lord Red Mask","floor":38,"gold_loss":0},{"damage_healed":0,"gold_gain":0,"player_choice":"Bought 0 Potions","damage_taken":0,"max_hp_gain":0,"max_hp_loss":0,"event_name":"The Woman in Blue","floor":39,"gold_loss":0},{"damage_healed":0,"gold_gain":0,"player_choice":"Fight","damage_taken":0,"max_hp_gain":0,"max_hp_loss":0,"event_name":"MindBloom","floor":44,"gold_loss":0},{"damage_healed":0,"gold_gain":0,"player_choice":"Memory 3","damage_taken":10,"max_hp_gain":0,"max_hp_loss":0,"event_name":"SensoryStone","floor":46,"gold_loss":0}],"is_beta":false,"boss_relics":[{"not_picked":["Empty Cage","Runic Dome"],"picked":"Philosopher\u0027s Stone"},{"not_picked":["SacredBark","Nuclear Battery"],"picked":"Sozu"}],"items_purged_floors":[],"is_endless":false,"potions_floor_spawned":[5,6,13,14,16,27,31,35,40,44],"ascension_level":0}}