{"host":"eemx8njkng76fu5x","time":1612468466,"event":{"mods":["2.2 Compatiblity","BaseMod","Colored Map","Downfall","Minty Spire (QoL Compilation)","Permanent Neow","StSLib","Unceasing Turn Reminder","Unknown Chances"],"gold_per_floor":[99,109,124,124,143,43,92,102,2,16,29,29,40,66,86,187,187,187,202,302,313,325,325,325,358,358,378,147,176,187,202,216,313,313,213,233,250,185,200,200,200,200,210,223,252,431,448,478,498,498,498,531,134,134,134,134],"floor_reached":57,"language":"ENG","playtime":3655,"items_purged":["Guardian:ChargeUp","Guardian:Strike_Guardian","Guardian:BronzeOrb","Guardian:BronzeOrb"],"score":2002,"play_id":"d738597a-a3fa-42b5-b778-2187a4181eb3","local_time":"20210205035426","is_ascension_mode":true,"campfire_choices":[{"floor":1.0,"key":"RECALL"},{"data":"Guardian:BodySlam","floor":6.0,"key":"SMITH"},{"data":"Guardian:RefractedBeam","floor":9.0,"key":"SMITH"},{"data":"Guardian:TwinSlam","floor":12.0,"key":"SMITH"},{"data":"Guardian:VentSteam","floor":18.0,"key":"SMITH"},{"data":"Guardian:FloatingOrbs","floor":23.0,"key":"SMITH"},{"data":"Guardian:DonusPower","floor":35.0,"key":"SMITH"},{"data":"Guardian:FloatingOrbs","floor":40.0,"key":"SMITH"},{"data":"expansioncontent:StudyTheSpire","floor":54,"key":"SMITH"}],"circlet_count":0,"master_deck":["AscendersBane","Guardian:Defend_Guardian","Guardian:Defend_Guardian","Guardian:Defend_Guardian+1","Guardian:CurlUp+1","Guardian:TwinSlam+1","Guardian:BodySlam+1","Guardian:VentSteam+1","Guardian:ConstructionForm","Guardian:FloatingOrbs+1","Guardian:FloatingOrbs+1","Guardian:ShieldSpikes+1","Guardian:EvasiveProtocol","Guardian:DonusPower+1","Guardian:ArmoredProtocol","Guardian:ArmoredProtocol","Guardian:EvasiveProtocol","Guardian:VentSteam+1","Guardian:ShieldSpikes+1","Guardian:FloatingOrbs","expansioncontent:StudyTheSpire+1"],"relics":["Guardian:ModeShifter","downfall:HeartBlessingRed","downfall:HeartBlessingBlue","InkBottle","Guardian:StasisSlotReductionRelic","downfall:GremlinWheel","bronze:BronzeIdol","Ornamental Fan","Boot","Membership Card","Centennial Puzzle","bronze:MakeshiftBattery","downfall:HeartBlessingGreen","Dream Catcher","downfall:TeleportStone","War Paint","Incense Burner","Guardian:PocketSentry","hexamod:BolsterEngine","ClockworkSouvenir","Mercury Hourglass"],"acts_visited":["Exordium","TheCity","TheBeyond","TheEnding"],"potions_floor_usage":[50,56,56,56,56],"damage_taken":[{"damage":13.0,"enemies":"Jaw Worm","floor":2.0,"turns":5.0},{"damage":0.0,"enemies":"Small Slimes","floor":3.0,"turns":4.0},{"damage":0.0,"enemies":"Cultist","floor":5.0,"turns":4.0},{"damage":2.0,"enemies":"Exordium Wildlife","floor":8.0,"turns":4.0},{"damage":10.0,"enemies":"Blue Slaver","floor":10.0,"turns":3.0},{"damage":4.0,"enemies":"Lots of Slimes","floor":11.0,"turns":4.0},{"damage":0.0,"enemies":"Gremlin Gang","floor":13.0,"turns":4.0},{"damage":2.0,"enemies":"Lagavulin","floor":14.0,"turns":5.0},{"damage":3.0,"enemies":"Blue Slaver","floor":15.0,"turns":3.0},{"damage":6.0,"enemies":"DF_ARCHETYPE_STREAMLINE","floor":16.0,"turns":9.0},{"damage":8.0,"enemies":"Spheric Guardian","floor":19.0,"turns":3.0},{"damage":0.0,"enemies":"Spheric Guardian","floor":20.0,"turns":4.0},{"damage":0.0,"enemies":"3 Byrds","floor":21.0,"turns":4.0},{"damage":17.0,"enemies":"Sentry and Sphere","floor":22.0,"turns":8.0},{"damage":16.0,"enemies":"Slavers","floor":25.0,"turns":7.0},{"damage":0.0,"enemies":"3 Cultists","floor":27.0,"turns":5.0},{"damage":0.0,"enemies":"downfall:FleeingMerchant","floor":28.0,"turns":4.0},{"damage":0.0,"enemies":"Book of Stabbing","floor":29.0,"turns":4.0},{"damage":0.0,"enemies":"Centurion and Healer","floor":30.0,"turns":4.0},{"damage":12.0,"enemies":"Snake Plant","floor":31.0,"turns":3.0},{"damage":0.0,"enemies":"Cultist and Chosen","floor":32.0,"turns":5.0},{"damage":0.0,"enemies":"WA_ARCHETYPE_CALM","floor":33.0,"turns":4.0},{"damage":10.0,"enemies":"3 Darklings","floor":36.0,"turns":5.0},{"damage":0.0,"enemies":"Orb Walker","floor":37.0,"turns":1.0},{"damage":0.0,"enemies":"downfall:FleeingMerchant","floor":38.0,"turns":4.0},{"damage":9.0,"enemies":"Jaw Worm Horde","floor":39.0,"turns":4.0},{"damage":0.0,"enemies":"3 Darklings","floor":43.0,"turns":6.0},{"damage":0.0,"enemies":"Maw","floor":44.0,"turns":6.0},{"damage":19.0,"enemies":"Nemesis","floor":45.0,"turns":7.0},{"damage":0.0,"enemies":"downfall:FleeingMerchant","floor":46.0,"turns":3.0},{"damage":15.0,"enemies":"Jaw Worm Horde","floor":47.0,"turns":5.0},{"damage":9,"enemies":"Reptomancer","floor":48,"turns":7},{"damage":0,"enemies":"4 Shapes","floor":49,"turns":6},{"damage":0,"enemies":"SI_POISON_ARCHETYPE","floor":50,"turns":8},{"damage":0,"enemies":"downfall:CharBossMerchant","floor":52,"turns":8},{"damage":10,"enemies":"downfall:NeowBoss","floor":55,"turns":20},{"damage":17,"enemies":"downfall:NeowBossFinal","floor":56,"turns":7}],"seed_played":"1633923358271257672","potions_obtained":[{"floor":2.0,"key":"sneckomod:MuddlingPotion"},{"floor":3.0,"key":"hexamod:SoulburnPotion"},{"floor":5.0,"key":"CultistPotion"},{"floor":15.0,"key":"SteroidPotion"},{"floor":16.0,"key":"EssenceOfSteel"},{"floor":21.0,"key":"Strength Potion"},{"floor":29.0,"key":"Swift Potion"},{"floor":32.0,"key":"Guardian:DefensiveModePotion"},{"floor":33.0,"key":"champ:CounterPotion"},{"floor":43.0,"key":"Regen Potion"},{"floor":47,"key":"hexamod:SoulburnPotion"},{"floor":49,"key":"EssenceOfSteel"}],"is_trial":false,"path_per_floor":["R","M","M","?","M","R","T","M","R","M","M","R","M","E","M","B",null,"R","M","?","M","M","R","T","E","?","M","$","E","M","M","M","B",null,"R","M","M","$","M","R","T","?","M","M","E","$","M","E","M","B",null,"E","$","R","B","B",null],"character_chosen":"GUARDIAN","items_purchased":["Membership Card","Guardian:ArmoredProtocol","expansioncontent:StudyTheSpire","hexamod:BolsterEngine","ClockworkSouvenir","Mercury Hourglass","EntropicBrew"],"campfire_rested":0,"item_purchase_floors":[28,28,46,53,53,53,53],"current_hp_per_floor":[72,59,59,59,59,59,59,57,67,57,53,53,53,51,48,42,78,78,70,70,70,53,53,53,37,37,37,37,37,37,25,25,25,74,74,64,64,64,55,55,55,55,55,70,51,51,36,27,27,27,74,74,74,74,64,47],"gold":134,"neow_bonus":"REMOVE_CARD","is_daily":false,"chose_seed":false,"campfire_upgraded":8,"win_rate":0.0,"timestamp":1612468466,"path_taken":["R","M","M","?","M","R","T","M","R","M","M","R","M","E","M","BOSS","R","M","?","M","?","R","T","E","?","M","?","E","M","M","M","BOSS","R","M","M","$","M","R","T","?","?","?","E","$","?","E","M","BOSS","E","$","R","BOSS","BOSS"],"items_purchased_type":["Relic","Card","Card","Relic","Relic","Relic","Potion"],"build_version":"2020-12-22","purchased_purges":4,"victory":true,"max_hp_per_floor":[80,80,80,80,80,80,80,80,90,90,90,90,90,90,90,90,90,90,90,90,90,90,90,90,90,90,90,90,90,90,90,90,90,90,90,90,90,90,90,90,90,90,90,90,90,90,90,90,90,90,90,90,90,90,90,90],"card_choices":[{"not_picked":["Guardian:Preprogram","Guardian:TimeCapacitor"],"picked":"Guardian:BodySlam","floor":2.0},{"not_picked":["Guardian:ChargeCore","Guardian:Gem_Lightblue"],"picked":"Guardian:Gem_Fragmented","floor":3.0},{"not_picked":["Guardian:Gem_Cyan","Guardian:PolyBeam"],"picked":"Guardian:ShieldSpikes","floor":5.0},{"not_picked":["Guardian:RollAttack","Guardian:Gem_Green"],"picked":"Guardian:RefractedBeam","floor":8.0},{"not_picked":["Guardian:WalkerClaw","Guardian:TemporalShield"],"picked":"Guardian:Gem_White","floor":10.0},{"not_picked":["Guardian:CrystalBeam","Guardian:Emergency","Guardian:TemporalShield"],"picked":"SKIP","floor":11.0},{"not_picked":["Guardian:Gem_Green","Guardian:Gem_Red"],"picked":"Guardian:Gem_White","floor":13.0},{"not_picked":["Guardian:PiercingHide","Guardian:Emergency"],"picked":"Guardian:VentSteam","floor":14.0},{"not_picked":["Guardian:Gem_Cyan","Guardian:Preprogram"],"picked":"Guardian:BronzeOrb","floor":15.0},{"not_picked":["Guardian:StasisEngine","Guardian:FastForward"],"picked":"Guardian:ConstructionForm","floor":16.0},{"not_picked":["Guardian:VentSteam","Guardian:BronzeOrb"],"picked":"Guardian:FloatingOrbs","floor":19.0},{"not_picked":["Guardian:Suspension","Guardian:ShieldCharger"],"picked":"Guardian:FloatingOrbs","floor":21.0},{"not_picked":["Guardian:MultiBeam","Guardian:RefractedBeam","Guardian:Planning+1"],"picked":"SKIP","floor":22.0},{"not_picked":["Guardian:FuturePlans","Guardian:PrimingBeam"],"picked":"Guardian:EvasiveProtocol","floor":25.0},{"not_picked":["Guardian:Gem_White","Guardian:ShieldCharger"],"picked":"Guardian:DonusPower","floor":27.0},{"not_picked":["Guardian:Gem_Green","Guardian:Gem_Red","Guardian:BronzeOrb+1"],"picked":"SKIP","floor":28.0},{"not_picked":["Guardian:CrystalBeam","Guardian:Gem_White","Guardian:ShieldCharger"],"picked":"SKIP","floor":29.0},{"not_picked":["Guardian:SentryBeam+1","Guardian:Suspension","Guardian:DonusPower"],"picked":"SKIP","floor":30.0},{"not_picked":["Guardian:TemporalStrike+1","Guardian:ShieldCharger+1"],"picked":"Guardian:ArmoredProtocol","floor":31.0},{"not_picked":["Guardian:ChargeCore","Guardian:HyperBeam_Guardian"],"picked":"Guardian:EvasiveProtocol","floor":32.0},{"not_picked":["Guardian:StasisEngine","Guardian:GemFire"],"picked":"Guardian:Gem_Synthetic","floor":33.0},{"not_picked":["Guardian:Planning","Guardian:CrystalBeam+1","Guardian:TemporalStrike+1"],"picked":"SKIP","floor":36.0},{"not_picked":["Guardian:Suspension","Guardian:Reroute+1","Guardian:Gem_Cyan"],"picked":"SKIP","floor":37.0},{"not_picked":["Guardian:WalkerClaw+1","Guardian:Gem_Purple"],"picked":"Guardian:VentSteam+1","floor":38.0},{"not_picked":["Guardian:Gem_Lightblue","Guardian:Preprogram+1"],"picked":"Guardian:ShieldSpikes+1","floor":39.0},{"not_picked":["Guardian:Clone+1","Guardian:FuturePlans+1"],"picked":"Guardian:FloatingOrbs","floor":43.0},{"not_picked":["Guardian:ChargeCore","Guardian:Gem_Fragmented","Guardian:Gem_Cyan"],"picked":"SKIP","floor":44.0},{"not_picked":["Guardian:Suspension+1","Guardian:Planning","Guardian:Gem_Cyan"],"picked":"SKIP","floor":45.0},{"not_picked":["Guardian:Harden+1","Guardian:CrystalBeam+1","Guardian:Gem_Lightblue"],"picked":"SKIP","floor":46.0},{"not_picked":["Guardian:EvasiveProtocol+1","Guardian:PrismaticBeam+1"],"picked":"Guardian:Gem_Green","floor":47},{"not_picked":["Guardian:TimeSifter","Guardian:Gem_Red","Guardian:ShieldCharger+1"],"picked":"SKIP","floor":48},{"not_picked":["Guardian:CrystalBeam+1","Guardian:Reroute+1","Guardian:TemporalShield"],"picked":"SKIP","floor":49},{"not_picked":["Guardian:Planning+1","Guardian:PrimingBeam","Guardian:BodySlam"],"picked":"SKIP","floor":52}],"player_experience":549871,"relics_obtained":[{"floor":14.0,"key":"InkBottle"},{"floor":20.0,"key":"downfall:GremlinWheel"},{"floor":23.0,"key":"bronze:BronzeIdol"},{"floor":24.0,"key":"Ornamental Fan"},{"floor":25.0,"key":"Boot"},{"floor":29.0,"key":"Centennial Puzzle"},{"floor":41.0,"key":"Dream Catcher"},{"floor":45.0,"key":"War Paint"},{"floor":48,"key":"Incense Burner"},{"floor":52,"key":"Guardian:PocketSentry"}],"event_choices":[{"damage_healed":0.0,"max_hp_gain":0.0,"max_hp_loss":0.0,"gold_gain":0.0,"event_name":"Wheel of Change","player_choice":"Relic","floor":23.0,"gold_loss":0.0,"damage_taken":0.0},{"damage_healed":0.0,"max_hp_gain":0.0,"max_hp_loss":0.0,"gold_gain":0.0,"cards_transformed":["Guardian:Strike_Guardian","Guardian:Strike_Guardian"],"event_name":"Drug Dealer","player_choice":"Became Test Subject","floor":26.0,"gold_loss":0.0,"damage_taken":0.0,"cards_obtained":["Guardian:ChargeUp","Guardian:BronzeOrb"]}],"is_beta":false,"boss_relics":[{"not_picked":["Guardian:ModeShifterPlus","expansioncontent:StudyCardRelic"],"picked":"Guardian:StasisSlotReductionRelic"},{"not_picked":["SacredBark","Pandora\u0027s Box"],"picked":"bronze:MakeshiftBattery"}],"items_purged_floors":[28,38,46,53],"is_endless":false,"potions_floor_spawned":[2,3,5,10,15,16,21,29,30,31,32,33,36,39,43,47,49],"ascension_level":11}}