{"host":"8xxi48hr83j84sne","time":1612469184,"event":{"mods":["BaseMod","Marisa£®ÏF”Í°°ƒß¿Ì…≥£©","Minty Spire (QoL Compilation)","Remilia£®¿Ÿ√◊¿Ú—«£©","StSLib","The Animator","The Servant 0.9.4","WarShipGirlsR/’ΩΩ¢…Ÿ≈ÆR mod","Youmu£®ªÍ∆«—˝√Œ£©"],"gold_per_floor":[114,130,146,146,163,163,176,176,199,214,55,68,143,173,173,173,173],"floor_reached":16,"language":"ZHT","playtime":812,"items_purged":["Pain"],"score":104,"play_id":"e9f2fe8a-694b-4241-a1ce-3b2dfe523adf","local_time":"20210205040624","is_ascension_mode":false,"campfire_choices":[{"data":"rmod:basicallowance","floor":6,"key":"SMITH"},{"data":"rmod:lonelyqueen","floor":8,"key":"SMITH"},{"floor":15,"key":"REST"}],"circlet_count":0,"master_deck":["rmod:strick","rmod:strick","rmod:strick","rmod:strick","rmod:defend","rmod:defend","rmod:defend","rmod:defend","rmod:basicallowance+1","rmod:maingunfire","rmod:victimresponsibility","rmod:circuitoustactics","rmod:fletcherpendant","rmod:lonelyqueen+1","rmod:firesupport","rmod:capitalist","rmod:diamondstrike","rmod:sl","rmod:diamondstrike","rmod:rockthrower"],"relics":["rmod:firstchargereward","NeowsBlessing","WarpedTongs","PreservedInsect","Art of War"],"acts_visited":["Exordium"],"potions_floor_usage":[5,5,12,12,16,16],"damage_taken":[{"damage":0,"enemies":"2 Louse","floor":1,"turns":1},{"damage":0,"enemies":"Cultist","floor":2,"turns":1},{"damage":0,"enemies":"Jaw Worm","floor":3,"turns":1},{"damage":9,"enemies":"Large Slime","floor":5,"turns":5},{"damage":9,"enemies":"Blue Slaver","floor":7,"turns":3},{"damage":11,"enemies":"Lots of Slimes","floor":10,"turns":4},{"damage":4,"enemies":"Gremlin Gang","floor":12,"turns":4},{"damage":3,"enemies":"Lagavulin","floor":14,"turns":6},{"damage":7,"enemies":"The Guardian","floor":16,"turns":5}],"seed_played":"3947042438390237440","potions_obtained":[{"floor":2,"key":"EntropicBrew"},{"floor":5,"key":"PowerPotion"},{"floor":12,"key":"SpeedPotion"},{"floor":14,"key":"ColorlessPotion"}],"is_trial":false,"path_per_floor":["M","M","M","?","M","R","M","R","T","M","$","M","?","E","R","B"],"character_chosen":"PRAEFECT","items_purchased":["rmod:diamondstrike","rmod:sl"],"campfire_rested":1,"item_purchase_floors":[11,11],"current_hp_per_floor":[75,75,75,75,66,66,57,57,57,46,46,42,31,28,50,43,43],"gold":173,"neow_bonus":"THREE_ENEMY_KILL","is_daily":false,"chose_seed":false,"campfire_upgraded":2,"win_rate":0.0,"timestamp":1612469184,"path_taken":["M","M","M","?","M","R","M","R","T","?","$","M","?","E","R","BOSS"],"items_purchased_type":["Card","Card"],"build_version":"2020-12-22","purchased_purges":1,"victory":false,"max_hp_per_floor":[75,75,75,75,75,75,75,75,75,75,75,75,75,75,75,75,75],"card_choices":[{"not_picked":["rmod:steelsupply","rmod:aluminumsupply"],"picked":"rmod:victimresponsibility","floor":1},{"not_picked":["rmod:aviationdawn","rmod:aluminumsupply"],"picked":"rmod:circuitoustactics","floor":2},{"not_picked":["rmod:sl","rmod:unsinkable"],"picked":"rmod:fletcherpendant","floor":3},{"not_picked":["rmod:aggressivemary","rmod:smokecover"],"picked":"rmod:lonelyqueen","floor":5},{"not_picked":["rmod:ammunitionsupply","rmod:ring"],"picked":"rmod:firesupport","floor":7},{"not_picked":["rmod:steelsupply","rmod:slowdown"],"picked":"rmod:capitalist","floor":10},{"not_picked":["rmod:bulid","rmod:timeschanged"],"picked":"rmod:diamondstrike","floor":12},{"not_picked":["rmod:unsinkable","rmod:fuelsupply"],"picked":"rmod:rockthrower","floor":14}],"player_experience":328691,"relics_obtained":[{"floor":9,"key":"PreservedInsect"},{"floor":14,"key":"Art of War"}],"event_choices":[{"damage_healed":0,"gold_gain":0,"player_choice":"Rummage","damage_taken":0,"relics_obtained":["WarpedTongs"],"max_hp_gain":0,"max_hp_loss":0,"event_name":"Accursed Blacksmith","floor":4,"gold_loss":0,"cards_obtained":["Pain"]},{"damage_healed":0,"gold_gain":75,"player_choice":"Gather Gold","damage_taken":11,"max_hp_gain":0,"max_hp_loss":0,"event_name":"World of Goop","floor":13,"gold_loss":0}],"is_beta":false,"boss_relics":[],"items_purged_floors":[11],"is_endless":false,"potions_floor_spawned":[2,5,7,12,14],"killed_by":"The Guardian","ascension_level":0}}