{"host":"06x7ibqulglyn97c","time":1612439291,"event":{"mods":["AchievementEnabler","BaseMod","Minty Spire (QoL Compilation)","Rare Cards Sparkle","Relic Sorter","Relic Stats","StSLib","The Awakened One except there are too many feathers"],"gold_per_floor":[215,215,215,114,132,170,185,219,267,301,301,340,340,361,361,484,484,500,85,85,108,14,14,14,38,63,101,101,201,201,114,114,245,245,263,281,281,281],"floor_reached":37,"language":"ENG","playtime":1747,"items_purged":[],"score":621,"play_id":"b7afc572-c688-474f-b3d0-a69b02e553de","local_time":"20210204114811","is_ascension_mode":true,"campfire_choices":[{"floor":11.0,"key":"REST"},{"floor":15.0,"key":"REST"},{"floor":23,"key":"REST"},{"data":"Scrape","floor":28,"key":"SMITH"},{"data":"Streamline","floor":30,"key":"SMITH"},{"data":"Impatience","floor":32,"key":"SMITH"}],"circlet_count":0,"master_deck":["Strike_B","Strike_B","Strike_B","Defend_B","Defend_B","Defend_B","Defend_B","Zap+1","Dualcast","Scrape+1","Beam Cell","Gash","Gash","Streamline+1","Beam Cell","Conserve Battery","All For One","Coolheaded","Leap","Go for the Eyes","Gash+1","Bandage Up","Conserve Battery","Conserve Battery","Impatience+1","All For One","Steam+1"],"relics":["Cracked Core","Golden Idol","Eternal Feather","Happy Flower","Oddly Smooth Stone","Odd Mushroom","Ancient Tea Set","SacredBark","Bronze Scales","Akabeko","Blood Vial","Pocketwatch","Inserter"],"acts_visited":["Exordium","TheCity","TheBeyond"],"potions_floor_usage":[25,25,27,27,37],"damage_taken":[{"damage":1.0,"enemies":"2 Louse","floor":1.0,"turns":3.0},{"damage":0.0,"enemies":"Cultist","floor":5.0,"turns":3.0},{"damage":15.0,"enemies":"Lagavulin","floor":6.0,"turns":6.0},{"damage":3.0,"enemies":"Small Slimes","floor":7.0,"turns":3.0},{"damage":18.0,"enemies":"Gremlin Nob","floor":8.0,"turns":3.0},{"damage":9.0,"enemies":"The Mushroom Lair","floor":10.0,"turns":3.0},{"damage":16.0,"enemies":"Lagavulin","floor":12.0,"turns":4.0},{"damage":8.0,"enemies":"Red Slaver","floor":14.0,"turns":2.0},{"damage":40.0,"enemies":"The Guardian","floor":16.0,"turns":8.0},{"damage":24.0,"enemies":"2 Thieves","floor":18.0,"turns":4.0},{"damage":2,"enemies":"Chosen","floor":21,"turns":3},{"damage":6,"enemies":"Snake Plant","floor":25,"turns":4},{"damage":0,"enemies":"Book of Stabbing","floor":27,"turns":3},{"damage":56,"enemies":"Automaton","floor":33,"turns":8},{"damage":48,"enemies":"3 Darklings","floor":35,"turns":5},{"damage":1,"enemies":"3 Shapes","floor":36,"turns":6},{"damage":43,"enemies":"Spire Growth","floor":37,"turns":3}],"seed_played":"-8855110188024968713","potions_obtained":[{"floor":1.0,"key":"DuplicationPotion"},{"floor":6.0,"key":"SteroidPotion"},{"floor":7.0,"key":"FocusPotion"},{"floor":8.0,"key":"Energy Potion"},{"floor":18.0,"key":"EssenceOfSteel"},{"floor":21,"key":"GamblersBrew"},{"floor":25,"key":"EntropicBrew"}],"is_trial":false,"path_per_floor":["M","?","?","$","M","E","M","E","T","?","R","E","?","M","R","B",null,"M","$","?","M","$","R","?","M","T","E","R","?","R","$","R","B",null,"M","M","M"],"character_chosen":"DEFECT","items_purchased":["Scrape","Beam Cell","Coolheaded","Leap","Go for the Eyes","Bronze Scales","Akabeko","Bandage Up","Impatience"],"campfire_rested":3,"item_purchase_floors":[4,4,19,19,19,19,19,22,31],"current_hp_per_floor":[67,67,67,67,67,52,49,31,31,22,51,35,35,27,56,16,56,32,32,32,30,30,62,62,60,60,66,69,69,69,69,69,17,56,14,19,0,0],"gold":281,"neow_bonus":"HUNDRED_GOLD","is_daily":false,"chose_seed":false,"campfire_upgraded":3,"win_rate":0.0,"timestamp":1612439291,"path_taken":["M","?","?","$","?","E","M","E","T","?","R","E","?","M","R","BOSS","M","$","?","M","$","R","?","?","T","E","R","?","R","$","R","BOSS","M","M","?"],"items_purchased_type":["Card","Card","Card","Card","Card","Relic","Relic","Card","Card"],"build_version":"2020-12-22","purchased_purges":0,"victory":false,"max_hp_per_floor":[75,69,69,69,69,69,69,69,69,69,69,69,69,69,69,69,69,69,69,69,69,69,69,69,69,69,69,69,69,69,69,69,69,69,69,69,69,69],"relic_stats":{"Blood Vial":8,"Inserter":[7],"Happy Flower":[17],"counters":[17,71],"Golden Idol":121,"Bronze Scales":[85],"Eternal Feather":33,"obtain_stats":[{"Inserter":34,"Happy Flower":8,"Golden Idol":2,"SacredBark":17,"Oddly Smooth Stone":9,"Eternal Feather":6,"Odd Mushroom":10,"Ancient Tea Set":12,"Akabeko":19,"Blood Vial":26,"Bronze Scales":19,"Cracked Core":0,"Pocketwatch":27},{"Inserter":14,"Happy Flower":5,"Golden Idol":1,"SacredBark":9,"Oddly Smooth Stone":5,"Eternal Feather":3,"Odd Mushroom":6,"Ancient Tea Set":7,"Akabeko":10,"Blood Vial":12,"Bronze Scales":10,"Cracked Core":0,"Pocketwatch":13},{"Inserter":57,"Happy Flower":18,"Golden Idol":3,"SacredBark":35,"Oddly Smooth Stone":18,"Eternal Feather":12,"Odd Mushroom":21,"Ancient Tea Set":25,"Akabeko":39,"Blood Vial":46,"Bronze Scales":39,"Cracked Core":0,"Pocketwatch":49}],"Pocketwatch":[3]},"card_choices":[{"not_picked":["Reinforced Body","Recycle","Rebound"],"picked":"SKIP","floor":1.0},{"not_picked":["Genetic Algorithm","Leap"],"picked":"Gash","floor":5.0},{"not_picked":["Consume","Streamline"],"picked":"Gash","floor":6.0},{"not_picked":["Reboot","Turbo"],"picked":"Streamline","floor":7.0},{"not_picked":["Undo","Sweeping Beam","Consume"],"picked":"SKIP","floor":8.0},{"not_picked":["FTL","White Noise"],"picked":"Beam Cell","floor":12.0},{"not_picked":["Sweeping Beam","Consume"],"picked":"Conserve Battery","floor":14.0},{"not_picked":["Electrodynamics","Machine Learning"],"picked":"All For One","floor":16.0},{"not_picked":["Barrage+1","Tempest","Stack"],"picked":"SKIP","floor":18.0},{"not_picked":["Conserve Battery+1","Lockon"],"picked":"Gash+1","floor":21},{"not_picked":["Cold Snap+1","Turbo+1"],"picked":"Conserve Battery","floor":25},{"not_picked":["Coolheaded","White Noise"],"picked":"Conserve Battery","floor":27},{"not_picked":["Fission","Meteor Strike"],"picked":"All For One","floor":33},{"not_picked":["Storm+1","White Noise","Hologram+1"],"picked":"SKIP","floor":35},{"not_picked":["Hologram","Compile Driver+1"],"picked":"Steam+1","floor":36}],"player_experience":676979,"relics_obtained":[{"floor":6.0,"key":"Eternal Feather"},{"floor":8.0,"key":"Happy Flower"},{"floor":9.0,"key":"Oddly Smooth Stone"},{"floor":10.0,"key":"Odd Mushroom"},{"floor":12.0,"key":"Ancient Tea Set"},{"floor":26,"key":"Blood Vial"},{"floor":27,"key":"Pocketwatch"}],"event_choices":[{"damage_healed":0.0,"max_hp_gain":0.0,"max_hp_loss":6.0,"gold_gain":0.0,"event_name":"Golden Idol","player_choice":"Lose Max HP","floor":2.0,"gold_loss":0.0,"damage_taken":0.0,"relics_obtained":["Golden Idol"]},{"damage_healed":0.0,"max_hp_gain":0.0,"max_hp_loss":0.0,"gold_gain":0.0,"event_name":"Accursed Blacksmith","player_choice":"Forge","floor":3.0,"gold_loss":0.0,"damage_taken":0.0,"cards_upgraded":["Zap"]},{"damage_healed":0.0,"max_hp_gain":0.0,"max_hp_loss":0.0,"gold_gain":0.0,"event_name":"Mushrooms","player_choice":"Fought Mushrooms","floor":10.0,"gold_loss":0.0,"damage_taken":0.0},{"cards_removed":["Strike_B"],"damage_healed":0.0,"max_hp_gain":0.0,"max_hp_loss":0.0,"gold_gain":0.0,"event_name":"Purifier","player_choice":"Purged","floor":13.0,"gold_loss":0.0,"damage_taken":0.0},{"damage_healed":0,"gold_gain":0,"player_choice":"Ignored","damage_taken":0,"max_hp_gain":0,"max_hp_loss":0,"event_name":"The Mausoleum","floor":20,"gold_loss":0},{"damage_healed":0,"gold_gain":100,"player_choice":"Pray","damage_taken":0,"max_hp_gain":0,"max_hp_loss":0,"event_name":"Golden Shrine","floor":29,"gold_loss":0}],"is_beta":false,"boss_relics":[{"not_picked":["Nuclear Battery","SlaversCollar"],"picked":"SacredBark"},{"not_picked":["Sozu","Runic Pyramid"],"picked":"Inserter"}],"items_purged_floors":[],"is_endless":false,"potions_floor_spawned":[1,6,7,8,18,21,25],"killed_by":"Spire Growth","ascension_level":9}}