{"host":"lly094a91h6n5nv5","time":1612426493,"event":{"mods":["AchievementEnabler","BaseMod","Block Reminder","Colored Map","Minty Spire (QoL Compilation)"],"gold_per_floor":[114,114,114,129,51,51,66,66,91,121,71,71,1,14,14,119,119,138,157,14,42,141,169,169,180,180,27,27,27,56,76,76,177,177,191,36,52,72,87,87,114,114,114,129,29,29,79,111,111,111],"floor_reached":51,"language":"ENG","playtime":2739,"items_purged":["Strike_B","Strike_B"],"score":1014,"play_id":"f8dafef0-3256-42a3-acfe-928e4f659518","local_time":"20210204021453","is_ascension_mode":true,"campfire_choices":[{"data":"Electrodynamics","floor":6.0,"key":"SMITH"},{"data":"Zap","floor":8.0,"key":"SMITH"},{"data":"Dualcast","floor":12.0,"key":"SMITH"},{"data":"Consume","floor":15.0,"key":"SMITH"},{"data":"Buffer","floor":24.0,"key":"SMITH"},{"data":"Static Discharge","floor":28.0,"key":"SMITH"},{"data":"Tempest","floor":32.0,"key":"SMITH"},{"data":"Heatsinks","floor":40.0,"key":"SMITH"},{"data":"Reinforced Body","floor":42.0,"key":"SMITH"},{"data":"Undo","floor":46,"key":"SMITH"},{"data":"Ball Lightning","floor":49,"key":"SMITH"}],"circlet_count":0,"master_deck":["Strike_B","Defend_B","Defend_B","Defend_B","Zap+1","Dualcast+1","Heatsinks+1","Rebound+1","Electrodynamics+1","Ball Lightning+1","Self Repair","Consume+1","Reinforced Body+1","Buffer+1","Undo+1","Conserve Battery+1","Ball Lightning+1","Static Discharge+1","Tempest+1","Consume+1","Capacitor+1"],"relics":["Empty Cage","Nunchaku","Calipers","Whetstone","PreservedInsect","Coffee Dripper","Runic Capacitor","Red Mask","Toy Ornithopter","Eternal Feather","Dream Catcher","Nuclear Battery","DollysMirror","Gremlin Horn","Question Card","StoneCalendar","MealTicket"],"acts_visited":["Exordium","TheCity","TheBeyond"],"potions_floor_usage":[50,50,50,50,50,50,50],"damage_taken":[{"damage":11.0,"enemies":"Cultist","floor":1.0,"turns":4.0},{"damage":11.0,"enemies":"Jaw Worm","floor":4.0,"turns":4.0},{"damage":13.0,"enemies":"Small Slimes","floor":7.0,"turns":3.0},{"damage":10.0,"enemies":"3 Sentries","floor":10.0,"turns":2.0},{"damage":3.0,"enemies":"Looter","floor":14.0,"turns":2.0},{"damage":8.0,"enemies":"Slime Boss","floor":16.0,"turns":6.0},{"damage":12.0,"enemies":"2 Thieves","floor":18.0,"turns":4.0},{"damage":11.0,"enemies":"Spheric Guardian","floor":19.0,"turns":5.0},{"damage":10.0,"enemies":"Masked Bandits","floor":21.0,"turns":3.0},{"damage":13.0,"enemies":"Slavers","floor":23.0,"turns":4.0},{"damage":8.0,"enemies":"Snake Plant","floor":25.0,"turns":4.0},{"damage":17.0,"enemies":"Gremlin Leader","floor":30.0,"turns":3.0},{"damage":0.0,"enemies":"Cultist and Chosen","floor":31.0,"turns":4.0},{"damage":14.0,"enemies":"Automaton","floor":33.0,"turns":6.0},{"damage":13.0,"enemies":"3 Darklings","floor":35.0,"turns":2.0},{"damage":0.0,"enemies":"3 Shapes","floor":37.0,"turns":3.0},{"damage":17.0,"enemies":"Jaw Worm Horde","floor":38.0,"turns":4.0},{"damage":1.0,"enemies":"4 Shapes","floor":39.0,"turns":3.0},{"damage":0.0,"enemies":"Nemesis","floor":41.0,"turns":5.0},{"damage":34,"enemies":"Transient","floor":44,"turns":5},{"damage":0,"enemies":"Mind Bloom Boss Battle","floor":47,"turns":4},{"damage":0,"enemies":"Reptomancer","floor":48,"turns":4},{"damage":0,"enemies":"Donu and Deca","floor":50,"turns":4}],"seed_played":"-3220601721211933171","potions_obtained":[{"floor":7.0,"key":"Weak Potion"},{"floor":16.0,"key":"SmokeBomb"},{"floor":21.0,"key":"Swift Potion"},{"floor":25.0,"key":"FocusPotion"},{"floor":30.0,"key":"FocusPotion"},{"floor":33.0,"key":"DuplicationPotion"},{"floor":44,"key":"EntropicBrew"}],"is_trial":false,"path_per_floor":["M","?","?","M","$","R","M","R","T","E","?","R","$","M","R","B",null,"M","M","$","?","?","E","R","M","T","$","R","?","E","M","R","B",null,"M","$","M","M","M","R","E","R","T","M","$","R","?","E","R","B",null],"character_chosen":"DEFECT","items_purchased":["Electrodynamics","Consume","Runic Capacitor","Static Discharge","DollysMirror"],"campfire_rested":0,"item_purchase_floors":[5,13,20,27,36],"current_hp_per_floor":[64,61,61,50,50,50,37,37,37,27,27,27,27,31,31,30,64,59,55,55,52,52,39,39,38,38,38,47,47,37,37,49,42,67,61,61,68,58,64,75,75,75,75,48,48,60,67,74,75,75],"gold":111,"neow_bonus":"BOSS_RELIC","is_daily":false,"chose_seed":false,"campfire_upgraded":11,"win_rate":0.0,"timestamp":1612426493,"path_taken":["M","?","?","M","$","R","M","R","T","E","?","R","$","M","R","BOSS","M","M","$","?","?","E","R","M","T","$","R","?","E","M","R","BOSS","M","$","M","M","M","R","E","R","T","M","$","R","?","E","R","BOSS"],"items_purchased_type":["Card","Card","Relic","Card","Relic"],"build_version":"2020-12-22","purchased_purges":2,"victory":true,"max_hp_per_floor":[75,75,75,75,75,75,75,75,75,75,75,75,75,75,75,75,75,75,75,75,75,75,75,75,75,75,75,75,75,75,75,75,75,75,75,75,75,75,75,75,75,75,75,75,75,75,75,75,75,75],"card_choices":[{"not_picked":["Steam","Aggregate"],"picked":"Heatsinks","floor":1.0},{"not_picked":["Beam Cell","Barrage"],"picked":"Rebound","floor":4.0},{"not_picked":["Go for the Eyes","Streamline"],"picked":"Ball Lightning","floor":7.0},{"not_picked":["Fusion","Rip and Tear"],"picked":"Self Repair","floor":10.0},{"not_picked":["Beam Cell","Go for the Eyes"],"picked":"Reinforced Body","floor":14.0},{"not_picked":["Reboot","Seek"],"picked":"Buffer","floor":16.0},{"not_picked":["Steam","Leap"],"picked":"Undo","floor":18.0},{"not_picked":["Core Surge","Compile Driver+1"],"picked":"Conserve Battery+1","floor":19.0},{"not_picked":["Double Energy","Amplify","Barrage"],"picked":"SKIP","floor":23.0},{"not_picked":["Redo","Turbo"],"picked":"Ball Lightning","floor":25.0},{"not_picked":["Ball Lightning","Go for the Eyes","Turbo"],"picked":"SKIP","floor":30.0},{"not_picked":["Gash","Hologram"],"picked":"Tempest","floor":31.0},{"not_picked":["Gash+1","Turbo+1","Rebound+1"],"picked":"SKIP","floor":35.0},{"not_picked":["Redo+1","Conserve Battery","Go for the Eyes+1"],"picked":"SKIP","floor":37.0},{"not_picked":["Coolheaded","Hologram","Recycle+1"],"picked":"SKIP","floor":38.0},{"not_picked":["Rebound","Skim+1"],"picked":"Capacitor+1","floor":39.0},{"not_picked":["Blizzard+1","Beam Cell","Scrape+1"],"picked":"SKIP","floor":41.0},{"not_picked":["Chaos+1","Heatsinks+1","Steam Power+1","Aggregate+1"],"picked":"SKIP","floor":44},{"not_picked":["Barrage+1","Sweeping Beam+1","Streamline","Conserve Battery"],"picked":"SKIP","floor":48},{"not_picked":["Barrage+1","Sweeping Beam+1","Streamline","Conserve Battery"],"picked":"SKIP","floor":48}],"player_experience":140930,"relics_obtained":[{"floor":9.0,"key":"Whetstone"},{"floor":10.0,"key":"PreservedInsect"},{"floor":21.0,"key":"Red Mask"},{"floor":23.0,"key":"Toy Ornithopter"},{"floor":26.0,"key":"Eternal Feather"},{"floor":30.0,"key":"Dream Catcher"},{"floor":41.0,"key":"Gremlin Horn"},{"floor":43.0,"key":"Question Card"},{"floor":47,"key":"StoneCalendar"},{"floor":48,"key":"MealTicket"}],"event_choices":[{"damage_healed":0.0,"max_hp_gain":0.0,"max_hp_loss":0.0,"gold_gain":0.0,"event_name":"Scrap Ooze","player_choice":"Success","floor":2.0,"gold_loss":0.0,"damage_taken":3.0,"relics_obtained":["Nunchaku"]},{"damage_healed":0.0,"max_hp_gain":0.0,"max_hp_loss":0.0,"gold_gain":0.0,"event_name":"Big Fish","player_choice":"Box","floor":3.0,"gold_loss":0.0,"damage_taken":0.0,"relics_obtained":["Calipers"],"cards_obtained":["Regret"]},{"cards_removed":["Regret"],"damage_healed":0.0,"max_hp_gain":0.0,"max_hp_loss":0.0,"gold_gain":0.0,"event_name":"The Cleric","player_choice":"Card Removal","floor":11.0,"gold_loss":50.0,"damage_taken":0.0},{"damage_healed":0.0,"max_hp_gain":0.0,"max_hp_loss":0.0,"gold_gain":0.0,"event_name":"Masked Bandits","player_choice":"Fought Bandits","floor":21.0,"gold_loss":0.0,"damage_taken":0.0},{"damage_healed":0.0,"max_hp_gain":0.0,"max_hp_loss":0.0,"gold_gain":99.0,"event_name":"Nest","player_choice":"Stole From Cult","floor":22.0,"gold_loss":0.0,"damage_taken":0.0},{"damage_healed":0.0,"max_hp_gain":0.0,"max_hp_loss":0.0,"gold_gain":0.0,"event_name":"Vampires","player_choice":"Ignored","floor":29.0,"gold_loss":0.0,"damage_taken":0.0},{"damage_healed":0,"gold_gain":0,"player_choice":"Fight","damage_taken":0,"max_hp_gain":0,"max_hp_loss":0,"event_name":"MindBloom","floor":47,"gold_loss":0}],"is_beta":false,"boss_relics":[{"not_picked":["Runic Dome","Calling Bell"],"picked":"Coffee Dripper"},{"not_picked":["Busted Crown","Black Star"],"picked":"Nuclear Battery"}],"items_purged_floors":[27,45],"is_endless":false,"potions_floor_spawned":[7,16,21,25,30,33,35,41,44],"ascension_level":5}}