{"host":"nw4g04f085wnqcgt","time":1612413358,"event":{"mods":["AchievementEnabler","BaseMod","Colored Map","Colored Powertips","DeckTracker","Minty Spire (QoL Compilation)","Relic Sorter","SuperFastMode"],"gold_per_floor":[113,113,113,133,208,208,235,245,245,245,345,371,371,9,9,104,104,119,133,133,153,169,169,200,215,240,240,240],"floor_reached":27,"language":"ENG","playtime":889,"items_purged":["Strike_R"],"score":383,"play_id":"5fb55a3d-6115-444e-a795-530525f622cf","local_time":"20210203233558","is_ascension_mode":true,"campfire_choices":[{"data":"Bash","floor":6,"key":"SMITH"},{"data":"Cleave","floor":10,"key":"SMITH"},{"floor":13,"key":"RECALL"},{"data":"Defend_R","floor":15,"key":"SMITH"},{"floor":23,"key":"REST"}],"circlet_count":0,"master_deck":["Strike_R","Strike_R","Strike_R","Defend_R","Defend_R","Defend_R","Defend_R+1","Bash+1","Cleave+1","True Grit+1","Shrug It Off+1","Shrug It Off+1","Offering+1","Feed","Flex+1","Spot Weakness+1","Dropkick+1","Battle Trance+1","Battle Trance+1"],"relics":["Burning Blood","NeowsBlessing","Toxic Egg 2","Pear","Mango","Calipers","Black Star","Unceasing Top","Centennial Puzzle","Akabeko"],"acts_visited":["Exordium","TheCity"],"potions_floor_usage":[12,18,21,24,27],"damage_taken":[{"damage":0,"enemies":"Jaw Worm","floor":1,"turns":1},{"damage":0,"enemies":"Small Slimes","floor":4,"turns":1},{"damage":0,"enemies":"Lagavulin","floor":7,"turns":1},{"damage":0,"enemies":"Cultist","floor":8,"turns":3},{"damage":10,"enemies":"3 Sentries","floor":12,"turns":8},{"damage":69,"enemies":"The Guardian","floor":16,"turns":14},{"damage":18,"enemies":"Chosen","floor":18,"turns":6},{"damage":6,"enemies":"Spheric Guardian","floor":19,"turns":3},{"damage":27,"enemies":"3 Cultists","floor":21,"turns":5},{"damage":12,"enemies":"Centurion and Healer","floor":22,"turns":7},{"damage":41,"enemies":"Book of Stabbing","floor":24,"turns":5},{"damage":24,"enemies":"Snake Plant","floor":25,"turns":4},{"damage":13,"enemies":"Slavers","floor":27,"turns":2}],"seed_played":"2415136858091582027","potions_obtained":[{"floor":4,"key":"Energy Potion"},{"floor":8,"key":"SpeedPotion"},{"floor":16,"key":"Block Potion"},{"floor":21,"key":"Fruit Juice"},{"floor":25,"key":"AttackPotion"}],"is_trial":false,"path_per_floor":["M","?","?","M","?","R","E","M","T","R","?","E","R","$","R","B",null,"M","M","?","M","M","R","E","M","T","E"],"character_chosen":"IRONCLAD","items_purchased":["Calipers"],"campfire_rested":1,"item_purchase_floors":[14],"current_hp_per_floor":[80,80,68,74,63,63,79,85,85,85,85,95,95,95,95,32,86,74,74,53,37,31,65,30,12,12,0,0],"gold":240,"neow_bonus":"THREE_ENEMY_KILL","is_daily":false,"chose_seed":false,"campfire_upgraded":3,"win_rate":0.0,"timestamp":1612413358,"path_taken":["M","?","?","M","?","R","E","M","T","R","?","E","R","$","R","BOSS","M","?","?","M","M","R","E","M","T","E"],"items_purchased_type":["Relic"],"build_version":"2020-12-22","purchased_purges":1,"victory":false,"max_hp_per_floor":[80,80,80,80,80,80,90,90,90,90,90,104,104,104,104,104,104,104,104,109,114,114,114,114,114,114,114,114],"card_choices":[{"not_picked":["Sword Boomerang","True Grit"],"picked":"Cleave","floor":1},{"not_picked":["Thunderclap","Hemokinesis"],"picked":"True Grit+1","floor":4},{"not_picked":["Infernal Blade+1","Sever Soul"],"picked":"Shrug It Off+1","floor":7},{"not_picked":["Juggernaut","Headbutt"],"picked":"Shrug It Off+1","floor":8},{"not_picked":["Twin Strike","Combust"],"picked":"Offering+1","floor":12},{"not_picked":["Reaper","Juggernaut"],"picked":"Feed","floor":16},{"not_picked":["Body Slam","Pommel Strike"],"picked":"Flex+1","floor":18},{"not_picked":["Clothesline+1","Iron Wave"],"picked":"Spot Weakness+1","floor":19},{"not_picked":["Carnage","Spot Weakness+1"],"picked":"Dropkick+1","floor":21},{"not_picked":["Armaments+1","Iron Wave"],"picked":"Battle Trance+1","floor":22},{"not_picked":["Wild Strike+1","Second Wind+1"],"picked":"Battle Trance+1","floor":24},{"not_picked":["Dual Wield+1","Clothesline","Thunderclap"],"picked":"SKIP","floor":25}],"player_experience":403610,"relics_obtained":[{"floor":7,"key":"Pear"},{"floor":12,"key":"Mango"},{"floor":24,"key":"Unceasing Top"},{"floor":24,"key":"Centennial Puzzle"},{"floor":26,"key":"Akabeko"}],"event_choices":[{"cards_removed":["Strike_R"],"damage_healed":0,"gold_gain":0,"player_choice":"Forget","damage_taken":0,"max_hp_gain":0,"max_hp_loss":0,"event_name":"Living Wall","floor":2,"gold_loss":0},{"damage_healed":0,"gold_gain":0,"player_choice":"Success","damage_taken":12,"relics_obtained":["Toxic Egg 2"],"max_hp_gain":0,"max_hp_loss":0,"event_name":"Scrap Ooze","floor":3,"gold_loss":0},{"damage_healed":0,"gold_gain":75,"player_choice":"Gather Gold","damage_taken":11,"max_hp_gain":0,"max_hp_loss":0,"event_name":"World of Goop","floor":5,"gold_loss":0},{"damage_healed":0,"gold_gain":100,"player_choice":"Gold","damage_taken":0,"max_hp_gain":0,"max_hp_loss":0,"event_name":"Wheel of Change","floor":11,"gold_loss":0},{"damage_healed":0,"gold_gain":0,"player_choice":"Shed Blood","damage_taken":26,"max_hp_gain":5,"max_hp_loss":0,"event_name":"Forgotten Altar","floor":20,"gold_loss":0}],"is_beta":false,"boss_relics":[{"not_picked":["Runic Cube","Calling Bell"],"picked":"Black Star"}],"items_purged_floors":[14],"is_endless":false,"potions_floor_spawned":[4,8,16,21,25],"killed_by":"Slavers","ascension_level":5}}