{"host":"hpn0uxah5qjr7pa6","time":1612427635,"event":{"mods":["Act Like it!","Aspiration","BaseMod","Better Third Choice","BetterRewards","Challenge The Spire","Colored Powertips","Conspire","DeckTracker","Downfall","Energized Spire","Hallownest","Hermit","Highlight Path","Hubris","Infinite Spire","Minty Spire (QoL Compilation)","Permanent Neow","Quick Restart","Rare Cards Sparkle","Replay The Spire","Spicy Shops","StSLib","The Bug Knight","The Jungle"],"gold_per_floor":[99,119,131,141,141,141,141,153,153,153,181,200,132,151,151,136,156,261,261,261,274,274,88,88,88,88,88,88,99,99,113,128,128,148,246,246,246,264,264,142,155,184,207,225,75,94,114,124,124,136,155,155,155,155],"floor_reached":52,"language":"ENG","playtime":2520,"items_purged":[],"score":515,"play_id":"f16ddb39-1765-4205-89a7-6eef83653bc1","local_time":"20210204003355","is_ascension_mode":false,"campfire_choices":[{"floor":1,"key":"DIG"},{"data":"bronze:Replicate","floor":6,"key":"SMITH"},{"data":"bronze:DigitalCarnage","floor":15,"key":"SMITH"},{"data":"bronze:RecursiveStrike","floor":20,"key":"SMITH"},{"data":"bronze:OilSpill","floor":28,"key":"SMITH"},{"data":"bronze:BronzeOrb","floor":30,"key":"SMITH"},{"data":"bronze:OilSpill","floor":37,"key":"SMITH"},{"floor":49,"key":"REST"}],"circlet_count":0,"master_deck":["bronze:Strike","bronze:Strike","bronze:Strike","bronze:Strike","bronze:Defend","bronze:Defend","bronze:Defend","bronze:Defend","bronze:Replicate+1","bronze:Goto","bronze:DigitalCarnage+1","bronze:Repair","bronze:Repair","bronze:OilSpill+1","bronze:OilSpill+1","bronze:Branch+1","bronze:BronzeOrb+1","bronze:BronzeOrb","bronze:DigitalCarnage+1","bronze:Repair+1","bronze:Branch+1"],"relics":["bronze:BronzeCore","Blue Doll","aspiration:Lifesprig","Boot","Sozu","ReplayTheSpireMod:TigerMarble","hubris:BottledRain","sneckomod:SuperSneckoEye","Snecko Heart","Guardian:PocketSentry","Calipers","aspiration:HatOfInfinitePower","hubris:TenFootPole","Hallownest:SoulVesselRelic"],"acts_visited":["Exordium","Hallownest:CityofTears","Hallownest:KingdomsEdge"],"potions_floor_usage":[11,11,40,42],"damage_taken":[{"damage":1,"enemies":"Jaw Worm","floor":2,"turns":6},{"damage":1,"enemies":"Cultist","floor":3,"turns":4},{"damage":2,"enemies":"2 Louse","floor":4,"turns":3},{"damage":7,"enemies":"Exordium Thugs","floor":8,"turns":5},{"damage":11,"enemies":"Lagavulin","floor":11,"turns":4},{"damage":7,"enemies":"2 Fungi Beasts","floor":12,"turns":3},{"damage":0,"enemies":"downfall:FleeingMerchant","floor":13,"turns":4},{"damage":5,"enemies":"Lots of Slimes","floor":14,"turns":4},{"damage":0,"enemies":"downfall:FleeingMerchant","floor":16,"turns":4},{"damage":3,"enemies":"Large Slime","floor":17,"turns":3},{"damage":3,"enemies":"WA_ARCHETYPE_RETAIN","floor":18,"turns":4},{"damage":0,"enemies":"Hallownest:Guard_and_Sentry","floor":21,"turns":3},{"damage":1,"enemies":"downfall:FleeingMerchant","floor":23,"turns":4},{"damage":0,"enemies":"Hallownest:3_Youths","floor":29,"turns":3},{"damage":9,"enemies":"Hallownest:monsterMisterMushroom","floor":31,"turns":4},{"damage":0,"enemies":"Hallownest:Warrior_and_Youth","floor":32,"turns":2},{"damage":0,"enemies":"Hallownest:2_Husk_Sentries","floor":34,"turns":2},{"damage":78,"enemies":"IC_MUSHROOM_ARCHETYPE","floor":35,"turns":6},{"damage":0,"enemies":"Hallownest:2_Littles","floor":38,"turns":3},{"damage":0,"enemies":"downfall:FleeingMerchant","floor":40,"turns":4},{"damage":10,"enemies":"Hallownest:3_Siblings","floor":41,"turns":7},{"damage":0,"enemies":"Nightmare","floor":42,"turns":7},{"damage":0,"enemies":"Hallownest:Xero_Hu_Marmu","floor":44,"turns":3},{"damage":0,"enemies":"Hallownest:2_Soldiers_and_1_Guardian","floor":46,"turns":3},{"damage":0,"enemies":"Hallownest:monsterPrimalAspid","floor":47,"turns":2},{"damage":18,"enemies":"Hallownest:Xero_Hu_Marmu","floor":48,"turns":6},{"damage":9,"enemies":"Hallownest:2_Wandering_and_1_Horned","floor":50,"turns":4},{"damage":0,"enemies":"Hallownest:monsterPrimalAspid","floor":51,"turns":2},{"damage":107,"enemies":"SI_POISON_ARCHETYPE","floor":52,"turns":6}],"seed_played":"-5765792047997398622","potions_obtained":[{"floor":2,"key":"Fire Potion"},{"floor":8,"key":"bronze:FreeFunctionsPotion"},{"floor":11,"key":"bronze:FreeFunctionsPotion"},{"floor":17,"key":"Guardian:BlockOnCardUsePotion"}],"is_trial":true,"path_per_floor":["R","M","M","M","?","R","T","M","PTL","PTL","E","M","$","M","R","$","M","B",null,"R","M","?","$","?","?","T","AVR","R","M","R","M","M","?","M","B",null,"R","M","?","$","M","NM","T","M","?","M","M","M","R","M","M","B"],"character_chosen":"THE_AUTOMATON","items_purchased":["bronze:OilSpill","ReplayTheSpireMod:TigerMarble","bronze:Branch+1","Guardian:PocketSentry","Calipers"],"campfire_rested":1,"item_purchase_floors":[13,23,23,40,40],"current_hp_per_floor":[70,69,68,66,70,70,70,63,63,63,52,45,52,61,61,70,70,70,70,70,70,70,70,70,70,70,70,70,70,70,61,61,80,80,2,80,80,80,80,80,77,80,80,80,80,80,80,69,80,71,78,0,0,0],"gold":155,"neow_bonus":"","is_daily":false,"chose_seed":false,"campfire_upgraded":6,"win_rate":0.0,"timestamp":1612427635,"path_taken":["R","M","M","M","?","R","T","?","PTL","PTL","E","M","$","M","R","$","M","BOSS","R","M","?","?","?","?","T","AVR","R","M","R","M","M","?","M","BOSS","R","M","?","$","?","NM","T","M","?","M","M","M","R","?","M","BOSS"],"items_purchased_type":["Card","Relic","Card","Relic","Relic"],"build_version":"2020-12-22","purchased_purges":0,"victory":false,"max_hp_per_floor":[70,70,70,70,70,70,70,70,70,70,70,70,70,70,70,70,70,70,70,70,70,70,70,70,70,70,70,70,70,70,70,70,80,80,80,80,80,80,80,80,80,80,80,80,80,80,80,80,80,80,80,80,80,80],"card_choices":[{"not_picked":["bronze:Boost","bronze:Iterate","bronze:ClassDefault"],"picked":"SKIP","floor":2},{"not_picked":["bronze:Overheat","bronze:BitShift","bronze:WhirlingStrike"],"picked":"SKIP","floor":3},{"not_picked":["bronze:WildBeam","bronze:GetLatest","bronze:FineTuning"],"picked":"SKIP","floor":4},{"not_picked":["bronze:Invalidate","bronze:Shield"],"picked":"bronze:DigitalCarnage","floor":8},{"not_picked":["bronze:MaxOutput","bronze:TinkerersToolbox","bronze:Turbo"],"picked":"SKIP","floor":11},{"not_picked":["bronze:Overheat","bronze:InfiniteBeams"],"picked":"bronze:Repair","floor":12},{"not_picked":["bronze:WhirlingStrike","bronze:FineTuning"],"picked":"bronze:Repair","floor":13},{"not_picked":["bronze:Shield","bronze:Fortify","bronze:Flail"],"picked":"SKIP","floor":14},{"not_picked":["bronze:Branch","bronze:Invalidate"],"picked":"bronze:OilSpill","floor":16},{"not_picked":["bronze:Backtrace","bronze:NullPointer","bronze:Invalidate"],"picked":"SKIP","floor":17},{"not_picked":["bronze:Break","bronze:Assembly"],"picked":"bronze:RecursiveStrike","floor":18},{"not_picked":["bronze:WildBeam","bronze:Constructor","bronze:Frontload"],"picked":"SKIP","floor":21},{"not_picked":["bronze:Iterate","bronze:SpaghettiCode","bronze:InfiniteBeams"],"picked":"SKIP","floor":23},{"not_picked":["bronze:BitShift","bronze:BuggyMess"],"picked":"bronze:BronzeOrb","floor":29},{"not_picked":["bronze:BitShift","bronze:Frontload","bronze:ForLoop"],"picked":"SKIP","floor":31},{"not_picked":["bronze:DarkDash","bronze:Safeguard","bronze:Return"],"picked":"SKIP","floor":32},{"not_picked":["bronze:BugBarrage","bronze:Backtrace","bronze:Safeguard+1"],"picked":"SKIP","floor":34},{"not_picked":["bronze:WhirlingStrike+1","bronze:BuggyMess","bronze:InfiniteBeams"],"picked":"SKIP","floor":38},{"not_picked":["bronze:WildBeam","bronze:Constructor","bronze:Iterate"],"picked":"SKIP","floor":40},{"not_picked":["bronze:CutThrough+1","bronze:Virus"],"picked":"bronze:BronzeOrb","floor":41},{"not_picked":["bronze:Separator+1","bronze:Invalidate"],"picked":"bronze:DigitalCarnage+1","floor":42},{"not_picked":["bronze:Separator","bronze:Constructor","bronze:FineTuning"],"picked":"SKIP","floor":44},{"not_picked":["bronze:Separator+1","bronze:Refactor","bronze:Deprecate"],"picked":"SKIP","floor":46},{"not_picked":["bronze:Frontload","bronze:Deprecate","bronze:Fortify"],"picked":"SKIP","floor":47},{"not_picked":["bronze:Shield+1","bronze:BuggyMess"],"picked":"bronze:Repair+1","floor":48},{"not_picked":["bronze:Return","bronze:Format","bronze:ClassDefault+1"],"picked":"SKIP","floor":50},{"not_picked":["bronze:Frontload+1","bronze:CloningBeam"],"picked":"bronze:Branch+1","floor":51}],"player_experience":187196,"relics_obtained":[{"floor":1,"key":"Blue Doll"},{"floor":7,"key":"aspiration:Lifesprig"},{"floor":11,"key":"Boot"},{"floor":26,"key":"hubris:BottledRain"},{"floor":42,"key":"aspiration:HatOfInfinitePower"},{"floor":43,"key":"hubris:TenFootPole"}],"event_choices":[],"is_beta":false,"boss_relics":[{"not_picked":["Fusion Hammer","hubris:CrackedHourglass"],"picked":"Sozu"},{"not_picked":["bronze:PlatinumCore","Busted Crown"],"picked":"Snecko Heart"}],"items_purged_floors":[],"is_endless":true,"potions_floor_spawned":[2,8,11,17,31,34,41,44,46,51],"killed_by":"SI_POISON_ARCHETYPE","ascension_level":0}}