{"host":"at5b10nm0iti0w4x","time":1612482154,"event":{"mods":["AchievementEnabler","BaseMod","Bestiary","Block Reminder","Colored Map","Colored Powertips","Highlight Path","Keyboard Shortcuts","Minty Spire (QoL Compilation)","Relic Stats","StSLib","SuperFastMode"],"gold_per_floor":[111,286,286,251,33,68,68,28,52,67,80,80,110,128,128,227,227,239,14,27,27,42,42,70,94,106,131,143,80,92,104,116,232,294,322,345,371,383,408,420,112,112,112,126,143,18,18,345,345,345,345],"floor_reached":50,"language":"ENG","playtime":1949,"items_purged":["Doubt","Strike_G","Strike_G"],"score":550,"play_id":"88fad6da-0e56-41ea-98d2-852ad57a26a6","local_time":"20210204184234","is_ascension_mode":false,"campfire_choices":[{"floor":7,"key":"REST"},{"data":"Well Laid Plans","floor":15,"key":"SMITH"},{"data":"Corpse Explosion","floor":23,"key":"SMITH"},{"floor":28,"key":"REST"},{"floor":30,"key":"REST"},{"data":"Noxious Fumes","floor":32,"key":"SMITH"},{"data":"Infinite Blades","floor":40,"key":"SMITH"},{"data":"Footwork","floor":42,"key":"SMITH"},{"floor":49,"key":"REST"}],"circlet_count":0,"master_deck":["Strike_G","Strike_G","Strike_G","Defend_G","Defend_G+1","Defend_G","Defend_G","Defend_G+1","Survivor+1","Neutralize","Infinite Blades+1","Bane","Blade Dance","Well Laid Plans+1","Choke","Poisoned Stab","Corpse Explosion+1","Deadly Poison","Backflip","Crippling Poison+1","Blade Dance","Leg Sweep","Noxious Fumes+1","Catalyst+1","Die Die Die","Deflect+1","Accuracy","Poisoned Stab","Footwork+1","Catalyst+1","Regret","Cloak And Dagger+1","Blade Dance","Good Instincts","Master of Strategy","Bandage Up","Backstab"],"relics":["Cursed Key","Lantern","Oddly Smooth Stone","The Specimen","MealTicket","War Paint","Sozu","Medical Kit","MawBank","Tiny House","DollysMirror","Bird Faced Urn","Old Coin"],"acts_visited":["Exordium","TheCity","TheBeyond"],"potions_floor_usage":[8,16,16,50],"damage_taken":[{"damage":1,"enemies":"Jaw Worm","floor":1,"turns":4},{"damage":18,"enemies":"3 Sentries","floor":6,"turns":11},{"damage":6,"enemies":"2 Louse","floor":10,"turns":3},{"damage":0,"enemies":"Small Slimes","floor":11,"turns":2},{"damage":9,"enemies":"Lagavulin","floor":13,"turns":8},{"damage":0,"enemies":"Exordium Thugs","floor":14,"turns":5},{"damage":29,"enemies":"Hexaghost","floor":16,"turns":9},{"damage":7,"enemies":"2 Thieves","floor":18,"turns":3},{"damage":16,"enemies":"Spheric Guardian","floor":20,"turns":5},{"damage":0,"enemies":"3 Cultists","floor":22,"turns":2},{"damage":19,"enemies":"Book of Stabbing","floor":24,"turns":5},{"damage":12,"enemies":"Centurion and Healer","floor":25,"turns":4},{"damage":12,"enemies":"Snake Plant","floor":27,"turns":4},{"damage":26,"enemies":"Collector","floor":33,"turns":8},{"damage":2,"enemies":"Orb Walker","floor":35,"turns":3},{"damage":16,"enemies":"3 Darklings","floor":36,"turns":4},{"damage":2,"enemies":"Jaw Worm Horde","floor":37,"turns":3},{"damage":7,"enemies":"Transient","floor":39,"turns":5},{"damage":12,"enemies":"Sphere and 2 Shapes","floor":44,"turns":4},{"damage":13,"enemies":"Spire Growth","floor":45,"turns":3},{"damage":60,"enemies":"Reptomancer","floor":48,"turns":6},{"damage":69,"enemies":"Time Eater","floor":50,"turns":6}],"seed_played":"-1226993191294134300","potions_obtained":[{"floor":1,"key":"AttackPotion"},{"floor":8,"key":"Fruit Juice"},{"floor":8,"key":"AttackPotion"},{"floor":8,"key":"PowerPotion"},{"floor":11,"key":"Fire Potion"},{"floor":16,"key":"LiquidMemories"}],"is_trial":false,"path_per_floor":["M","?","?","?","$","E","R","?","T","M","M","?","E","M","R","B",null,"M","$","M","?","M","R","E","M","T","M","R","?","R","$","R","B",null,"M","M","M","$","M","R","$","R","T","M","M","$","?","E","R","B"],"character_chosen":"THE_SILENT","items_purchased":["Oddly Smooth Stone","Deadly Poison","Medical Kit","Backflip","Footwork","DollysMirror"],"campfire_rested":4,"item_purchase_floors":[5,19,19,19,41,41],"current_hp_per_floor":[69,69,27,44,44,26,47,52,52,46,46,71,62,62,62,33,75,68,75,59,59,59,59,40,28,28,16,38,38,59,72,72,46,77,75,59,57,72,65,65,77,77,77,68,57,72,62,14,37,0,0],"gold":345,"neow_bonus":"BOSS_RELIC","is_daily":false,"chose_seed":false,"campfire_upgraded":5,"win_rate":0.0,"timestamp":1612482154,"path_taken":["M","?","?","?","$","E","R","?","T","M","?","?","E","M","R","BOSS","M","$","M","?","M","R","E","M","T","?","R","?","R","?","R","BOSS","M","?","M","$","M","R","$","R","T","M","?","?","?","E","R","BOSS"],"items_purchased_type":["Relic","Card","Relic","Card","Card","Relic"],"build_version":"2020-12-22","purchased_purges":3,"victory":false,"max_hp_per_floor":[70,70,70,70,70,70,70,75,75,75,75,75,75,75,75,75,75,75,75,75,75,75,75,75,75,75,75,75,72,72,72,72,72,77,77,77,77,77,77,77,77,77,77,77,77,77,77,77,77,77,77],"relic_stats":{"Sozu":7,"counters":[22,107],"Bird Faced Urn":[23],"MealTicket":62,"War Paint":["Defend_G","Survivor"],"Cursed Key":2,"Medical Kit":[0],"MawBank":204,"obtain_stats":[{"Lantern":3,"Tiny House":34,"The Specimen":6,"Oddly Smooth Stone":5,"War Paint":13,"Cursed Key":0,"Medical Kit":19,"MawBank":24,"Old Coin":48,"Sozu":17,"DollysMirror":41,"Bird Faced Urn":43,"MealTicket":9,"Ring of the Snake":0},{"Lantern":1,"Tiny House":14,"The Specimen":2,"Oddly Smooth Stone":1,"War Paint":5,"Cursed Key":0,"Medical Kit":8,"MawBank":11,"Old Coin":21,"Sozu":7,"DollysMirror":18,"Bird Faced Urn":18,"MealTicket":2,"Ring of the Snake":0},{"Lantern":4,"Tiny House":73,"The Specimen":15,"Oddly Smooth Stone":4,"War Paint":28,"Cursed Key":0,"Medical Kit":45,"MawBank":57,"Old Coin":101,"Sozu":42,"DollysMirror":88,"Bird Faced Urn":88,"MealTicket":15,"Ring of the Snake":0}]},"card_choices":[{"not_picked":["All Out Attack","PiercingWail"],"picked":"Infinite Blades","floor":1},{"not_picked":["Acrobatics","Cloak And Dagger"],"picked":"Bane","floor":6},{"not_picked":["Leg Sweep","Underhanded Strike"],"picked":"Blade Dance","floor":10},{"not_picked":["Leg Sweep","Finisher"],"picked":"Well Laid Plans","floor":11},{"not_picked":["Deflect","Finisher"],"picked":"Choke","floor":13},{"not_picked":["Backflip","Slice"],"picked":"Poisoned Stab","floor":14},{"not_picked":["Adrenaline","Unload"],"picked":"Corpse Explosion","floor":16},{"not_picked":["Prepared","Escape Plan","Dodge and Roll"],"picked":"SKIP","floor":18},{"not_picked":["Deadly Poison","Dagger Throw+1"],"picked":"Crippling Poison+1","floor":20},{"not_picked":["Outmaneuver+1","Heel Hook"],"picked":"Leg Sweep","floor":22},{"not_picked":["Heel Hook","Crippling Poison"],"picked":"Noxious Fumes","floor":24},{"not_picked":["Cloak And Dagger","Dagger Spray+1","Heel Hook+1"],"picked":"SKIP","floor":25},{"not_picked":["Acrobatics","Well Laid Plans"],"picked":"Catalyst+1","floor":27},{"not_picked":["Bullet Time","Wraith Form v2"],"picked":"Die Die Die","floor":33},{"not_picked":["Bane+1","Sucker Punch"],"picked":"Deflect+1","floor":35},{"not_picked":["Corpse Explosion","Dash+1"],"picked":"Accuracy","floor":36},{"not_picked":["Slice+1","Backflip","Eviscerate"],"picked":"SKIP","floor":37},{"not_picked":["Acrobatics","Deflect"],"picked":"Poisoned Stab","floor":39},{"not_picked":["Deflect+1","Outmaneuver+1"],"picked":"Cloak And Dagger+1","floor":44},{"not_picked":["Escape Plan+1","PiercingWail+1"],"picked":"Blade Dance","floor":45},{"not_picked":["Discovery","PanicButton"],"picked":"Good Instincts","floor":47},{"not_picked":["Enlightenment","Discovery"],"picked":"Master of Strategy","floor":47},{"not_picked":["Enlightenment","Swift Strike"],"picked":"Bandage Up","floor":47},{"not_picked":["Blade Dance","Expertise"],"picked":"Backstab","floor":48}],"player_experience":29124,"relics_obtained":[{"floor":6,"key":"The Specimen"},{"floor":9,"key":"MealTicket"},{"floor":13,"key":"War Paint"},{"floor":24,"key":"MawBank"},{"floor":43,"key":"Bird Faced Urn"},{"floor":48,"key":"Old Coin"}],"event_choices":[{"damage_healed":0,"gold_gain":175,"player_choice":"AGREE","damage_taken":0,"max_hp_gain":0,"max_hp_loss":0,"event_name":"Liars Game","floor":2,"gold_loss":0,"cards_obtained":["Doubt"]},{"damage_healed":0,"gold_gain":0,"player_choice":"Success","damage_taken":42,"relics_obtained":["Lantern"],"max_hp_gain":0,"max_hp_loss":0,"event_name":"Scrap Ooze","floor":3,"gold_loss":0},{"damage_healed":17,"gold_gain":0,"player_choice":"Healed","damage_taken":0,"max_hp_gain":0,"max_hp_loss":0,"event_name":"The Cleric","floor":4,"gold_loss":35},{"damage_healed":0,"gold_gain":0,"player_choice":"Bought 3 Potions","damage_taken":0,"max_hp_gain":0,"max_hp_loss":0,"event_name":"The Woman in Blue","floor":8,"gold_loss":0},{"damage_healed":25,"gold_gain":0,"player_choice":"Banana","damage_taken":0,"max_hp_gain":0,"max_hp_loss":0,"event_name":"Big Fish","floor":12,"gold_loss":0},{"damage_healed":0,"gold_gain":0,"player_choice":"Copied","damage_taken":0,"max_hp_gain":0,"max_hp_loss":0,"event_name":"Duplicator","floor":21,"gold_loss":0,"cards_obtained":["Blade Dance"]},{"cards_removed":["Parasite"],"damage_healed":0,"gold_gain":0,"player_choice":"Gave Gold","damage_taken":0,"max_hp_gain":0,"max_hp_loss":0,"event_name":"Beggar","floor":29,"gold_loss":75},{"damage_healed":0,"gold_gain":0,"player_choice":"Memory 3","damage_taken":10,"max_hp_gain":0,"max_hp_loss":0,"event_name":"SensoryStone","floor":47,"gold_loss":0}],"is_beta":false,"boss_relics":[{"not_picked":["Fusion Hammer","Calling Bell"],"picked":"Sozu"},{"not_picked":["Runic Pyramid","SacredBark"],"picked":"Tiny House"}],"items_purged_floors":[5,41,46],"is_endless":false,"potions_floor_spawned":[1,11,16,20,22,37,39,44,45],"killed_by":"Time Eater","ascension_level":0}}