{"host":"3a1ypf1irl30q4k8","time":1612472733,"event":{"mods":["AchievementEnabler","BaseMod","Bestiary","Colored Map","Minty Spire (QoL Compilation)","Relic Stats","ojb\u0027s Info Mod"],"gold_per_floor":[119,130,130,53,69,69,103,178,478,478,492,510,685,699,699,699,699],"floor_reached":16,"language":"ENG","playtime":573,"items_purged":[],"score":128,"play_id":"a72b9644-e711-4f9a-8182-6f1ea1d54bdc","local_time":"20210204210533","is_ascension_mode":true,"campfire_choices":[{"data":"CarveReality","floor":6.0,"key":"SMITH"},{"data":"Vigilance","floor":10.0,"key":"SMITH"},{"data":"FollowUp","floor":15.0,"key":"SMITH"}],"circlet_count":0,"master_deck":["Strike_P","Strike_P","Strike_P","Defend_P","Defend_P","Defend_P","Defend_P","Eruption","Vigilance+1","FollowUp+1","FlurryOfBlows","CarveReality+1","SashWhip","CutThroughFate","EmptyFist","Ragnarok","Doubt","ReachHeaven"],"relics":["Philosopher\u0027s Stone","Incense Burner","Old Coin"],"acts_visited":["Exordium"],"potions_floor_usage":[16],"damage_taken":[{"damage":0.0,"enemies":"2 Louse","floor":1.0,"turns":2.0},{"damage":0.0,"enemies":"Cultist","floor":2.0,"turns":2.0},{"damage":0.0,"enemies":"Small Slimes","floor":5.0,"turns":2.0},{"damage":20.0,"enemies":"Gremlin Nob","floor":7.0,"turns":4.0},{"damage":0.0,"enemies":"Exordium Thugs","floor":11.0,"turns":3.0},{"damage":2.0,"enemies":"Blue Slaver","floor":12.0,"turns":2.0},{"damage":9.0,"enemies":"Looter","floor":14.0,"turns":4.0},{"damage":32,"enemies":"The Guardian","floor":16,"turns":8}],"seed_played":"7899242717104905278","potions_obtained":[{"floor":12.0,"key":"SteroidPotion"},{"floor":14.0,"key":"Dexterity Potion"}],"is_trial":false,"path_per_floor":["M","M","?","$","M","R","E","?","T","R","M","M","?","M","R","B"],"character_chosen":"WATCHER","items_purchased":["CarveReality"],"campfire_rested":0,"item_purchase_floors":[4],"current_hp_per_floor":[72,72,72,72,72,72,52,41,41,41,41,39,39,30,30,0,0],"gold":699,"neow_bonus":"BOSS_RELIC","is_daily":false,"chose_seed":false,"campfire_upgraded":3,"win_rate":0.0,"timestamp":1612472733,"path_taken":["M","M","?","?","M","R","E","?","T","R","M","M","?","M","R","BOSS"],"items_purchased_type":["Card"],"build_version":"2020-12-22","purchased_purges":0,"victory":false,"max_hp_per_floor":[72,72,72,72,72,72,72,72,72,72,72,72,72,72,72,72,72],"relic_stats":{"counters":[8,27],"obtain_stats":[{"Philosopher\u0027s Stone":0,"Incense Burner":7,"PureWater":0,"Old Coin":9},{"Philosopher\u0027s Stone":0,"Incense Burner":4,"PureWater":0,"Old Coin":4},{"Philosopher\u0027s Stone":0,"Incense Burner":10,"PureWater":0,"Old Coin":10}]},"card_choices":[{"not_picked":["Evaluate","Halt"],"picked":"FollowUp","floor":1.0},{"not_picked":["PathToVictory","DevaForm"],"picked":"FlurryOfBlows","floor":2.0},{"not_picked":["JustLucky","FollowUp"],"picked":"SashWhip","floor":5.0},{"not_picked":["FollowUp","Sanctity"],"picked":"CutThroughFate","floor":7.0},{"not_picked":["WreathOfFlame","ForeignInfluence"],"picked":"EmptyFist","floor":11.0},{"not_picked":["Nirvana","Sanctity"],"picked":"Ragnarok","floor":12.0},{"not_picked":["Study","Protect"],"picked":"ReachHeaven","floor":14.0}],"player_experience":1325229,"relics_obtained":[{"floor":7.0,"key":"Incense Burner"},{"floor":9.0,"key":"Old Coin"}],"event_choices":[{"cards_removed":["Strike_P"],"damage_healed":0.0,"max_hp_gain":0.0,"max_hp_loss":0.0,"gold_gain":0.0,"event_name":"Purifier","player_choice":"Purged","floor":3.0,"gold_loss":0.0,"damage_taken":0.0},{"damage_healed":0.0,"max_hp_gain":0.0,"max_hp_loss":0.0,"gold_gain":75.0,"event_name":"World of Goop","player_choice":"Gather Gold","floor":8.0,"gold_loss":0.0,"damage_taken":11.0},{"damage_healed":0.0,"max_hp_gain":0.0,"max_hp_loss":0.0,"gold_gain":175.0,"event_name":"Liars Game","player_choice":"AGREE","floor":13.0,"gold_loss":0.0,"damage_taken":0.0,"cards_obtained":["Doubt"]}],"is_beta":false,"boss_relics":[],"items_purged_floors":[],"is_endless":false,"potions_floor_spawned":[12,14],"killed_by":"The Guardian","ascension_level":5}}