{"host":"0gq2f9xwdze0ceg1","time":1612403159,"event":{"mods":["Arknights","BaseMod","Colored Powertips","Duelist Mod","Hermit","Marisa????????","Minty Spire (QoL Compilation)","Robot Space Explorer","StSLib","The Animator","The Bug Knight","The Cursed","The Dragon Tamer","The Forsaken","The Poker Player","The Senshi","The Servant 0.9.4"],"gold_per_floor":[118,218,231,130,147,147,162,175,175,175,77,93,118,89,89,89,89],"floor_reached":16,"language":"SPA","playtime":15753,"items_purged":[],"score":102,"play_id":"16383a38-0c0e-4fb2-a424-5717e4f81d12","local_time":"20210203224559","is_ascension_mode":false,"campfire_choices":[{"data":"hermit:HighCaliber","floor":6,"key":"SMITH"},{"floor":10,"key":"RECALL"},{"floor":15,"key":"REST"}],"circlet_count":0,"master_deck":["hermit:Strike_Hermit","hermit:Strike_Hermit","hermit:Strike_Hermit","hermit:Strike_Hermit","hermit:Defend_Hermit","hermit:Defend_Hermit","hermit:Defend_Hermit","hermit:Defend_Hermit","hermit:Snapshot","hermit:Covet","hermit:HighCaliber+1","hermit:EyeOfTheStorm","hermit:Determination","hermit:ItchyTrigger","hermit:Feint","hermit:Headshot","hermit:Dive","hermit:GoldenBullet","hermit:LowProfile","hermit:Dive","hermit:HeroicBravado"],"relics":["hermit:Momento","NeowsBlessing","Bag of Marbles"],"acts_visited":["Exordium"],"potions_floor_usage":[13],"damage_taken":[{"damage":0,"enemies":"Jaw Worm","floor":1,"turns":1},{"damage":0,"enemies":"Cultist","floor":3,"turns":1},{"damage":0,"enemies":"2 Louse","floor":5,"turns":1},{"damage":5,"enemies":"Looter","floor":7,"turns":3},{"damage":11,"enemies":"Large Slime","floor":8,"turns":6},{"damage":6,"enemies":"2 Fungi Beasts","floor":12,"turns":3},{"damage":31,"enemies":"3 Sentries","floor":13,"turns":6},{"damage":44,"enemies":"Hexaghost","floor":16,"turns":11}],"seed_played":"2127671671915542500","potions_obtained":[{"floor":3,"key":"GamblersBrew"},{"floor":8,"key":"Swift Potion"},{"floor":12,"key":"BlessingOfTheForge"}],"is_trial":false,"path_per_floor":["M","?","M","$","M","R","M","M","T","R","$","M","E","?","R","B"],"character_chosen":"HERMIT","items_purchased":["hermit:Determination","hermit:ItchyTrigger","hermit:GoldenBullet","hermit:LowProfile"],"campfire_rested":1,"item_purchase_floors":[4,4,11,11],"current_hp_per_floor":[75,75,75,75,75,75,70,59,59,59,59,53,22,22,44,0,0],"gold":89,"neow_bonus":"THREE_ENEMY_KILL","is_daily":false,"chose_seed":false,"campfire_upgraded":1,"win_rate":0.0,"timestamp":1612403159,"path_taken":["M","?","M","$","M","R","?","M","T","R","$","M","E","?","R","BOSS"],"items_purchased_type":["Card","Card","Card","Card"],"build_version":"2020-12-22","purchased_purges":0,"victory":false,"max_hp_per_floor":[75,75,75,75,75,75,75,75,75,75,75,75,75,75,75,75,75],"card_choices":[{"not_picked":["hermit:Glare","hermit:HoleUp"],"picked":"hermit:HighCaliber","floor":1},{"not_picked":["hermit:BodyArmor","hermit:LuckOfTheDraw"],"picked":"hermit:EyeOfTheStorm","floor":3},{"not_picked":["hermit:Spite","hermit:LowProfile"],"picked":"hermit:Feint","floor":5},{"not_picked":["hermit:Ricochet","hermit:LoneWolf"],"picked":"hermit:Headshot","floor":7},{"not_picked":["hermit:Coalescence","hermit:ItchyTrigger"],"picked":"hermit:Dive","floor":8},{"not_picked":["hermit:NoHoldsBarred","hermit:BodyArmor"],"picked":"hermit:Dive","floor":12},{"not_picked":["hermit:FullyLoaded","hermit:LuckOfTheDraw"],"picked":"hermit:HeroicBravado","floor":13}],"player_experience":129101,"relics_obtained":[{"floor":13,"key":"Bag of Marbles"}],"event_choices":[{"damage_healed":0,"gold_gain":100,"player_choice":"Gold","damage_taken":0,"max_hp_gain":0,"max_hp_loss":0,"event_name":"Wheel of Change","floor":2,"gold_loss":0},{"damage_healed":0,"gold_gain":0,"player_choice":"Left Gold","damage_taken":0,"max_hp_gain":0,"max_hp_loss":0,"event_name":"World of Goop","floor":14,"gold_loss":29}],"is_beta":false,"boss_relics":[],"items_purged_floors":[],"is_endless":false,"potions_floor_spawned":[3,8,12],"killed_by":"Hexaghost","ascension_level":0}}