{"host":"o54aw4mfims5m8ve","time":1612447445,"event":{"mods":["BaseMod","Downfall","Minty Spire (QoL Compilation)","StSLib","The Senshi"],"gold_per_floor":[116,134,59,72,72,99,99,99,177,187,217,117,151,162,162,261,261,271,282,296,16,16,16],"floor_reached":22,"language":"ENG","playtime":2211,"items_purged":["theSenshi:SailorBlock","theSenshi:SailorKick","theSenshi:SailorBlock"],"score":196,"play_id":"d7e06984-a020-4698-a3ed-1b58aa40badb","local_time":"20210204140405","is_ascension_mode":false,"campfire_choices":[{"floor":8,"key":"REST"},{"data":"theSenshi:MoonCosmicPowerMakeUp","floor":15,"key":"SMITH"}],"circlet_count":0,"master_deck":["theSenshi:SailorKick","theSenshi:SailorBlock","theSenshi:RoseThrow","theSenshi:MoonPrismPowerMakeUp","theSenshi:MoonPunch","theSenshi:MoonCosmicPowerMakeUp+1","theSenshi:MoonKick","theSenshi:SailorJupiterAssists","theSenshi:UranusStrength","theSenshi:SailorJupiterAssists","theSenshi:SailorChibiMoonAssists","theSenshi:SailorCosmosAssists","theSenshi:MoonPower+1","theSenshi:MoonsReflection+1","theSenshi:MarsPride+1","theSenshi:TallSilhouette+1","theSenshi:MoonCrystalPowerMakeUp"],"relics":["theSenshi:TransformationBroochRelic","Bag of Marbles","Shuriken","MealTicket","Pen Nib","Astrolabe","theSenshi:ChokerRelic"],"acts_visited":["Exordium","TheCity"],"potions_floor_usage":[6,16],"damage_taken":[{"damage":5,"enemies":"Jaw Worm","floor":1,"turns":3},{"damage":0,"enemies":"Small Slimes","floor":2,"turns":4},{"damage":5,"enemies":"2 Louse","floor":4,"turns":3},{"damage":18,"enemies":"Gremlin Nob","floor":6,"turns":4},{"damage":6,"enemies":"Large Slime","floor":10,"turns":5},{"damage":4,"enemies":"3 Sentries","floor":13,"turns":7},{"damage":0,"enemies":"Gremlin Gang","floor":14,"turns":4},{"damage":5,"enemies":"Hexaghost","floor":16,"turns":6},{"damage":0,"enemies":"Chosen","floor":18,"turns":5},{"damage":20,"enemies":"3 Byrds","floor":19,"turns":5},{"damage":7,"enemies":"Shelled Parasite and Fungi","floor":20,"turns":7},{"damage":73,"enemies":"Cultist and Chosen","floor":22,"turns":7}],"seed_played":"5092595895253999249","potions_obtained":[{"floor":2,"key":"Slimebound:ThreeZeroPotion"},{"floor":6,"key":"champ:CounterPotion"},{"floor":13,"key":"AttackPotion"},{"floor":16,"key":"Strength Potion"}],"is_trial":false,"path_per_floor":["M","M","$","M","?","E","$","R","T","M","?","$","E","M","R","B",null,"M","M","M","$","M"],"character_chosen":"THE_SENSHI","items_purchased":["theSenshi:ChokerRelic"],"campfire_rested":1,"item_purchase_floors":[21],"current_hp_per_floor":[70,70,70,65,65,47,47,69,69,63,63,75,71,71,71,66,75,75,55,48,63,0,0],"gold":16,"neow_bonus":"THREE_CARDS","is_daily":false,"chose_seed":false,"campfire_upgraded":1,"win_rate":0.0,"timestamp":1612447445,"path_taken":["M","M","$","M","?","E","$","R","T","M","?","$","E","M","R","BOSS","M","M","M","$","M"],"items_purchased_type":["Relic"],"build_version":"2020-12-22","purchased_purges":3,"victory":false,"max_hp_per_floor":[75,75,75,75,75,75,75,75,75,75,75,75,75,75,75,75,75,75,75,75,75,75,75],"card_choices":[{"not_picked":["theSenshi:SupersonicWaves","theSenshi:MoonsReflection"],"picked":"theSenshi:MoonPunch","floor":0},{"not_picked":["theSenshi:SailorMarsAssists","theSenshi:MoonPunch","theSenshi:MoonPower"],"picked":"SKIP","floor":1},{"not_picked":["theSenshi:SailorV","theSenshi:MoonTiaraMagic"],"picked":"theSenshi:MoonCosmicPowerMakeUp","floor":2},{"not_picked":["theSenshi:EncouragingSpeech","theSenshi:MercurysCunning"],"picked":"theSenshi:MoonKick","floor":4},{"not_picked":["theSenshi:LunasBite","theSenshi:SailorVenusAssists"],"picked":"theSenshi:SailorJupiterAssists","floor":6},{"not_picked":["theSenshi:ChibiMoonsLove","theSenshi:MoonPower"],"picked":"theSenshi:UranusStrength","floor":10},{"not_picked":["theSenshi:LateForSchool","theSenshi:Sidestep"],"picked":"theSenshi:SailorJupiterAssists","floor":13},{"not_picked":["theSenshi:OdangoHead","theSenshi:MoonPower"],"picked":"theSenshi:SailorChibiMoonAssists","floor":14},{"not_picked":["theSenshi:ChibiMoonsLove","theSenshi:IWillPunishYou"],"picked":"theSenshi:SailorCosmosAssists","floor":16},{"not_picked":["theSenshi:MoonKick","theSenshi:TuxedoMaskAssists","theSenshi:KlutzyLuck"],"picked":"SKIP","floor":18},{"not_picked":["theSenshi:SupersonicWaves","theSenshi:MoonPunch"],"picked":"theSenshi:TallSilhouette+1","floor":19},{"not_picked":["theSenshi:RainbowMoonHeartAche","theSenshi:TallSilhouette"],"picked":"theSenshi:MoonCrystalPowerMakeUp","floor":20}],"player_experience":196979,"relics_obtained":[{"floor":6,"key":"Bag of Marbles"},{"floor":9,"key":"Shuriken"},{"floor":13,"key":"Pen Nib"}],"event_choices":[{"damage_healed":0,"gold_gain":0,"player_choice":"Ignored","damage_taken":0,"max_hp_gain":0,"max_hp_loss":0,"event_name":"Liars Game","floor":5,"gold_loss":0},{"damage_healed":0,"gold_gain":30,"player_choice":"Searched \u00272\u0027 times","damage_taken":0,"relics_obtained":["MealTicket"],"max_hp_gain":0,"max_hp_loss":0,"event_name":"Dead Adventurer","floor":11,"gold_loss":0}],"is_beta":false,"boss_relics":[{"not_picked":["Calling Bell","Busted Crown"],"picked":"Astrolabe"}],"items_purged_floors":[3,12,21],"is_endless":false,"potions_floor_spawned":[2,6,13,16],"killed_by":"Cultist and Chosen","ascension_level":0}}