{"host":"3a1ypf1irl30q4k8","time":1612451988,"event":{"mods":["AchievementEnabler","BaseMod","Bestiary","Colored Map","Minty Spire (QoL Compilation)","Relic Stats","ojb\u0027s Info Mod"],"gold_per_floor":[115,133,145,41,41,41,69,69,69,87,105,119,146,165,165,264,264,278,262,262,272,272,300,50,67,67,0,0,0],"floor_reached":28,"language":"ENG","playtime":1401,"items_purged":[],"score":315,"play_id":"051bb85d-cf6e-474c-9dc8-3a67678ee995","local_time":"20210204151948","is_ascension_mode":true,"campfire_choices":[{"data":"Omniscience","floor":6.0,"key":"SMITH"},{"floor":8.0,"key":"REST"},{"data":"Conclude","floor":15.0,"key":"SMITH"}],"circlet_count":0,"master_deck":["Strike_P","Defend_P+1","Defend_P","Defend_P","Eruption","Vigilance","Parasite","Omniscience+1","SandsOfTime","Halt","FearNoEvil","Crescendo+1","FlyingSleeves","ThirdEye","MentalFortress","FlyingSleeves","Evaluate","CrushJoints","Conclude+1","Adaptation","Establishment","InnerPeace","CutThroughFate+1","WindmillStrike","FearNoEvil","Meditate+1","TalkToTheHand","FollowUp+1"],"relics":["PureWater","Blue Candle","Blood Vial","PreservedInsect","SacredBark","War Paint","Yang","StoneCalendar"],"acts_visited":["Exordium","TheCity"],"potions_floor_usage":[16,21],"damage_taken":[{"damage":5.0,"enemies":"Small Slimes","floor":1.0,"turns":2.0},{"damage":0.0,"enemies":"2 Louse","floor":2.0,"turns":2.0},{"damage":4.0,"enemies":"Jaw Worm","floor":3.0,"turns":2.0},{"damage":28.0,"enemies":"Lagavulin","floor":7.0,"turns":6.0},{"damage":12.0,"enemies":"Lots of Slimes","floor":10.0,"turns":2.0},{"damage":0.0,"enemies":"Looter","floor":11.0,"turns":1.0},{"damage":0.0,"enemies":"Large Slime","floor":12.0,"turns":2.0},{"damage":29.0,"enemies":"3 Sentries","floor":13.0,"turns":4.0},{"damage":0.0,"enemies":"Exordium Wildlife","floor":14.0,"turns":4.0},{"damage":5,"enemies":"Slime Boss","floor":16,"turns":7},{"damage":8,"enemies":"3 Byrds","floor":18,"turns":4},{"damage":15,"enemies":"2 Thieves","floor":19,"turns":4},{"damage":0,"enemies":"3 Cultists","floor":21,"turns":3},{"damage":59,"enemies":"Slavers","floor":23,"turns":4},{"damage":1,"enemies":"Snake Plant","floor":25,"turns":2},{"damage":15,"enemies":"Shelled Parasite and Fungi","floor":28,"turns":3}],"seed_played":"346984894370326089","potions_obtained":[{"floor":2.0,"key":"DistilledChaos"},{"floor":3.0,"key":"Regen Potion"},{"floor":12.0,"key":"DuplicationPotion"},{"floor":14.0,"key":"FearPotion"},{"floor":19,"key":"AttackPotion"}],"is_trial":false,"path_per_floor":["M","M","M","$","?","R","E","R","T","M","M","M","E","M","R","B",null,"M","M","?","M","?","E","$","M","T","?","M"],"character_chosen":"WATCHER","items_purchased":["FlyingSleeves","ThirdEye","Yang"],"campfire_rested":1,"item_purchase_floors":[4,4,24],"current_hp_per_floor":[67,67,63,63,63,63,35,56,56,51,53,55,28,30,30,27,61,55,42,42,44,68,11,11,12,12,12,0,0],"gold":0,"neow_bonus":"TRANSFORM_TWO_CARDS","is_daily":false,"chose_seed":false,"campfire_upgraded":2,"win_rate":0.0,"timestamp":1612451988,"path_taken":["M","M","M","$","?","R","E","R","T","M","M","M","E","M","R","BOSS","M","M","?","M","?","E","$","M","T","?","M"],"items_purchased_type":["Card","Card","Relic"],"build_version":"2020-12-22","purchased_purges":0,"victory":false,"max_hp_per_floor":[72,72,72,72,72,72,72,72,72,72,72,72,72,72,72,72,72,72,72,72,72,72,72,72,72,72,72,72,72],"relic_stats":{"Blood Vial":24,"counters":[16,52],"Blue Candle":[2],"Yang":[11],"StoneCalendar":[0],"PreservedInsect":39,"War Paint":["Crescendo","Defend_P"],"obtain_stats":[{"Blood Vial":9,"Blue Candle":7,"SacredBark":17,"Yang":24,"StoneCalendar":26,"PreservedInsect":13,"PureWater":0,"War Paint":23},{"Blood Vial":4,"Blue Candle":4,"SacredBark":10,"Yang":14,"StoneCalendar":15,"PreservedInsect":8,"PureWater":0,"War Paint":14},{"Blood Vial":12,"Blue Candle":12,"SacredBark":32,"Yang":47,"StoneCalendar":49,"PreservedInsect":21,"PureWater":0,"War Paint":47}]},"card_choices":[{"not_picked":["InnerPeace","ForeignInfluence"],"picked":"Halt","floor":1.0},{"not_picked":["CrushJoints","Consecrate"],"picked":"FearNoEvil","floor":2.0},{"not_picked":["JustLucky","ClearTheMind"],"picked":"Crescendo","floor":3.0},{"not_picked":["CutThroughFate","Halt"],"picked":"MentalFortress","floor":7.0},{"not_picked":["Vengeance","Nirvana"],"picked":"FlyingSleeves","floor":10.0},{"not_picked":["PathToVictory","FearNoEvil"],"picked":"Evaluate","floor":11.0},{"not_picked":["Judgement","JustLucky"],"picked":"CrushJoints","floor":12.0},{"not_picked":["EmptyFist","CarveReality"],"picked":"Conclude","floor":13.0},{"not_picked":["SashWhip","ThirdEye"],"picked":"Adaptation","floor":14.0},{"not_picked":["Blasphemy","MasterReality"],"picked":"Establishment","floor":16},{"not_picked":["FollowUp","Worship"],"picked":"InnerPeace","floor":18},{"not_picked":["EmptyBody","SashWhip+1"],"picked":"CutThroughFate+1","floor":19},{"not_picked":["FollowUp","CrushJoints"],"picked":"Meditate+1","floor":21},{"not_picked":["Protect","Devotion"],"picked":"TalkToTheHand","floor":23},{"not_picked":["Consecrate","Collect"],"picked":"FollowUp+1","floor":25}],"player_experience":1316656,"relics_obtained":[{"floor":7.0,"key":"Blue Candle"},{"floor":9.0,"key":"Blood Vial"},{"floor":13.0,"key":"PreservedInsect"},{"floor":23,"key":"War Paint"},{"floor":26,"key":"StoneCalendar"}],"event_choices":[{"damage_healed":0.0,"max_hp_gain":0.0,"max_hp_loss":0.0,"gold_gain":0.0,"event_name":"Liars Game","player_choice":"Ignored","floor":5.0,"gold_loss":0.0,"damage_taken":0.0},{"damage_healed":0,"gold_gain":0,"cards_transformed":["Strike_P","Strike_P"],"player_choice":"Became Test Subject","damage_taken":0,"max_hp_gain":0,"max_hp_loss":0,"event_name":"Drug Dealer","floor":20,"gold_loss":0,"cards_obtained":["WindmillStrike","FearNoEvil"]},{"damage_healed":24,"gold_gain":0,"player_choice":"Heal","damage_taken":0,"max_hp_gain":0,"max_hp_loss":0,"event_name":"The Library","floor":22,"gold_loss":0},{"damage_healed":0,"gold_gain":0,"player_choice":"Paid Fearfully","damage_taken":0,"max_hp_gain":0,"max_hp_loss":0,"event_name":"Masked Bandits","floor":27,"gold_loss":67}],"is_beta":false,"boss_relics":[{"not_picked":["Coffee Dripper","Ectoplasm"],"picked":"SacredBark"}],"items_purged_floors":[],"is_endless":false,"potions_floor_spawned":[2,3,12,14,19],"killed_by":"Shelled Parasite and Fungi","ascension_level":5}}