{"host":"7jxhn92mkgyil7o5","time":1612469245,"event":{"mods":["BaseMod","Colored Map","Minty Spire (QoL Compilation)","Permanent Neow"],"gold_per_floor":[369,369,10,24,43,43,75,75,75,92,92,111,136,150,150,222,222,233,233,233,233,508,508,528,528,580,593,618,312,345,345,345,417,417,437,452,452,727,745,745,776,776,776,796,392,425,450,483,483,483,483,483,483,28,60,60],"floor_reached":57,"language":"ENG","playtime":3863,"items_purged":["Pain","Regret","Regret","Writhe"],"score":2847,"play_id":"abf05046-2b80-4070-8e09-aa7e37f443ed","local_time":"20210204210725","is_ascension_mode":true,"campfire_choices":[{"data":"Well Laid Plans","floor":6.0,"key":"SMITH"},{"floor":8.0,"key":"REST"},{"data":"Finisher","floor":15.0,"key":"SMITH"},{"data":"Adrenaline","floor":23.0,"key":"SMITH"},{"data":"RitualDagger","floor":25.0,"key":"SMITH"},{"data":"Wraith Form v2","floor":32.0,"key":"SMITH"},{"data":"Burst","floor":40.0,"key":"SMITH"},{"data":"J.A.X.","floor":42.0,"key":"SMITH"},{"floor":49.0,"key":"RECALL"},{"data":"Well Laid Plans","floor":53.0,"key":"SMITH"}],"circlet_count":0,"master_deck":["AscendersBane","Survivor","Neutralize","Blade Dance","Well Laid Plans+1","Finisher+1","Blade Dance","Die Die Die","Venomology","Deadly Poison","Adrenaline+1","Backstab","Sucker Punch","PiercingWail","Deadly Poison","Caltrops","Reflex","Heel Hook","Calculated Gamble","RitualDagger+1","Ghostly","Ghostly","Ghostly","Leg Sweep","Terror","Wraith Form v2+1","J.A.X.+1","Burst+1","Well Laid Plans+1","Blur+1","Slice"],"relics":["Ring of the Snake","InkBottle","Membership Card","Singing Bowl","Regal Pillow","Kunai","Unceasing Top","Pandora\u0027s Box","Matryoshka","Vajra","Toy Ornithopter","Bag of Marbles","OrangePellets","Anchor","Blood Vial","Bottled Flame","Busted Crown","The Courier","Art of War","Medical Kit","Oddly Smooth Stone","Bronze Scales","Ice Cream","Lantern","StoneCalendar","Strawberry","Mummified Hand","Orrery","Happy Flower","Bottled Tornado","HornCleat"],"acts_visited":["Exordium","TheCity","TheBeyond","TheEnding"],"potions_floor_usage":[56,56,56],"damage_taken":[{"damage":1.0,"enemies":"2 Louse","floor":1.0,"turns":3.0},{"damage":0.0,"enemies":"Small Slimes","floor":4.0,"turns":3.0},{"damage":0.0,"enemies":"Cultist","floor":5.0,"turns":3.0},{"damage":40.0,"enemies":"Gremlin Nob","floor":7.0,"turns":5.0},{"damage":11.0,"enemies":"Exordium Wildlife","floor":10.0,"turns":5.0},{"damage":4.0,"enemies":"Looter","floor":12.0,"turns":4.0},{"damage":4.0,"enemies":"Lagavulin","floor":13.0,"turns":5.0},{"damage":4.0,"enemies":"Lots of Slimes","floor":14.0,"turns":3.0},{"damage":6.0,"enemies":"Hexaghost","floor":16.0,"turns":8.0},{"damage":9.0,"enemies":"Chosen","floor":18.0,"turns":3.0},{"damage":0.0,"enemies":"Spheric Guardian","floor":24.0,"turns":2.0},{"damage":4.0,"enemies":"Snake Plant","floor":27.0,"turns":3.0},{"damage":3.0,"enemies":"Gremlin Leader","floor":28.0,"turns":3.0},{"damage":3.0,"enemies":"Book of Stabbing","floor":30.0,"turns":5.0},{"damage":7.0,"enemies":"Automaton","floor":33.0,"turns":8.0},{"damage":3.0,"enemies":"3 Shapes","floor":35.0,"turns":3.0},{"damage":0.0,"enemies":"Orb Walker","floor":36.0,"turns":1.0},{"damage":14.0,"enemies":"Spire Growth","floor":39.0,"turns":4.0},{"damage":3.0,"enemies":"Giant Head","floor":41.0,"turns":5.0},{"damage":6.0,"enemies":"Transient","floor":44.0,"turns":6.0},{"damage":28.0,"enemies":"Reptomancer","floor":46.0,"turns":6.0},{"damage":13.0,"enemies":"Mind Bloom Boss Battle","floor":47.0,"turns":4.0},{"damage":2.0,"enemies":"Nemesis","floor":48.0,"turns":8.0},{"damage":6.0,"enemies":"Donu and Deca","floor":50.0,"turns":8.0},{"damage":21.0,"enemies":"Awakened One","floor":51.0,"turns":8.0},{"damage":6.0,"enemies":"Shield and Spear","floor":55.0,"turns":6.0},{"damage":42,"enemies":"The Heart","floor":56,"turns":8}],"seed_played":"-3510355973962006060","potions_obtained":[{"floor":1.0,"key":"Ancient Potion"},{"floor":7.0,"key":"SpeedPotion"},{"floor":10.0,"key":"Strength Potion"},{"floor":11.0,"key":"DuplicationPotion"},{"floor":13.0,"key":"PowerPotion"},{"floor":18.0,"key":"Poison Potion"},{"floor":27.0,"key":"Energy Potion"},{"floor":33.0,"key":"SkillPotion"},{"floor":46.0,"key":"BlessingOfTheForge"},{"floor":55.0,"key":"Weak Potion"}],"is_trial":false,"path_per_floor":["M","?","$","M","M","R","E","R","T","M","?","M","E","M","R","B",null,"M","?","?","?","?","R","M","R","T","M","E","$","E","?","R","B",null,"M","M","?","?","M","R","E","R","T","M","$","E","?","E","R","B","B",null,"R","$","E","B",null],"character_chosen":"THE_SILENT","items_purchased":["Membership Card","Singing Bowl","Well Laid Plans","OrangePellets","Anchor","Blood Vial","Medical Kit","Oddly Smooth Stone","Bronze Scales","Ice Cream","Well Laid Plans","Mummified Hand","Orrery","Happy Flower","Bottled Tornado","CunningPotion"],"campfire_rested":1,"item_purchase_floors":[3,3,3,29,29,29,45,45,45,45,45,54,54,54,54,54],"current_hp_per_floor":[58,47,47,49,49,49,11,47,47,36,36,34,30,28,28,22,61,52,46,37,37,37,37,39,39,39,35,39,39,36,36,36,39,39,38,43,43,43,31,31,37,37,37,45,45,31,32,44,44,50,41,55,55,63,70,39],"gold":60,"neow_bonus":"TWO_FIFTY_GOLD","is_daily":false,"chose_seed":false,"campfire_upgraded":8,"win_rate":0.0,"timestamp":1612469245,"path_taken":["M","?","$","M","M","R","E","R","T","M","?","M","E","M","R","BOSS","M","?","?","?","?","R","?","R","T","M","E","$","E","?","R","BOSS","M","M","?","?","M","R","E","R","T","?","$","E","?","E","R","BOSS","BOSS","R","$","E","BOSS"],"items_purchased_type":["Relic","Relic","Card","Relic","Relic","Relic","Relic","Relic","Relic","Relic","Card","Relic","Relic","Relic","Relic","Potion"],"build_version":"2020-12-22","purchased_purges":4,"victory":true,"max_hp_per_floor":[66,66,66,68,68,68,70,70,70,70,70,72,72,74,74,74,74,74,74,37,37,37,37,39,39,39,39,39,39,39,39,39,39,39,41,43,43,43,45,45,47,47,47,49,49,51,53,60,60,60,60,60,60,68,70,70],"card_choices":[{"not_picked":["Choke","Dodge and Roll"],"picked":"Blade Dance","floor":1.0},{"not_picked":["Endless Agony","Underhanded Strike","Blur"],"picked":"Singing Bowl","floor":4.0},{"not_picked":["Quick Slash","Prepared"],"picked":"Finisher","floor":5.0},{"not_picked":["Unload","Sucker Punch","Setup"],"picked":"Singing Bowl","floor":7.0},{"not_picked":["Riddle With Holes","Choke"],"picked":"Blade Dance","floor":10.0},{"not_picked":["Slice","Riddle With Holes","Predator"],"picked":"Singing Bowl","floor":12.0},{"not_picked":["Cloak And Dagger","Acrobatics"],"picked":"Die Die Die","floor":13.0},{"not_picked":["Heel Hook","Slice","All Out Attack"],"picked":"Singing Bowl","floor":14.0},{"not_picked":["Die Die Die","Corpse Explosion"],"picked":"Venomology","floor":16.0},{"not_picked":["Deadly Poison","Blade Dance"],"picked":"Calculated Gamble","floor":18.0},{"not_picked":["Dodge and Roll","Outmaneuver","Deadly Poison"],"picked":"Singing Bowl","floor":24.0},{"not_picked":["Poisoned Stab","All Out Attack"],"picked":"Leg Sweep","floor":27.0},{"not_picked":["Dodge and Roll+1","Backflip"],"picked":"Terror","floor":28.0},{"not_picked":["Bane","Skewer"],"picked":"Wraith Form v2","floor":30.0},{"not_picked":["A Thousand Cuts","Die Die Die"],"picked":"Burst","floor":33.0},{"not_picked":["Deadly Poison"],"picked":"Singing Bowl","floor":35.0},{"not_picked":["Leg Sweep"],"picked":"Singing Bowl","floor":36.0},{"not_picked":["Flechettes"],"picked":"Singing Bowl","floor":39.0},{"not_picked":["Distraction"],"picked":"Singing Bowl","floor":41.0},{"not_picked":["Deflect"],"picked":"Singing Bowl","floor":44.0},{"not_picked":["Prepared"],"picked":"Singing Bowl","floor":46.0},{"not_picked":["Leg Sweep"],"picked":"Singing Bowl","floor":47.0},{"not_picked":[],"picked":"Blur+1","floor":48.0},{"not_picked":["Underhanded Strike"],"picked":"Singing Bowl","floor":54.0},{"not_picked":[],"picked":"Slice","floor":54.0},{"not_picked":["Dagger Spray+1"],"picked":"Singing Bowl","floor":54.0},{"not_picked":["Riddle With Holes+1"],"picked":"Singing Bowl","floor":54.0},{"not_picked":["Cloak And Dagger"],"picked":"Singing Bowl","floor":54.0},{"not_picked":["Poisoned Stab"],"picked":"Singing Bowl","floor":55.0}],"player_experience":978234,"relics_obtained":[{"floor":7.0,"key":"Regal Pillow"},{"floor":9.0,"key":"Kunai"},{"floor":13.0,"key":"Unceasing Top"},{"floor":26.0,"key":"Vajra"},{"floor":26.0,"key":"Toy Ornithopter"},{"floor":28.0,"key":"Bag of Marbles"},{"floor":30.0,"key":"Bottled Flame"},{"floor":41.0,"key":"The Courier"},{"floor":43.0,"key":"Art of War"},{"floor":46.0,"key":"Lantern"},{"floor":47.0,"key":"StoneCalendar"},{"floor":48.0,"key":"Strawberry"},{"floor":55.0,"key":"HornCleat"}],"event_choices":[{"damage_healed":0.0,"max_hp_gain":0.0,"max_hp_loss":0.0,"gold_gain":0.0,"event_name":"Scrap Ooze","player_choice":"Success","floor":2.0,"gold_loss":0.0,"damage_taken":11.0,"relics_obtained":["InkBottle"]},{"damage_healed":0.0,"max_hp_gain":0.0,"max_hp_loss":0.0,"gold_gain":0.0,"event_name":"Lab","player_choice":"Got Potions","floor":11.0,"gold_loss":0.0,"damage_taken":0.0},{"damage_healed":0.0,"max_hp_gain":0.0,"max_hp_loss":0.0,"gold_gain":0.0,"event_name":"Nest","player_choice":"Joined the Cult","floor":19.0,"gold_loss":0.0,"damage_taken":6.0,"cards_obtained":["RitualDagger"]},{"damage_healed":0.0,"max_hp_gain":0.0,"max_hp_loss":37.0,"gold_gain":0.0,"event_name":"Ghosts","player_choice":"Became a Ghost","floor":20.0,"gold_loss":0.0,"damage_taken":0.0,"cards_obtained":["Ghostly","Ghostly","Ghostly"]},{"damage_healed":0.0,"max_hp_gain":0.0,"max_hp_loss":0.0,"gold_gain":0.0,"event_name":"The Mausoleum","player_choice":"Opened","floor":21.0,"gold_loss":0.0,"damage_taken":0.0,"relics_obtained":["Matryoshka"],"cards_obtained":["Writhe"]},{"damage_healed":0.0,"max_hp_gain":0.0,"max_hp_loss":0.0,"gold_gain":275.0,"event_name":"Golden Shrine","player_choice":"Desecrate","floor":22.0,"gold_loss":0.0,"damage_taken":0.0,"cards_obtained":["Regret"]},{"damage_healed":0.0,"max_hp_gain":0.0,"max_hp_loss":0.0,"gold_gain":0.0,"event_name":"Drug Dealer","player_choice":"Obtain J.A.X.","floor":31.0,"gold_loss":0.0,"damage_taken":0.0,"cards_obtained":["J.A.X."]},{"cards_removed":["Endless Agony"],"damage_healed":0.0,"max_hp_gain":0.0,"max_hp_loss":0.0,"gold_gain":0.0,"event_name":"Falling","player_choice":"Removed Attack","floor":37.0,"gold_loss":0.0,"damage_taken":0.0},{"damage_healed":0.0,"max_hp_gain":0.0,"max_hp_loss":0.0,"gold_gain":275.0,"event_name":"Golden Shrine","player_choice":"Desecrate","floor":38.0,"gold_loss":0.0,"damage_taken":0.0,"cards_obtained":["Regret"]},{"damage_healed":0.0,"max_hp_gain":0.0,"max_hp_loss":0.0,"gold_gain":0.0,"event_name":"MindBloom","player_choice":"Fight","floor":47.0,"gold_loss":0.0,"damage_taken":0.0}],"is_beta":false,"boss_relics":[{"not_picked":["Cursed Key","Ring of the Serpent"],"picked":"Pandora\u0027s Box"},{"not_picked":["HoveringKite","Astrolabe"],"picked":"Busted Crown"}],"items_purged_floors":[3,29,45,54],"is_endless":false,"potions_floor_spawned":[1,7,10,13,18,27,33,35,46,48,55],"ascension_level":20}}