{"host":"sc0o2qwpf9j16a4i","time":1612452794,"event":{"mods":["AchievementEnabler","BaseMod","BetterRewards","Block Reminder","Colored Map","Colored Powertips","Custom Start","Highlight Path","Minty Spire (QoL Compilation)","Relic Stats"],"gold_per_floor":[116,191,141,83,94,120,132,151,178,192,210,243,243,266,266,367,367,383,383,383,298,0,31,64,81,81,106,121,154,154,185,185,287,287,305,355,374,392,392,392,422,105,179,35,84,119,134,145,145,145],"floor_reached":51,"language":"ENG","playtime":1250,"items_purged":[],"score":1318,"play_id":"eb04665e-e6fd-43b8-8ed1-b1c16bbd534b","local_time":"20210204173314","daily_mods":["Draft","Colorless Cards","Lethality"],"is_ascension_mode":false,"campfire_choices":[{"data":"Terror","floor":15,"key":"SMITH"},{"data":"A Thousand Cuts","floor":30,"key":"SMITH"},{"data":"Accuracy","floor":32,"key":"SMITH"},{"data":"Discovery","floor":40,"key":"SMITH"},{"data":"1","floor":49,"key":"LIFT"}],"circlet_count":0,"master_deck":["Blade Dance","Distraction","Slice+1","Dagger Throw+1","Dagger Throw","Terror+1","Blade Dance","Trip","Blade Dance","Deflect","Blade Dance","Dark Shackles","Slice","Backstab","Cloak And Dagger","Glass Knife","Accuracy+1","Cloak And Dagger","Good Instincts","Endless Agony","A Thousand Cuts+1","Corpse Explosion","Prepared+1","Finisher","CurseOfTheBell","Master of Strategy","Cloak And Dagger+1","Blind","Impatience","Discovery+1","Blade Dance+1","Apotheosis","Well Laid Plans+1","Finisher","Dagger Throw+1"],"relics":["Ring of the Snake","Toy Ornithopter","Pen Nib","Strawberry","Mercury Hourglass","WingedGreaves","Odd Mushroom","SacredBark","Nilry\u0027s Codex","Question Card","Medical Kit","Anchor","MealTicket","Lantern","Sundial","Dream Catcher","Thread and Needle","HornCleat","Calling Bell","Art of War","Meat on the Bone","Gambling Chip","Lizard Tail","Whetstone","ClockworkSouvenir","Eternal Feather","Akabeko","Girya","Blue Candle"],"acts_visited":["Exordium","TheCity","TheBeyond"],"potions_floor_usage":[16,24,36,46,46,46,46,50,50],"damage_taken":[{"damage":0,"enemies":"Jaw Worm","floor":1,"turns":1},{"damage":0,"enemies":"2 Louse","floor":5,"turns":1},{"damage":0,"enemies":"Gremlin Nob","floor":6,"turns":1},{"damage":0,"enemies":"Small Slimes","floor":7,"turns":1},{"damage":0,"enemies":"Blue Slaver","floor":8,"turns":1},{"damage":0,"enemies":"Exordium Thugs","floor":10,"turns":1},{"damage":0,"enemies":"2 Fungi Beasts","floor":11,"turns":1},{"damage":0,"enemies":"Lagavulin","floor":12,"turns":2},{"damage":0,"enemies":"The Mushroom Lair","floor":14,"turns":2},{"damage":0,"enemies":"Slime Boss","floor":16,"turns":2},{"damage":0,"enemies":"Spheric Guardian","floor":18,"turns":1},{"damage":0,"enemies":"Gremlin Leader","floor":23,"turns":3},{"damage":0,"enemies":"Slavers","floor":24,"turns":3},{"damage":0,"enemies":"Shell Parasite","floor":25,"turns":1},{"damage":0,"enemies":"Snecko","floor":28,"turns":2},{"damage":0,"enemies":"Book of Stabbing","floor":29,"turns":1},{"damage":0,"enemies":"Slavers","floor":31,"turns":3},{"damage":0,"enemies":"Collector","floor":33,"turns":3},{"damage":0,"enemies":"Orb Walker","floor":35,"turns":1},{"damage":0,"enemies":"Mind Bloom Boss Battle","floor":36,"turns":4},{"damage":0,"enemies":"3 Darklings","floor":37,"turns":1},{"damage":0,"enemies":"Writhing Mass","floor":38,"turns":3},{"damage":0,"enemies":"Giant Head","floor":41,"turns":3},{"damage":0,"enemies":"2 Orb Walkers","floor":45,"turns":2},{"damage":6,"enemies":"Reptomancer","floor":46,"turns":3},{"damage":0,"enemies":"4 Shapes","floor":47,"turns":2},{"damage":0,"enemies":"Jaw Worm Horde","floor":48,"turns":1},{"damage":0,"enemies":"Donu and Deca","floor":50,"turns":3}],"seed_played":"388296793622671633","potions_obtained":[{"floor":5,"key":"GhostInAJar"},{"floor":6,"key":"Block Potion"},{"floor":10,"key":"Strength Potion"},{"floor":24,"key":"BlessingOfTheForge"},{"floor":25,"key":"Energy Potion"},{"floor":38,"key":"EntropicBrew"},{"floor":46,"key":"Swift Potion"},{"floor":48,"key":"CunningPotion"}],"is_trial":true,"path_per_floor":["M","?","?","?","M","E","M","M","T","M","M","E","?","?","R","B",null,"M","?","?","?","$","E","E","M","T","T","M","E","R","E","R","B",null,"M","?","M","M","?","R","E","$","T","$","?","E","M","M","R","B",null],"character_chosen":"THE_SILENT","items_purchased":["Medical Kit","Anchor","Apotheosis","ClockworkSouvenir","Akabeko"],"campfire_rested":0,"item_purchase_floors":[22,22,42,42,44],"current_hp_per_floor":[70,59,59,59,59,59,59,59,66,66,66,66,54,54,54,59,77,77,61,61,61,61,61,66,66,66,66,66,66,66,66,66,66,77,77,77,77,77,67,67,67,77,77,77,77,71,71,71,77,77],"gold":145,"neow_bonus":"","is_daily":false,"chose_seed":false,"campfire_upgraded":4,"win_rate":0.0,"timestamp":1612452794,"path_taken":["M","?","?","?","M","E","M","?","T","M","M","E","?","?","R","BOSS","M","?","?","?","$","E","E","M","T","?","?","E","R","E","R","BOSS","M","?","M","M","?","R","E","?","T","$","?","E","M","M","R","BOSS"],"items_purchased_type":["Relic","Relic","Card","Relic","Relic"],"build_version":"2020-12-22","purchased_purges":0,"victory":true,"max_hp_per_floor":[70,70,70,70,70,70,70,70,77,77,77,77,77,77,77,77,77,77,77,77,77,77,77,77,77,77,77,77,77,77,77,77,77,77,77,77,77,77,77,77,77,77,77,77,77,77,77,77,77,77],"relic_stats":{"counters":[28,51],"Blue Candle":[0],"Eternal Feather":6,"Pen Nib":[23],"Whetstone":["Slice","Dagger Throw"],"Question Card":20,"Medical Kit":[0],"Mercury Hourglass":[193],"Dream Catcher":0,"Lizard Tail":0,"Sundial":[0],"Gambling Chip":[24],"MealTicket":10,"Art of War":[2],"obtain_stats":[{"Lantern":24,"Nilry\u0027s Codex":19,"SacredBark":17,"Whetstone":41,"ClockworkSouvenir":42,"Dream Catcher":27,"Lizard Tail":36,"HornCleat":31,"Sundial":26,"Strawberry":9,"Gambling Chip":34,"MealTicket":23,"WingedGreaves":13,"Ring of the Snake":0,"Girya":45,"Blue Candle":46,"Thread and Needle":29,"Eternal Feather":43,"Pen Nib":6,"Odd Mushroom":14,"Question Card":21,"Medical Kit":22,"Akabeko":44,"Mercury Hourglass":12,"Calling Bell":34,"Anchor":22,"Art of War":34,"Toy Ornithopter":4,"Meat on the Bone":34},{"Lantern":13,"Nilry\u0027s Codex":11,"SacredBark":10,"Whetstone":23,"ClockworkSouvenir":23,"Dream Catcher":14,"Lizard Tail":20,"HornCleat":17,"Sundial":14,"Strawberry":5,"Gambling Chip":18,"MealTicket":12,"WingedGreaves":8,"Ring of the Snake":0,"Girya":24,"Blue Candle":25,"Thread and Needle":16,"Eternal Feather":23,"Pen Nib":3,"Odd Mushroom":9,"Question Card":11,"Medical Kit":11,"Akabeko":23,"Mercury Hourglass":8,"Calling Bell":18,"Anchor":11,"Art of War":18,"Toy Ornithopter":1,"Meat on the Bone":18},{"Lantern":19,"Nilry\u0027s Codex":14,"SacredBark":13,"Whetstone":40,"ClockworkSouvenir":40,"Dream Catcher":20,"Lizard Tail":33,"HornCleat":25,"Sundial":20,"Strawberry":5,"Gambling Chip":28,"MealTicket":17,"WingedGreaves":9,"Ring of the Snake":0,"Girya":42,"Blue Candle":45,"Thread and Needle":23,"Eternal Feather":40,"Pen Nib":3,"Odd Mushroom":11,"Question Card":14,"Medical Kit":14,"Akabeko":40,"Mercury Hourglass":9,"Calling Bell":28,"Anchor":14,"Art of War":28,"Toy Ornithopter":1,"Meat on the Bone":28}],"Toy Ornithopter":10,"Ring of the Snake":[58],"Meat on the Bone":0},"card_choices":[{"not_picked":["Reflex","Underhanded Strike"],"picked":"Blade Dance","floor":0},{"not_picked":["Outmaneuver","Flechettes"],"picked":"Distraction","floor":0},{"not_picked":["Acrobatics","Outmaneuver"],"picked":"Slice","floor":0},{"not_picked":["Riddle With Holes","Poisoned Stab"],"picked":"Dagger Throw","floor":0},{"not_picked":["Underhanded Strike","Eviscerate"],"picked":"Dagger Throw","floor":0},{"not_picked":["Prepared","Bane"],"picked":"Terror","floor":0},{"not_picked":["Bane","PiercingWail"],"picked":"Blade Dance","floor":0},{"not_picked":["Backflip","Finesse"],"picked":"Trip","floor":0},{"not_picked":["Distraction","Impatience"],"picked":"Blade Dance","floor":0},{"not_picked":["Dodge and Roll","Blade Dance"],"picked":"Deflect","floor":0},{"not_picked":["Backflip","Sucker Punch"],"picked":"Blade Dance","floor":0},{"not_picked":["Bouncing Flask","Leg Sweep"],"picked":"Noxious Fumes","floor":0},{"not_picked":["Quick Slash","Dagger Throw"],"picked":"Dark Shackles","floor":0},{"not_picked":["Acrobatics","Skewer"],"picked":"Slice","floor":0},{"not_picked":["Poisoned Stab","Heel Hook"],"picked":"Backstab","floor":0},{"not_picked":["PiercingWail","Bane"],"picked":"Cloak And Dagger","floor":1},{"not_picked":["Sucker Punch","Acrobatics","Predator"],"picked":"SKIP","floor":5},{"not_picked":["Dodge and Roll","Trip"],"picked":"Glass Knife","floor":6},{"not_picked":["Underhanded Strike","Dodge and Roll","Mind Blast"],"picked":"SKIP","floor":7},{"not_picked":["Acrobatics","Prepared"],"picked":"Accuracy","floor":8},{"not_picked":["Deadly Poison","Poisoned Stab","Bane"],"picked":"SKIP","floor":10},{"not_picked":["Riddle With Holes","Setup"],"picked":"Cloak And Dagger","floor":11},{"not_picked":["Deadly Poison","Deflect"],"picked":"Good Instincts","floor":12},{"not_picked":["Bane","Cloak And Dagger"],"picked":"Endless Agony","floor":14},{"not_picked":["Bullet Time","Night Terror"],"picked":"A Thousand Cuts","floor":16},{"not_picked":["Dodge and Roll","Quick Slash","Expertise+1"],"picked":"SKIP","floor":18},{"not_picked":["Sucker Punch","Flying Knee","Bouncing Flask","Dash+1"],"picked":"SKIP","floor":23},{"not_picked":["Distraction","Underhanded Strike","PiercingWail"],"picked":"Corpse Explosion","floor":24},{"not_picked":["Deadly Poison+1","Well Laid Plans","Expertise+1"],"picked":"Prepared+1","floor":25},{"not_picked":["Panacea","Flying Knee","Dagger Throw"],"picked":"Finisher","floor":28},{"not_picked":["Quick Slash","Sucker Punch","Magnetism","Jack Of All Trades"],"picked":"SKIP","floor":29},{"not_picked":["Noxious Fumes","Dagger Throw","Trip","Backflip+1"],"picked":"SKIP","floor":31},{"not_picked":["Tactician","Backflip+1","Poisoned Stab","Riddle With Holes"],"picked":"SKIP","floor":35},{"not_picked":["Deadly Poison+1","Dagger Spray+1","Distraction+1"],"picked":"Master of Strategy","floor":37},{"not_picked":["Dagger Throw","Masterful Stab","Dash+1"],"picked":"Cloak And Dagger+1","floor":38},{"not_picked":["Bandage Up","Metamorphosis","Dramatic Entrance"],"picked":"Blind","floor":39},{"not_picked":["Purity","Mind Blast","Magnetism"],"picked":"Impatience","floor":39},{"not_picked":["The Bomb","Purity","Trip"],"picked":"Discovery","floor":39},{"not_picked":["Bane+1","Bouncing Flask","Deadly Poison"],"picked":"Blade Dance+1","floor":41},{"not_picked":["Magnetism","Blind","Underhanded Strike"],"picked":"Well Laid Plans+1","floor":46},{"not_picked":["Dagger Spray","Heel Hook+1","Mind Blast"],"picked":"Finisher","floor":47},{"not_picked":["Dagger Spray","Distraction","Acrobatics"],"picked":"Dagger Throw+1","floor":48}],"player_experience":1189202,"relics_obtained":[{"floor":6,"key":"Pen Nib"},{"floor":9,"key":"Strawberry"},{"floor":12,"key":"Mercury Hourglass"},{"floor":14,"key":"Odd Mushroom"},{"floor":19,"key":"Nilry\u0027s Codex"},{"floor":23,"key":"MealTicket"},{"floor":24,"key":"Lantern"},{"floor":26,"key":"Sundial"},{"floor":27,"key":"Dream Catcher"},{"floor":29,"key":"Thread and Needle"},{"floor":31,"key":"HornCleat"},{"floor":34,"key":"Art of War"},{"floor":34,"key":"Meat on the Bone"},{"floor":34,"key":"Gambling Chip"},{"floor":36,"key":"Lizard Tail"},{"floor":41,"key":"Whetstone"},{"floor":43,"key":"Eternal Feather"},{"floor":45,"key":"Girya"},{"floor":46,"key":"Blue Candle"}],"event_choices":[{"damage_healed":0,"gold_gain":75,"player_choice":"Gather Gold","damage_taken":11,"max_hp_gain":0,"max_hp_loss":0,"event_name":"World of Goop","floor":2,"gold_loss":0},{"cards_removed":["Noxious Fumes"],"damage_healed":0,"gold_gain":0,"player_choice":"Card Removal","damage_taken":0,"max_hp_gain":0,"max_hp_loss":0,"event_name":"The Cleric","floor":3,"gold_loss":50},{"damage_healed":0,"gold_gain":0,"player_choice":"Paid Gold","damage_taken":0,"relics_obtained":["Toy Ornithopter"],"max_hp_gain":0,"max_hp_loss":0,"event_name":"WeMeetAgain","floor":4,"gold_loss":58},{"damage_healed":0,"gold_gain":0,"player_choice":"Success","damage_taken":12,"relics_obtained":["WingedGreaves"],"max_hp_gain":0,"max_hp_loss":0,"event_name":"Scrap Ooze","floor":13,"gold_loss":0},{"damage_healed":0,"gold_gain":0,"player_choice":"Fought Mushrooms","damage_taken":0,"max_hp_gain":0,"max_hp_loss":0,"event_name":"Mushrooms","floor":14,"gold_loss":0},{"damage_healed":0,"gold_gain":0,"player_choice":"Obtained Book","damage_taken":16,"max_hp_gain":0,"max_hp_loss":0,"event_name":"Cursed Tome","floor":19,"gold_loss":0},{"damage_healed":0,"gold_gain":0,"player_choice":"Ignored","damage_taken":0,"max_hp_gain":0,"max_hp_loss":0,"event_name":"Beggar","floor":20,"gold_loss":0},{"damage_healed":0,"gold_gain":0,"player_choice":"Obtained Relic","damage_taken":0,"relics_obtained":["Question Card"],"max_hp_gain":0,"max_hp_loss":0,"event_name":"Addict","floor":21,"gold_loss":85},{"damage_healed":0,"gold_gain":0,"player_choice":"Fight","damage_taken":0,"max_hp_gain":0,"max_hp_loss":0,"event_name":"MindBloom","floor":36,"gold_loss":0},{"damage_healed":0,"gold_gain":0,"player_choice":"Memory 3","damage_taken":10,"max_hp_gain":0,"max_hp_loss":0,"event_name":"SensoryStone","floor":39,"gold_loss":0},{"damage_healed":0,"gold_gain":0,"player_choice":"Fight","damage_taken":0,"max_hp_gain":0,"max_hp_loss":0,"event_name":"Mysterious Sphere","floor":45,"gold_loss":0}],"is_beta":false,"boss_relics":[{"not_picked":["Runic Dome","Philosopher\u0027s Stone"],"picked":"SacredBark"},{"not_picked":["Tiny House","HoveringKite"],"picked":"Calling Bell"}],"items_purged_floors":[],"is_endless":false,"potions_floor_spawned":[5,6,10,11,14,24,25,29,31,38,46,47,48],"ascension_level":0}}