{"host":"5mo0809oo9tcrmpl","time":1612407013,"event":{"mods":["BaseMod","Highlight Path","Minty Spire (QoL Compilation)","Relic Stats","Slay the Relics Exporter"],"gold_per_floor":[115,115,125,143,162,181,199,199,199],"floor_reached":8,"language":"ENG","playtime":344,"items_purged":[],"score":104,"play_id":"60090239-697d-4d1e-bd72-ca6ae0b8d08d","local_time":"20210203205013","is_ascension_mode":true,"campfire_choices":[],"circlet_count":0,"master_deck":["AscendersBane","Strike_R","Strike_R","Strike_R","Strike_R","Strike_R","Defend_R","Defend_R","Defend_R","Defend_R","Bash","Metallicize","Flex","Metallicize","Perfected Strike"],"relics":["Burning Blood"],"acts_visited":["Exordium"],"potions_floor_usage":[6,6],"damage_taken":[{"damage":3,"enemies":"2 Louse","floor":1,"turns":4},{"damage":11,"enemies":"Small Slimes","floor":3,"turns":5},{"damage":16,"enemies":"Jaw Worm","floor":4,"turns":4},{"damage":34,"enemies":"Large Slime","floor":5,"turns":9},{"damage":27,"enemies":"Gremlin Gang","floor":6,"turns":5},{"damage":1,"enemies":"Exordium Wildlife","floor":7,"turns":4},{"damage":23,"enemies":"Gremlin Nob","floor":8,"turns":3}],"seed_played":"-4027483186245513960","potions_obtained":[{"floor":1,"key":"Strength Potion"},{"floor":3,"key":"Strength Potion"}],"is_trial":false,"path_per_floor":["M","?","M","M","M","M","M","E"],"character_chosen":"IRONCLAD","items_purchased":[],"campfire_rested":0,"item_purchase_floors":[],"current_hp_per_floor":[78,78,73,63,35,14,19,0,0],"gold":199,"neow_bonus":"TEN_PERCENT_HP_BONUS","is_daily":false,"chose_seed":false,"campfire_upgraded":0,"win_rate":0.0,"timestamp":1612407013,"path_taken":["M","?","M","M","M","M","M","E"],"items_purchased_type":[],"build_version":"2020-12-22","purchased_purges":0,"victory":false,"max_hp_per_floor":[82,82,82,82,82,82,82,82,82],"relic_stats":{"counters":[7,34],"obtain_stats":[{"Burning Blood":0},{"Burning Blood":0},{"Burning Blood":0}],"Burning Blood":36},"card_choices":[{"not_picked":["Clash","Pummel"],"picked":"Metallicize","floor":1},{"not_picked":["Havoc","Power Through","Rupture"],"picked":"SKIP","floor":3},{"not_picked":["Dual Wield","Thunderclap"],"picked":"Flex","floor":4},{"not_picked":["Anger","Dark Embrace"],"picked":"Metallicize","floor":5},{"not_picked":["Wild Strike","Hemokinesis"],"picked":"Perfected Strike","floor":6},{"not_picked":["Combust","Wild Strike","Sever Soul"],"picked":"SKIP","floor":7}],"player_experience":1236871,"relics_obtained":[],"event_choices":[{"damage_healed":0,"gold_gain":0,"player_choice":"Ignored","damage_taken":0,"max_hp_gain":0,"max_hp_loss":0,"event_name":"Liars Game","floor":2,"gold_loss":0}],"is_beta":false,"boss_relics":[],"items_purged_floors":[],"is_endless":false,"potions_floor_spawned":[1,3],"killed_by":"Gremlin Nob","ascension_level":20}}