{"host":"2cg6xoexl1he7zus","time":1612414272,"event":{"mods":["AchievementEnabler","BaseMod","Colored Map","KOR Keyword Fix","Minty Spire (QoL Compilation)","Quick Restart","StSLib","SuperFastMode","everything is the same but u backflip on backflip"],"gold_per_floor":[111,111,261,279,279,313,37,37,37,48,64,64,39,58,58,58,58],"floor_reached":16,"language":"KOR","playtime":331,"items_purged":[],"score":225,"play_id":"39c4cc10-e579-45a5-942f-69cfe67aa1d9","local_time":"20210204135112","is_ascension_mode":true,"campfire_choices":[{"data":"Wild Strike","floor":12,"key":"SMITH"},{"data":"Flex","floor":15,"key":"SMITH"}],"circlet_count":0,"master_deck":["AscendersBane","Strike_R+1","Strike_R","Strike_R","Strike_R","Strike_R","Defend_R","Defend_R+1","Defend_R","Defend_R","Bash","Fire Breathing+1","Doubt","Shockwave","Combust","Wild Strike+1","Disarm","Shrug It Off","Flex+1"],"relics":["Burning Blood","NeowsBlessing","Dream Catcher","Gremlin Horn","White Beast Statue"],"acts_visited":[],"potions_floor_usage":[11,14,14],"damage_taken":[{"damage":0,"enemies":"Jaw Worm","floor":1,"turns":1},{"damage":0,"enemies":"Small Slimes","floor":4,"turns":1},{"damage":0,"enemies":"Gremlin Nob","floor":6,"turns":1},{"damage":9,"enemies":"2 Louse","floor":10,"turns":2},{"damage":21,"enemies":"Large Slime","floor":11,"turns":4},{"damage":34,"enemies":"Gremlin Gang","floor":14,"turns":3},{"damage":38,"enemies":"Hexaghost","floor":16,"turns":9}],"seed_played":"-4945345814625782724","potions_obtained":[{"floor":4,"key":"Block Potion"},{"floor":10,"key":"BloodPotion"},{"floor":11,"key":"Energy Potion"},{"floor":14,"key":"Fruit Juice"}],"is_trial":false,"path_per_floor":["M","?","?","M","?","E","$","?","T","M","M","R","$","M","R","B"],"character_chosen":"IRONCLAD","items_purchased":["Gremlin Horn","Shrug It Off"],"campfire_rested":0,"item_purchase_floors":[7,13],"current_hp_per_floor":[74,79,79,80,56,62,62,62,62,59,44,44,44,37,37,0,0],"gold":58,"neow_bonus":"THREE_ENEMY_KILL","is_daily":false,"chose_seed":false,"campfire_upgraded":2,"win_rate":0.0,"timestamp":1612414272,"path_taken":["M","?","?","M","?","E","$","?","T","?","?","R","?","M","R","BOSS"],"items_purchased_type":["Relic","Card"],"build_version":"2020-12-22","purchased_purges":0,"victory":false,"max_hp_per_floor":[75,80,80,80,80,80,80,80,80,80,80,80,80,85,85,85,85],"card_choices":[{"not_picked":["Perfected Strike","Warcry"],"picked":"Fire Breathing","floor":1},{"not_picked":["Heavy Blade","Anger"],"picked":"Shockwave","floor":4},{"not_picked":["Bloodletting","Iron Wave"],"picked":"Combust","floor":6},{"not_picked":["Rage","Armaments"],"picked":"Wild Strike","floor":10},{"not_picked":["Twin Strike","Sword Boomerang"],"picked":"Disarm","floor":11},{"not_picked":["Limit Break","Searing Blow"],"picked":"Flex","floor":14}],"player_experience":268655,"relics_obtained":[{"floor":6,"key":"Dream Catcher"},{"floor":9,"key":"White Beast Statue"}],"event_choices":[{"damage_healed":0,"gold_gain":0,"player_choice":"Donut","damage_taken":0,"max_hp_gain":5,"max_hp_loss":0,"event_name":"Big Fish","floor":2,"gold_loss":0},{"damage_healed":0,"gold_gain":150,"player_choice":"AGREE","damage_taken":0,"max_hp_gain":0,"max_hp_loss":0,"event_name":"Liars Game","floor":3,"gold_loss":0,"cards_obtained":["Doubt"]},{"damage_healed":0,"gold_gain":0,"player_choice":"Entered Light","damage_taken":24,"max_hp_gain":0,"max_hp_loss":0,"event_name":"Shining Light","floor":5,"gold_loss":0,"cards_upgraded":["Defend_R","Strike_R"]},{"damage_healed":0,"gold_gain":0,"player_choice":"Forge","damage_taken":0,"max_hp_gain":0,"max_hp_loss":0,"event_name":"Accursed Blacksmith","floor":8,"gold_loss":0,"cards_upgraded":["Fire Breathing"]}],"is_beta":false,"boss_relics":[],"items_purged_floors":[],"is_endless":false,"potions_floor_spawned":[4,10,11,14],"killed_by":"Hexaghost","ascension_level":16}}