{"host":"2yqfi47fogfu1ic4","time":1612458077,"event":{"mods":["AchievementEnabler","BaseMod","Colored Map","Colored Powertips","Highlight Path","Minty Spire (QoL Compilation)","Permanent Neow","Relic Stats","StSLib"],"gold_per_floor":[169,169,14,27,37,37,56,87,87,87,98,98,127,139,139,215,215,231,231,241,288,303,303,303,228,228,228,228,128,138,13,13,91,91,107,107,120,120,120,120,151,168,168,188,236,236,236],"floor_reached":46,"language":"DEU","playtime":2787,"items_purged":["Pain","Strike_G","Strike_G"],"score":916,"play_id":"6c73f919-2852-4de9-9c01-a008bd3c9854","local_time":"20210204180117","is_ascension_mode":true,"campfire_choices":[{"data":"Blade Dance","floor":6.0,"key":"SMITH"},{"data":"Choke","floor":10.0,"key":"SMITH"},{"data":"Strike_G","floor":12.0,"key":"PURGE"},{"data":"Accuracy","floor":15.0,"key":"SMITH"},{"data":"Strike_G","floor":23.0,"key":"PURGE"},{"data":"Strike_G","floor":27.0,"key":"PURGE"},{"data":"Cloak And Dagger","floor":32,"key":"SMITH"},{"data":"Wraith Form v2","floor":40,"key":"SMITH"}],"circlet_count":0,"master_deck":["AscendersBane","Defend_G","Defend_G","Defend_G","Defend_G","Defend_G","Survivor","Neutralize+1","Flying Knee","Blur","Dagger Throw","Backflip","Blade Dance+1","Slice","Slice","Choke+1","Reflex","Dagger Spray","Accuracy+1","Storm of Steel","Necronomicurse","Cloak And Dagger+1","Reflex","Cloak And Dagger+1","Wraith Form v2+1","Cloak And Dagger","Acrobatics","Backflip","Accuracy"],"relics":["Tiny House","WarpedTongs","Peace Pipe","Gambling Chip","Kunai","Coffee Dripper","Necronomicon","Eternal Feather","WristBlade","Blue Candle","White Beast Statue","Darkstone Periapt","TungstenRod"],"acts_visited":["Exordium","TheCity","TheBeyond"],"potions_floor_usage":[41,44,46,46],"damage_taken":[{"damage":7.0,"enemies":"Jaw Worm","floor":1.0,"turns":4.0},{"damage":0.0,"enemies":"Cultist","floor":4.0,"turns":3.0},{"damage":2.0,"enemies":"2 Louse","floor":5.0,"turns":4.0},{"damage":20.0,"enemies":"Exordium Thugs","floor":7.0,"turns":4.0},{"damage":13.0,"enemies":"Lagavulin","floor":8.0,"turns":9.0},{"damage":0.0,"enemies":"2 Fungi Beasts","floor":11.0,"turns":3.0},{"damage":9.0,"enemies":"3 Sentries","floor":13.0,"turns":8.0},{"damage":7.0,"enemies":"3 Louse","floor":14.0,"turns":2.0},{"damage":5.0,"enemies":"Slime Boss","floor":16.0,"turns":4.0},{"damage":0.0,"enemies":"Spheric Guardian","floor":18.0,"turns":3.0},{"damage":0.0,"enemies":"Chosen","floor":20.0,"turns":2.0},{"damage":0.0,"enemies":"3 Cultists","floor":22.0,"turns":4.0},{"damage":5.0,"enemies":"Shelled Parasite and Fungi","floor":30.0,"turns":3.0},{"damage":32,"enemies":"Automaton","floor":33,"turns":8},{"damage":0,"enemies":"Orb Walker","floor":35,"turns":3},{"damage":0,"enemies":"3 Darklings","floor":37,"turns":6},{"damage":64,"enemies":"Reptomancer","floor":41,"turns":5},{"damage":0,"enemies":"Transient","floor":42,"turns":6},{"damage":0,"enemies":"Maw","floor":44,"turns":5},{"damage":0,"enemies":"2 Orb Walkers","floor":45,"turns":4},{"damage":37,"enemies":"Giant Head","floor":46,"turns":6}],"seed_played":"-8047446374698650537","potions_obtained":[{"floor":0.0,"key":"Poison Potion"},{"floor":5.0,"key":"LiquidMemories"},{"floor":8.0,"key":"DistilledChaos"},{"floor":13.0,"key":"Strength Potion"},{"floor":16.0,"key":"Block Potion"},{"floor":22.0,"key":"Block Potion"},{"floor":30.0,"key":"SteroidPotion"},{"floor":33,"key":"FearPotion"},{"floor":36,"key":"Regen Potion"},{"floor":41,"key":"Fire Potion"},{"floor":42,"key":"Dexterity Potion"},{"floor":44,"key":"BlessingOfTheForge"}],"is_trial":false,"path_per_floor":["M","?","$","M","M","R","M","E","T","R","M","R","E","M","R","B",null,"M","?","M","T","M","R","?","?","T","R","?","$","M","$","R","B",null,"M","?","M","$","T","R","E","M","T","M","?","E"],"character_chosen":"THE_SILENT","items_purchased":["Dagger Throw","Backflip"],"campfire_rested":0,"item_purchase_floors":[3,3],"current_hp_per_floor":[57,57,57,57,55,55,35,22,22,22,22,22,13,6,6,1,54,54,33,33,33,33,33,33,33,33,48,48,48,43,43,55,23,59,59,59,59,59,59,71,7,7,7,21,21,0,0],"gold":236,"neow_bonus":"BOSS_RELIC","is_daily":false,"chose_seed":false,"campfire_upgraded":5,"win_rate":0.0,"timestamp":1612458077,"path_taken":["M","?","$","M","M","R","?","E","T","R","M","R","E","M","R","BOSS","M","?","M","?","M","R","?","?","T","R","?","$","?","?","R","BOSS","M","?","M","$","?","R","E","M","T","?","?","E"],"items_purchased_type":["Card","Card"],"build_version":"2020-12-22","purchased_purges":3,"victory":false,"max_hp_per_floor":[71,71,71,71,71,71,71,71,71,71,71,71,71,71,71,71,71,71,71,71,71,71,71,71,71,71,71,71,71,71,71,71,71,71,71,71,71,71,71,71,71,71,71,71,71,71,71],"relic_stats":{"Peace Pipe":3,"Darkstone Periapt":0,"counters":[21,96],"Gambling Chip":[32],"Blue Candle":[0],"Eternal Feather":39,"Necronomicon":[15],"Kunai":[67],"obtain_stats":[{"Darkstone Periapt":43,"Tiny House":0,"Blue Candle":39,"Eternal Feather":26,"White Beast Statue":41,"WarpedTongs":2,"Peace Pipe":8,"WristBlade":34,"Gambling Chip":9,"Coffee Dripper":17,"Necronomicon":19,"Kunai":13,"TungstenRod":45,"Ring of the Snake":0},{"Darkstone Periapt":18,"Tiny House":0,"Blue Candle":16,"Eternal Feather":12,"White Beast Statue":17,"WarpedTongs":1,"Peace Pipe":5,"WristBlade":14,"Gambling Chip":5,"Coffee Dripper":9,"Necronomicon":10,"Kunai":7,"TungstenRod":20,"Ring of the Snake":0},{"Darkstone Periapt":81,"Tiny House":0,"Blue Candle":70,"Eternal Feather":50,"White Beast Statue":75,"WarpedTongs":4,"Peace Pipe":24,"WristBlade":61,"Gambling Chip":24,"Coffee Dripper":41,"Necronomicon":44,"Kunai":35,"TungstenRod":90,"Ring of the Snake":0}],"TungstenRod":2,"WarpedTongs":[92]},"card_choices":[{"not_picked":["Dodge and Roll","Escape Plan"],"picked":"Flying Knee","floor":0.0},{"not_picked":["Deflect","Acrobatics"],"picked":"Blur","floor":1.0},{"not_picked":["Masterful Stab","Prepared"],"picked":"Blade Dance","floor":4.0},{"not_picked":["Tactician","Well Laid Plans"],"picked":"Slice","floor":5.0},{"not_picked":["Distraction","Sucker Punch"],"picked":"Slice","floor":7.0},{"not_picked":["PiercingWail","Tools of the Trade"],"picked":"Choke","floor":8.0},{"not_picked":["Deflect","Concentrate"],"picked":"Reflex","floor":11.0},{"not_picked":["Sucker Punch","Poisoned Stab"],"picked":"Dagger Spray","floor":13.0},{"not_picked":["Prepared","PiercingWail"],"picked":"Accuracy","floor":14.0},{"not_picked":["Grand Finale","Die Die Die"],"picked":"Storm of Steel","floor":16.0},{"not_picked":["Dagger Spray","Predator+1","Heel Hook+1"],"picked":"SKIP","floor":18.0},{"not_picked":["PiercingWail","Backflip"],"picked":"Cloak And Dagger","floor":20.0},{"not_picked":["Acrobatics","Bane"],"picked":"Reflex","floor":22.0},{"not_picked":["Expertise","Tactician"],"picked":"Cloak And Dagger+1","floor":30.0},{"not_picked":["Venomology","Corpse Explosion"],"picked":"Wraith Form v2","floor":33},{"not_picked":["Heel Hook","Skewer"],"picked":"Cloak And Dagger","floor":35},{"not_picked":["Dagger Throw","Backflip"],"picked":"Acrobatics","floor":37},{"not_picked":["Setup+1","Dodge and Roll+1"],"picked":"Backflip","floor":41},{"not_picked":["Underhanded Strike","Cloak And Dagger","Glass Knife"],"picked":"SKIP","floor":42},{"not_picked":["Finisher","Deflect"],"picked":"Accuracy","floor":44}],"player_experience":1624161,"relics_obtained":[{"floor":8.0,"key":"Peace Pipe"},{"floor":9.0,"key":"Gambling Chip"},{"floor":13.0,"key":"Kunai"},{"floor":19.0,"key":"Necronomicon"},{"floor":26.0,"key":"Eternal Feather"},{"floor":39,"key":"Blue Candle"},{"floor":41,"key":"White Beast Statue"},{"floor":43,"key":"Darkstone Periapt"},{"floor":45,"key":"TungstenRod"}],"event_choices":[{"damage_healed":0.0,"max_hp_gain":0.0,"max_hp_loss":0.0,"gold_gain":0.0,"event_name":"Accursed Blacksmith","player_choice":"Rummage","floor":2.0,"gold_loss":0.0,"damage_taken":0.0,"relics_obtained":["WarpedTongs"],"cards_obtained":["Pain"]},{"damage_healed":0.0,"max_hp_gain":0.0,"max_hp_loss":0.0,"gold_gain":0.0,"event_name":"Cursed Tome","player_choice":"Obtained Book","floor":19.0,"gold_loss":0.0,"damage_taken":21.0},{"damage_healed":0.0,"max_hp_gain":0.0,"max_hp_loss":0.0,"gold_gain":0.0,"event_name":"Forgotten Altar","player_choice":"Smashed Altar","floor":24.0,"gold_loss":0.0,"damage_taken":0.0,"cards_obtained":["Decay"]},{"cards_removed":["Decay"],"damage_healed":0.0,"max_hp_gain":0.0,"max_hp_loss":0.0,"gold_gain":0.0,"event_name":"Beggar","player_choice":"Gave Gold","floor":25.0,"gold_loss":75.0,"damage_taken":0.0},{"damage_healed":0.0,"max_hp_gain":0.0,"max_hp_loss":0.0,"gold_gain":0.0,"event_name":"Vampires","player_choice":"Ignored","floor":28.0,"gold_loss":0.0,"damage_taken":0.0},{"damage_healed":0,"gold_gain":0,"player_choice":"Got Potions","damage_taken":0,"max_hp_gain":0,"max_hp_loss":0,"event_name":"Lab","floor":36,"gold_loss":0},{"damage_healed":0,"gold_gain":0,"player_choice":"Fight","damage_taken":0,"max_hp_gain":0,"max_hp_loss":0,"event_name":"Mysterious Sphere","floor":45,"gold_loss":0}],"is_beta":false,"boss_relics":[{"not_picked":["Empty Cage","Philosopher\u0027s Stone"],"picked":"Coffee Dripper"},{"not_picked":["Runic Pyramid","Runic Dome"],"picked":"WristBlade"}],"items_purged_floors":[3,29,31],"is_endless":false,"potions_floor_spawned":[5,8,13,16,22,30,33,35,41,42,44,45],"killed_by":"Giant Head","ascension_level":20}}