{"host":"fdq5pmhluajjrf8d","time":1612400917,"event":{"mods":["BaseMod","Minty Spire (QoL Compilation)"],"gold_per_floor":[114,133,133,133,154,188,207,238,238,238,251,251,251,266,266,359,359,382,382,406,456,474,474,474,474],"floor_reached":24,"language":"ENG","playtime":1146,"items_purged":[],"score":419,"play_id":"2aad6519-51ef-4b5f-8bcd-e7582090bb80","local_time":"20210203200837","is_ascension_mode":true,"campfire_choices":[{"data":"Tantrum","floor":10,"key":"SMITH"},{"data":"CarveReality","floor":12,"key":"SMITH"},{"floor":15,"key":"REST"},{"data":"Establishment","floor":23,"key":"SMITH"}],"circlet_count":0,"master_deck":["AscendersBane","Strike_P","Strike_P","Strike_P","Strike_P","Defend_P+1","Defend_P","Defend_P","Defend_P","Eruption","Vigilance","Decay","ReachHeaven+1","BowlingBash","DeceiveReality","CarveReality+1","Tantrum+1","Establishment+1"],"relics":["PureWater","Golden Idol","Pantograph","Singing Bowl","TeardropLocket","SacredBark"],"acts_visited":["Exordium","TheCity"],"potions_floor_usage":[6,8,8,24,24],"damage_taken":[{"damage":0,"enemies":"Cultist","floor":1,"turns":4},{"damage":6,"enemies":"Jaw Worm","floor":2,"turns":3},{"damage":0,"enemies":"2 Louse","floor":5,"turns":3},{"damage":24,"enemies":"3 Sentries","floor":6,"turns":7},{"damage":0,"enemies":"2 Fungi Beasts","floor":7,"turns":2},{"damage":0,"enemies":"Gremlin Nob","floor":8,"turns":2},{"damage":0,"enemies":"Blue Slaver","floor":11,"turns":3},{"damage":3,"enemies":"Gremlin Gang","floor":14,"turns":4},{"damage":62,"enemies":"Hexaghost","floor":16,"turns":8},{"damage":21,"enemies":"3 Byrds","floor":18,"turns":4},{"damage":16,"enemies":"2 Thieves","floor":20,"turns":3},{"damage":19,"enemies":"Centurion and Healer","floor":22,"turns":7},{"damage":88,"enemies":"Book of Stabbing","floor":24,"turns":6}],"seed_played":"-223530276970482521","potions_obtained":[{"floor":1,"key":"Fire Potion"},{"floor":5,"key":"SteroidPotion"},{"floor":6,"key":"DistilledChaos"},{"floor":22,"key":"EntropicBrew"}],"is_trial":false,"path_per_floor":["M","M","$","?","M","E","M","E","T","R","M","R","?","M","R","B",null,"M","?","M","?","M","R","E"],"character_chosen":"WATCHER","items_purchased":[],"campfire_rested":1,"item_purchase_floors":[],"current_hp_per_floor":[73,67,67,67,67,43,43,43,43,43,45,45,23,22,44,7,59,40,56,42,42,25,25,0,0],"gold":474,"neow_bonus":"TWENTY_PERCENT_HP_BONUS","is_daily":false,"chose_seed":false,"campfire_upgraded":3,"win_rate":0.0,"timestamp":1612400917,"path_taken":["M","M","?","?","M","E","M","E","T","R","M","R","?","M","R","BOSS","M","?","M","?","?","R","E"],"items_purchased_type":[],"build_version":"2020-12-22","purchased_purges":0,"victory":false,"max_hp_per_floor":[80,80,80,72,72,72,72,72,72,72,74,74,74,76,76,76,76,78,78,80,80,82,82,82,82],"card_choices":[{"not_picked":["Consecrate","Crescendo"],"picked":"ReachHeaven","floor":1},{"not_picked":["SignatureMove","FlyingSleeves"],"picked":"BowlingBash","floor":2},{"not_picked":["ThirdEye","Weave","LikeWater"],"picked":"SKIP","floor":5},{"not_picked":["ClearTheMind","Halt"],"picked":"DeceiveReality","floor":6},{"not_picked":["Halt","Scrawl"],"picked":"CarveReality","floor":7},{"not_picked":["Prostrate","TalkToTheHand"],"picked":"Tantrum","floor":8},{"not_picked":["CarveReality","SashWhip","EmptyFist"],"picked":"Singing Bowl","floor":11},{"not_picked":["BattleHymn","Sanctity","FollowUp"],"picked":"Singing Bowl","floor":14},{"not_picked":["DeusExMachina","ConjureBlade"],"picked":"Establishment","floor":16},{"not_picked":["ReachHeaven","CutThroughFate","ThirdEye+1"],"picked":"Singing Bowl","floor":18},{"not_picked":["FlyingSleeves","PathToVictory","Swivel"],"picked":"Singing Bowl","floor":20},{"not_picked":["JustLucky","SignatureMove+1","ThirdEye"],"picked":"Singing Bowl","floor":22}],"player_experience":1969819,"relics_obtained":[{"floor":6,"key":"Pantograph"},{"floor":8,"key":"Singing Bowl"},{"floor":9,"key":"TeardropLocket"}],"event_choices":[{"damage_healed":0,"gold_gain":0,"player_choice":"Lose Max HP","damage_taken":0,"relics_obtained":["Golden Idol"],"max_hp_gain":0,"max_hp_loss":8,"event_name":"Golden Idol","floor":4,"gold_loss":0},{"damage_healed":0,"gold_gain":0,"player_choice":"Entered Light","damage_taken":22,"max_hp_gain":0,"max_hp_loss":0,"event_name":"Shining Light","floor":13,"gold_loss":0,"cards_upgraded":["ReachHeaven","Defend_P"]},{"damage_healed":16,"gold_gain":0,"player_choice":"Heal","damage_taken":0,"max_hp_gain":0,"max_hp_loss":0,"event_name":"The Library","floor":19,"gold_loss":0},{"damage_healed":0,"gold_gain":50,"player_choice":"Pray","damage_taken":0,"max_hp_gain":0,"max_hp_loss":0,"event_name":"Golden Shrine","floor":21,"gold_loss":0}],"is_beta":false,"boss_relics":[{"not_picked":["Cursed Key","Philosopher\u0027s Stone"],"picked":"SacredBark"}],"items_purged_floors":[],"is_endless":false,"potions_floor_spawned":[1,5,6,7,22],"killed_by":"Book of Stabbing","ascension_level":16}}