{"host":"r6ixdbpnwahtqyu3","time":1612413655,"event":{"mods":["BaseMod","CapriCore","Colored Map","Friendly Minions","Koishi","Marisa（霧雨　魔理沙）","Minty Spire (QoL Compilation)","Remilia（蕾米莉?）","StSLib","The Immortal","The Servant 0.9.4"],"gold_per_floor":[117,134,148,158,158,187,187,217,217,217,227,227,243,272,272,373,373,391,391,19,37,48,77,91,91,91,103,153,163,173,98,98,195,195,213,213,232,232,132,157,175,175,199,233,246,266,294,305,305,305,305,305,35,69,69],"floor_reached":56,"language":"ENG","playtime":4342,"items_purged":["Strike_RM","Strike_RM","Strike_RM"],"score":1766,"play_id":"3409e2ea-9617-4be6-a96b-83d26ef6afe3","local_time":"20210203234055","is_ascension_mode":true,"campfire_choices":[{"data":"ScarletImprint","floor":7,"key":"SMITH"},{"data":"EternalNight","floor":10,"key":"SMITH"},{"data":"RedMoon","floor":12,"key":"SMITH"},{"data":"TwelveNightmare","floor":15,"key":"SMITH"},{"data":"BatForm","floor":25,"key":"SMITH"},{"data":"MiserableFate","floor":32,"key":"SMITH"},{"floor":49,"key":"RECALL"},{"data":"ForecastOfChange","floor":52,"key":"SMITH"}],"circlet_count":0,"master_deck":["Defend_RM","Defend_RM","Defend_RM+1","Defend_RM","RedMoon+1","ScarletShoot","ScarletImprint+1","MillenniumVampire","HunterOfTheNight","VampireFantasy+1","EternalNight+1","TwelveNightmare+1","ForecastOfChange","ForecastOfChange+1","RitualDagger","BatForm+1","GlobalNightmare+1","RedNightlessCastle","MastersStateliness+1","MiserableFate+1","FitfulNightmare+1"],"relics":["ScarletHat","Happy Flower","Pantograph","Boot","Mercury Hourglass","Sozu","Gungnir","Gambling Chip","Frozen Egg 2","ScarletEmblem","Prayer Wheel","Vajra","War Paint","Pocketwatch","Darkstone Periapt","Anchor","Strawberry"],"acts_visited":["Exordium","TheCity","TheBeyond","TheEnding"],"potions_floor_usage":[8,16,54,55],"damage_taken":[{"damage":0,"enemies":"2 Louse","floor":1,"turns":2},{"damage":0,"enemies":"Small Slimes","floor":2,"turns":3},{"damage":0,"enemies":"Cultist","floor":3,"turns":6},{"damage":0,"enemies":"3 Louse","floor":4,"turns":3},{"damage":0,"enemies":"3 Sentries","floor":6,"turns":10},{"damage":0,"enemies":"Gremlin Nob","floor":8,"turns":7},{"damage":2,"enemies":"Exordium Wildlife","floor":11,"turns":4},{"damage":1,"enemies":"Large Slime","floor":13,"turns":7},{"damage":13,"enemies":"3 Sentries","floor":14,"turns":11},{"damage":30,"enemies":"Hexaghost","floor":16,"turns":11},{"damage":5,"enemies":"3 Byrds","floor":18,"turns":5},{"damage":0,"enemies":"Chosen","floor":21,"turns":4},{"damage":0,"enemies":"Centurion and Healer","floor":22,"turns":5},{"damage":27,"enemies":"Slavers","floor":23,"turns":7},{"damage":0,"enemies":"Snecko","floor":24,"turns":6},{"damage":10,"enemies":"Snake Plant","floor":27,"turns":5},{"damage":0,"enemies":"Centurion and Healer","floor":29,"turns":4},{"damage":6,"enemies":"Cultist and Chosen","floor":30,"turns":3},{"damage":0,"enemies":"Automaton","floor":33,"turns":7},{"damage":0,"enemies":"Orb Walker","floor":35,"turns":2},{"damage":0,"enemies":"3 Shapes","floor":37,"turns":3},{"damage":17,"enemies":"Reptomancer","floor":40,"turns":6},{"damage":0,"enemies":"Transient","floor":41,"turns":5},{"damage":1,"enemies":"Giant Head","floor":44,"turns":5},{"damage":5,"enemies":"4 Shapes","floor":45,"turns":3},{"damage":17,"enemies":"Jaw Worm Horde","floor":46,"turns":4},{"damage":12,"enemies":"Nemesis","floor":47,"turns":5},{"damage":33,"enemies":"Transient","floor":48,"turns":5},{"damage":59,"enemies":"Awakened One","floor":50,"turns":12},{"damage":46,"enemies":"Shield and Spear","floor":54,"turns":5},{"damage":44,"enemies":"The Heart","floor":55,"turns":9}],"seed_played":"-6985930072673560982","potions_obtained":[{"floor":2,"key":"SkillPotion"},{"floor":3,"key":"PowerPotion"},{"floor":4,"key":"DistilledChaos"},{"floor":11,"key":"DistilledChaos"}],"is_trial":false,"path_per_floor":["M","M","M","M","?","E","R","E","T","R","M","R","M","E","R","B",null,"M","?","$","M","M","E","M","R","T","M","?","M","M","?","R","B",null,"M","?","M","T","$","E","M","?","T","E","M","M","E","M","R","B",null,"R","$","E","B",null],"character_chosen":"REMILIA","items_purchased":["Gungnir","Anchor"],"campfire_rested":0,"item_purchase_floors":[20,53],"current_hp_per_floor":[68,68,68,70,75,77,77,77,77,77,77,77,80,67,67,67,77,72,66,66,68,73,48,54,54,54,48,48,48,70,70,70,80,80,80,80,80,80,80,64,80,80,80,80,75,70,79,69,69,77,79,79,79,63,85],"gold":69,"neow_bonus":"RANDOM_COMMON_RELIC","is_daily":false,"chose_seed":false,"campfire_upgraded":7,"win_rate":0.0,"timestamp":1612413655,"path_taken":["M","M","M","M","?","E","R","E","T","R","M","R","M","E","R","BOSS","M","?","$","M","M","E","M","R","T","M","?","M","?","?","R","BOSS","M","?","M","?","$","E","M","?","T","E","M","?","E","M","R","BOSS","R","$","E","BOSS"],"items_purchased_type":["Relic","Relic"],"build_version":"2020-12-22","purchased_purges":3,"victory":true,"max_hp_per_floor":[75,75,75,75,80,80,80,80,80,80,80,80,80,80,80,80,80,80,80,80,80,80,80,80,80,80,80,80,80,80,80,80,80,80,80,80,80,80,80,80,80,80,80,80,80,80,80,80,80,80,80,80,80,87,87],"card_choices":[{"not_picked":["AfternoonTea","NightDance"],"picked":"ScarletImprint","floor":1},{"not_picked":["ScarletDream","RedRainbow"],"picked":"MillenniumVampire","floor":2},{"not_picked":["CharismaGuard","DiffusionOfMisfortune"],"picked":"HunterOfTheNight","floor":3},{"not_picked":["ChainGang","NightDance","BombardNight"],"picked":"SKIP","floor":4},{"not_picked":["VampireSweep","BombardNight"],"picked":"VampireFantasy","floor":6},{"not_picked":["ScarletSymphony","DiffusionOfMisfortune"],"picked":"EternalNight","floor":8},{"not_picked":["BlasphemousPunishment","ScarletImprint","VampireFantasy"],"picked":"SKIP","floor":11},{"not_picked":["ScarletGensokyo","FavorOfDestiny"],"picked":"TwelveNightmare","floor":13},{"not_picked":["VampireKiss","EternalNight"],"picked":"ForecastOfChange","floor":14},{"not_picked":["EquivalentExchange","BloodRain"],"picked":"ForecastOfChange","floor":16},{"not_picked":["RedRainbow","DiffusionOfMisfortune"],"picked":"ScarletSymphony","floor":18},{"not_picked":["ScarletImprint","BombardNight"],"picked":"BatForm","floor":21},{"not_picked":["UnderTheZenith","FavorOfDestiny"],"picked":"GlobalNightmare+1","floor":22},{"not_picked":["BlasphemousPunishment","StarOfDavid","RedNightlessCastle"],"picked":"SKIP","floor":23},{"not_picked":["BlasphemousPunishment","StarOfDavid"],"picked":"RedNightlessCastle","floor":23},{"not_picked":["CharismaGuard+1","Stigmanizer"],"picked":"MastersStateliness+1","floor":24},{"not_picked":["EndlessAdversity","UnstableMagic","ScarletImprint+1"],"picked":"SKIP","floor":27},{"not_picked":["ScarletDream+1","Septette"],"picked":"MiserableFate","floor":29},{"not_picked":["BloodHunter","NightLord"],"picked":"FitfulNightmare+1","floor":30},{"not_picked":["UnstableMagic","RedNightlessCastle+1","MiserableFate+1"],"picked":"SKIP","floor":35},{"not_picked":["UnderTheZenith","ScarletSymphony","NightDance"],"picked":"SKIP","floor":37},{"not_picked":["Septette+1","EmergencyRegeneration","BloodHunter+1"],"picked":"SKIP","floor":40},{"not_picked":["ScarletImprint","Stigmanizer+1","RedRainbow+1"],"picked":"SKIP","floor":41},{"not_picked":["VampireClaw","UnderTheZenith","FavorOfDestiny"],"picked":"SKIP","floor":41},{"not_picked":["BatForm+1","CharismaGuard+1","DiffusionOfMisfortune+1"],"picked":"SKIP","floor":44},{"not_picked":["RedRainbow","Stigmanizer+1","BombardNight"],"picked":"SKIP","floor":45},{"not_picked":["BombardNight+1","GlobalNightmare","BloodHunter+1"],"picked":"SKIP","floor":45},{"not_picked":["FavorOfDestiny+1","BadLadyScramble","BlasphemousPunishment+1"],"picked":"SKIP","floor":46},{"not_picked":["EndlessAdversity","RedMagic","ScarletDream+1"],"picked":"SKIP","floor":46},{"not_picked":["Stigmanizer+1","VampirishNight+1","CurseOfVladTepes+1"],"picked":"SKIP","floor":47},{"not_picked":["UltimateOffering","RedRainbow","ScarletDevil"],"picked":"SKIP","floor":48},{"not_picked":["FavorOfDestiny+1","StarOfDavid+1","RedRainbow+1"],"picked":"SKIP","floor":48},{"not_picked":["QueenOfMidnight+1","BloodyTrap","BloodHunter"],"picked":"SKIP","floor":54}],"player_experience":404782,"relics_obtained":[{"floor":6,"key":"Pantograph"},{"floor":8,"key":"Boot"},{"floor":14,"key":"Mercury Hourglass"},{"floor":23,"key":"Gambling Chip"},{"floor":26,"key":"Frozen Egg 2"},{"floor":38,"key":"Prayer Wheel"},{"floor":40,"key":"Vajra"},{"floor":43,"key":"War Paint"},{"floor":44,"key":"Pocketwatch"},{"floor":47,"key":"Darkstone Periapt"},{"floor":54,"key":"Strawberry"}],"event_choices":[{"damage_healed":0,"gold_gain":0,"player_choice":"Donut","damage_taken":0,"max_hp_gain":5,"max_hp_loss":0,"event_name":"Big Fish","floor":5,"gold_loss":0},{"damage_healed":0,"gold_gain":0,"player_choice":"Joined the Cult","damage_taken":6,"max_hp_gain":0,"max_hp_loss":0,"event_name":"Nest","floor":19,"gold_loss":0,"cards_obtained":["RitualDagger"]},{"damage_healed":0,"gold_gain":100,"player_choice":"Bet on Murderer","damage_taken":0,"max_hp_gain":0,"max_hp_loss":0,"event_name":"The Joust","floor":28,"gold_loss":50},{"cards_removed":["Strike_RM"],"damage_healed":0,"gold_gain":0,"player_choice":"Gave Gold","damage_taken":0,"max_hp_gain":0,"max_hp_loss":0,"event_name":"Beggar","floor":31,"gold_loss":75},{"damage_healed":0,"gold_gain":0,"player_choice":"Ignored","damage_taken":0,"max_hp_gain":0,"max_hp_loss":0,"event_name":"Tomb of Lord Red Mask","floor":36,"gold_loss":0},{"cards_removed":["ScarletSymphony"],"damage_healed":0,"gold_gain":0,"player_choice":"Offered Uncommon","damage_taken":0,"max_hp_gain":0,"max_hp_loss":0,"event_name":"Bonfire Elementals","floor":42,"gold_loss":0}],"is_beta":false,"boss_relics":[{"not_picked":["Pandora\u0027s Box","Velvet Choker"],"picked":"Sozu"},{"not_picked":["Empty Cage","Calling Bell"],"picked":"ScarletEmblem"}],"items_purged_floors":[20,39,53],"is_endless":false,"potions_floor_spawned":[2,3,4,11,18,27,29,30,35,41,48,54],"ascension_level":8}}