{"host":"8pvw2tcf9wctlvur","time":1612406169,"event":{"mods":["BaseMod","Better Third Choice","Colored Powertips","Curses Come First","Minty Spire (QoL Compilation)","Rare Cards Sparkle","Relic Stats","StSLib","SuperFastMode"],"gold_per_floor":[117,1,1,1,12,42,57,82,82,98,173,173,173,197,197,295,295,314,327,113,131,131,166,166,166,166],"floor_reached":25,"language":"ENG","playtime":748,"items_purged":[],"score":219,"play_id":"b163a536-a345-49b3-a594-e9af1a6cbe7e","local_time":"20210203193609","is_ascension_mode":false,"campfire_choices":[{"floor":12,"key":"REST"},{"floor":15,"key":"REST"}],"circlet_count":0,"master_deck":["Strike_P+1","Strike_P+1","Strike_P+1","Strike_P+1","Defend_P+1","Defend_P+1","Defend_P+1","Eruption","Vigilance","Consecrate","Halt","CarveReality","InnerPeace","Crescendo","InnerPeace","Scrawl","EmptyBody+1","Swift Strike+1","CarveReality+1","Conclude","ReachHeaven+1","SignatureMove","Vault","Evaluate","MentalFortress","BattleHymn+1","ConjureBlade","FlurryOfBlows","FlurryOfBlows"],"relics":["Sozu","Centennial Puzzle","Tiny Chest","Mercury Hourglass","MealTicket","Astrolabe","Orrery","Frozen Egg 2"],"acts_visited":["Exordium","TheCity"],"potions_floor_usage":[],"damage_taken":[{"damage":14,"enemies":"Jaw Worm","floor":1,"turns":2},{"damage":1,"enemies":"Cultist","floor":5,"turns":3},{"damage":27,"enemies":"Lagavulin","floor":6,"turns":7},{"damage":0,"enemies":"2 Louse","floor":7,"turns":3},{"damage":4,"enemies":"Exordium Wildlife","floor":10,"turns":3},{"damage":29,"enemies":"Slime Boss","floor":16,"turns":7},{"damage":24,"enemies":"Shell Parasite","floor":18,"turns":2},{"damage":16,"enemies":"Spheric Guardian","floor":19,"turns":4},{"damage":19,"enemies":"Snake Plant","floor":21,"turns":3},{"damage":19,"enemies":"Gremlin Leader","floor":23,"turns":4},{"damage":12,"enemies":"Shelled Parasite and Fungi","floor":25,"turns":1}],"seed_played":"-5275147765790066536","potions_obtained":[],"is_trial":false,"path_per_floor":["M","$","?","$","M","E","M","T","T","M","?","R","?","T","R","B",null,"M","M","$","M","?","E","?","M"],"character_chosen":"WATCHER","items_purchased":["Halt","CarveReality","SignatureMove","Orrery"],"campfire_rested":2,"item_purchase_floors":[2,2,20,20],"current_hp_per_floor":[58,58,58,58,57,30,30,30,30,26,15,36,36,36,57,28,72,48,32,47,28,28,9,9,0,0],"gold":166,"neow_bonus":"BOSS_RELIC","is_daily":false,"chose_seed":false,"campfire_upgraded":0,"win_rate":0.0,"timestamp":1612406169,"path_taken":["M","$","?","?","?","E","M","?","T","?","?","R","?","?","R","BOSS","M","M","$","M","?","E","?","M"],"items_purchased_type":["Card","Card","Card","Relic"],"build_version":"2020-12-22","purchased_purges":0,"victory":false,"max_hp_per_floor":[72,72,72,72,72,72,72,72,72,72,72,72,72,72,72,72,72,72,72,72,72,72,72,72,72,72],"relic_stats":{"Sozu":8,"Centennial Puzzle":[21],"counters":[11,39],"Astrolabe":["EmptyBody","Swift Strike","CarveReality"],"Tiny Chest":1,"MealTicket":15,"obtain_stats":[{"Sozu":0,"Centennial Puzzle":6,"Astrolabe":17,"Orrery":20,"Tiny Chest":8,"MealTicket":14,"PureWater":0,"Frozen Egg 2":23,"Mercury Hourglass":9},{"Sozu":0,"Centennial Puzzle":3,"Astrolabe":6,"Orrery":8,"Tiny Chest":4,"MealTicket":5,"PureWater":0,"Frozen Egg 2":10,"Mercury Hourglass":4},{"Sozu":0,"Centennial Puzzle":12,"Astrolabe":25,"Orrery":31,"Tiny Chest":15,"MealTicket":18,"PureWater":0,"Frozen Egg 2":38,"Mercury Hourglass":15}],"Mercury Hourglass":[73]},"card_choices":[{"not_picked":["Evaluate","WaveOfTheHand"],"picked":"Consecrate","floor":1},{"not_picked":["DeceiveReality","Adaptation"],"picked":"InnerPeace","floor":5},{"not_picked":["PathToVictory","TalkToTheHand"],"picked":"Nirvana","floor":6},{"not_picked":["CrushJoints","Evaluate"],"picked":"Crescendo","floor":7},{"not_picked":["ThirdEye","PathToVictory"],"picked":"InnerPeace","floor":10},{"not_picked":["Omniscience","SpiritShield"],"picked":"Scrawl","floor":16},{"not_picked":["CrushJoints","Halt"],"picked":"Conclude","floor":18},{"not_picked":["Evaluate","PathToVictory"],"picked":"ReachHeaven+1","floor":19},{"not_picked":["Evaluate","EmptyBody"],"picked":"Vault","floor":20},{"not_picked":["Weave+1","JustLucky"],"picked":"Evaluate","floor":20},{"not_picked":["SashWhip","LikeWater+1"],"picked":"MentalFortress","floor":20},{"not_picked":["ClearTheMind","Tantrum"],"picked":"BattleHymn+1","floor":20},{"not_picked":["CrushJoints","Worship"],"picked":"ConjureBlade","floor":20},{"not_picked":["BattleHymn+1","Protect"],"picked":"FlurryOfBlows","floor":21},{"not_picked":["Wallop","InnerPeace+1"],"picked":"FlurryOfBlows","floor":23}],"player_experience":268088,"relics_obtained":[{"floor":6,"key":"Centennial Puzzle"},{"floor":8,"key":"Tiny Chest"},{"floor":9,"key":"Mercury Hourglass"},{"floor":14,"key":"MealTicket"},{"floor":23,"key":"Frozen Egg 2"}],"event_choices":[{"damage_healed":0,"gold_gain":0,"player_choice":"Got Potions","damage_taken":0,"max_hp_gain":0,"max_hp_loss":0,"event_name":"Lab","floor":3,"gold_loss":0},{"damage_healed":0,"gold_gain":75,"player_choice":"Gold","damage_taken":11,"max_hp_gain":0,"max_hp_loss":0,"event_name":"betterThird:BetterGoop","floor":11,"gold_loss":0},{"damage_healed":36,"gold_gain":0,"player_choice":"Embrace Burn","damage_taken":0,"max_hp_gain":0,"max_hp_loss":72,"event_name":"betterThird:BetterShining","floor":13,"gold_loss":0},{"damage_healed":0,"gold_gain":0,"player_choice":"Simplicity","damage_taken":0,"max_hp_gain":0,"max_hp_loss":7,"event_name":"betterThird:BetterWriting","floor":22,"gold_loss":0},{"damage_healed":0,"gold_gain":0,"player_choice":"Ignored","damage_taken":0,"max_hp_gain":0,"max_hp_loss":0,"event_name":"Beggar","floor":24,"gold_loss":0}],"is_beta":false,"boss_relics":[{"not_picked":["Philosopher\u0027s Stone","Fusion Hammer"],"picked":"Astrolabe"}],"items_purged_floors":[],"is_endless":false,"potions_floor_spawned":[6,7,16,21,23],"killed_by":"Shelled Parasite and Fungi","ascension_level":0}}