{"host":"flash","time":1612448508,"event":{"mods":["ATMod(°¢èªMod)","Act Like it!","Aspiration","BaseMod","Minty Spire (QoL Compilation)","Shop Mod","StSLib","¡¾ÒÅÎï¿¨ÅÆ¡¿REMEMod"],"gold_per_floor":[119,129,147,163,163,163,177,177,177,239,389,449,548,607,607,704,704,796,796,75,120,262,262,355,459,459,459,217,324,388,451,451,600,600,824,914,959,977,977,1037,1187,1187,1241,1278,1278,802,963,963,972,1077],"floor_reached":51,"language":"ZHS","playtime":2299,"items_purged":["Strike_B","Strike_B","Defend_B"],"score":1751,"play_id":"aa5e4df5-8fe5-4615-a068-8bbf73edc7b3","local_time":"20210204222148","is_ascension_mode":true,"campfire_choices":[{"floor":6.0,"key":"REST"},{"data":"AT_MachinaRedman","floor":8.0,"key":"SMITH"},{"floor":15.0,"key":"REST"},{"data":"Recycle","floor":23.0,"key":"SMITH"},{"data":"AT_RightCognition","floor":27.0,"key":"SMITH"},{"data":"Double Energy","floor":32.0,"key":"SMITH"},{"data":"Madness","floor":42,"key":"SMITH"},{"floor":49,"key":"REST"}],"circlet_count":0,"master_deck":["AscendersBane","Strike_B","Defend_B","Defend_B","Defend_B","Zap","Dualcast","AT_MachinaRedman+1","REME_ProfessionalPlagiarism","Cold Snap","Defragment","Aggregate","Double Energy+1","Doom and Gloom","Leap","REME_Shoggoth","AT_EMC2","AT_RightCognition+1","Gash","REME_WheelOfFate","Recycle+1","Coolheaded","Loop+1","REME_HeartOfCthun","Glacier+1","Double Energy","Electrodynamics","CurseOfTheBell","Defragment","BootSequence","REME_ForAll","Beam Cell","Steam","Madness","Madness+1","Turbo","Compile Driver","Coolheaded+1"],"relics":["Cracked Core","AT_ATBox","REME_ComplimentaryCards","Regal Pillow","The Courier","AT_MibuBalloonWealth","Odd Mushroom","Emotion Chip","Runic Pyramid","AT_Manta","AT_BellDemon","Lee\u0027s Waffle","Bag of Marbles","Red Mask","aspiration:FrozenJewel","Prayer Wheel","Calling Bell","PreservedInsect","AT_RedNoBalance","AT_GoldPhoenixTree","Kunai","CeramicFish","Gremlin Horn","Akabeko","Symbiotic Virus","Bronze Scales","aspiration:Lifesprig","AT_ChloranthyRing","AT_BladeRuinedKing","Dream Catcher"],"acts_visited":["Exordium","TheCity","TheBeyond"],"potions_floor_usage":[40,50,50],"damage_taken":[{"damage":7.0,"enemies":"Small Slimes","floor":1.0,"turns":3.0},{"damage":1.0,"enemies":"2 Louse","floor":2.0,"turns":2.0},{"damage":0.0,"enemies":"Cultist","floor":3.0,"turns":3.0},{"damage":12.0,"enemies":"3 Louse","floor":4.0,"turns":4.0},{"damage":0.0,"enemies":"Blue Slaver","floor":7.0,"turns":1.0},{"damage":19.0,"enemies":"Exordium Thugs","floor":10.0,"turns":4.0},{"damage":13.0,"enemies":"Exordium Wildlife","floor":12.0,"turns":3.0},{"damage":12.0,"enemies":"The Mushroom Lair","floor":13.0,"turns":3.0},{"damage":0.0,"enemies":"Lagavulin","floor":14.0,"turns":5.0},{"damage":45.0,"enemies":"The Guardian","floor":16.0,"turns":12.0},{"damage":14.0,"enemies":"3 Byrds","floor":18.0,"turns":4.0},{"damage":20.0,"enemies":"Spheric Guardian","floor":21.0,"turns":4.0},{"damage":9.0,"enemies":"Centurion and Healer","floor":22.0,"turns":2.0},{"damage":0.0,"enemies":"3 Cultists","floor":24.0,"turns":2.0},{"damage":0.0,"enemies":"Masked Bandits","floor":25.0,"turns":1.0},{"damage":5.0,"enemies":"Slavers","floor":29.0,"turns":2.0},{"damage":0.0,"enemies":"Shelled Parasite and Fungi","floor":30.0,"turns":5.0},{"damage":0.0,"enemies":"Centurion and Healer","floor":31.0,"turns":2.0},{"damage":11.0,"enemies":"Automaton","floor":33.0,"turns":7.0},{"damage":0.0,"enemies":"3 Darklings","floor":35.0,"turns":1.0},{"damage":9.0,"enemies":"3 Shapes","floor":36.0,"turns":4.0},{"damage":0.0,"enemies":"Transient","floor":37.0,"turns":6.0},{"damage":11,"enemies":"Giant Head","floor":40,"turns":7},{"damage":0,"enemies":"3 Darklings","floor":41,"turns":2},{"damage":0,"enemies":"Maw","floor":44,"turns":3},{"damage":0,"enemies":"Reptomancer","floor":47,"turns":2},{"damage":0,"enemies":"Transient","floor":48,"turns":3},{"damage":0,"enemies":"Time Eater","floor":50,"turns":5}],"seed_played":"-945355223088982516","potions_obtained":[{"floor":2.0,"key":"Ancient Potion"},{"floor":13.0,"key":"ColorlessPotion"},{"floor":16.0,"key":"BlessingOfTheForge"},{"floor":24.0,"key":"DuplicationPotion"},{"floor":44,"key":"Weak Potion"}],"is_trial":false,"path_per_floor":["M","M","M","M","?","R","M","R","T","M","?","M","?","E","R","B",null,"M","?","$","M","M","R","M","?","T","R","$","E","M","M","R","B",null,"M","M","M","?","?","E","M","R","T","M","?","$","E","M","R","B",null],"character_chosen":"DEFECT","items_purchased":["AT_Manta","AT_BellDemon","REME_WheelOfFate","Lee\u0027s Waffle","REME_HeartOfCthun","aspiration:Lifesprig","AT_ChloranthyRing","AT_BladeRuinedKing"],"campfire_rested":3,"item_purchase_floors":[20,20,20,20,28,46,46,46],"current_hp_per_floor":[57,56,56,44,26,62,62,62,62,43,43,30,18,18,54,9,56,42,42,78,58,49,49,70,70,70,70,70,65,65,65,65,54,72,39,30,39,23,23,48,39,39,39,39,33,33,39,39,77,39],"gold":1077,"neow_bonus":"RANDOM_COMMON_RELIC","is_daily":false,"chose_seed":false,"campfire_upgraded":5,"win_rate":0.0,"timestamp":1612448508,"path_taken":["M","M","M","M","?","R","M","R","T","M","?","M","?","E","R","BOSS","M","?","?","M","M","R","M","?","T","R","?","E","?","M","R","BOSS","M","M","M","?","?","E","M","R","T","M","?","$","E","M","R","BOSS"],"items_purchased_type":["Relic","Relic","Card","Relic","Card","Relic","Relic","Relic"],"build_version":"2020-12-18","purchased_purges":3,"victory":true,"max_hp_per_floor":[71,71,71,71,71,71,71,71,71,71,71,71,71,71,71,71,71,71,71,78,78,78,78,78,78,78,78,78,78,78,78,78,78,78,78,78,78,78,78,78,78,78,78,78,78,78,78,78,78,78],"card_choices":[{"not_picked":["Hologram","Compile Driver"],"picked":"Cold Snap","floor":1.0},{"not_picked":["Steam","Doom and Gloom"],"picked":"Defragment","floor":2.0},{"not_picked":["Ball Lightning","Leap"],"picked":"Aggregate","floor":3.0},{"not_picked":["Rip and Tear","Doom and Gloom"],"picked":"Double Energy","floor":4.0},{"not_picked":["Genetic Algorithm","Leap","Go for the Eyes"],"picked":"SKIP","floor":7.0},{"not_picked":["Rebound","Gash"],"picked":"Doom and Gloom","floor":10.0},{"not_picked":["Beam Cell","AT_ThunderBolt"],"picked":"Leap","floor":12.0},{"not_picked":["Hologram","Leap"],"picked":"REME_Shoggoth","floor":13.0},{"not_picked":["Undo","Leap"],"picked":"AT_EMC2","floor":14.0},{"not_picked":["Creative AI","Machine Learning"],"picked":"AT_RightCognition","floor":16.0},{"not_picked":["Redo","Hologram"],"picked":"Gash","floor":18.0},{"not_picked":["Sunder","Rebound"],"picked":"Recycle","floor":21.0},{"not_picked":["Stack","Undo"],"picked":"Coolheaded","floor":22.0},{"not_picked":["Streamline","Beam Cell+1"],"picked":"Loop+1","floor":24.0},{"not_picked":["AT_ThunderBolt+1","Static Discharge"],"picked":"Glacier+1","floor":29.0},{"not_picked":["aspiration:Polymerization","Redo","Conserve Battery"],"picked":"SKIP","floor":30.0},{"not_picked":["Streamline","Leap","Sweeping Beam"],"picked":"SKIP","floor":30.0},{"not_picked":["Sweeping Beam","Darkness+1"],"picked":"Double Energy","floor":31.0},{"not_picked":["AT_HeatAcrobatics","Hologram","Darkness"],"picked":"SKIP","floor":31.0},{"not_picked":["Amplify","AT_WaterDrop"],"picked":"Electrodynamics","floor":33.0},{"not_picked":["AT_HeatAcrobatics","Rip and Tear"],"picked":"Defragment","floor":35.0},{"not_picked":["Beam Cell","Lockon"],"picked":"BootSequence","floor":35.0},{"not_picked":["Chill","Hologram"],"picked":"REME_ForAll","floor":36.0},{"not_picked":["Static Discharge","Hologram"],"picked":"Beam Cell","floor":36.0},{"not_picked":["Chill","REME_DataAnalysis"],"picked":"Steam","floor":37.0},{"not_picked":["Leap","Stack","Melter"],"picked":"SKIP","floor":37.0},{"not_picked":["Meteor Strike","AT_HeatAcrobatics+1","Compile Driver"],"picked":"SKIP","floor":40},{"not_picked":["BootSequence+1","Steam Power"],"picked":"Turbo","floor":41},{"not_picked":["AT_HeatAcrobatics","Beam Cell","Fusion"],"picked":"SKIP","floor":41},{"not_picked":["Sweeping Beam+1","AT_ThunderBolt","Undo"],"picked":"SKIP","floor":44},{"not_picked":["Cold Snap","Conserve Battery+1","Steam"],"picked":"SKIP","floor":44},{"not_picked":["Ball Lightning","Consume"],"picked":"Compile Driver","floor":47},{"not_picked":["Beam Cell","Defragment+1"],"picked":"Coolheaded+1","floor":49}],"player_experience":693927,"relics_obtained":[{"floor":9.0,"key":"AT_MibuBalloonWealth"},{"floor":13.0,"key":"Odd Mushroom"},{"floor":14.0,"key":"Emotion Chip"},{"floor":25.0,"key":"Red Mask"},{"floor":26.0,"key":"aspiration:FrozenJewel"},{"floor":29.0,"key":"Prayer Wheel"},{"floor":34.0,"key":"PreservedInsect"},{"floor":34.0,"key":"AT_SilverBalance"},{"floor":34.0,"key":"AT_GoldPhoenixTree"},{"floor":36.0,"key":"Kunai"},{"floor":37.0,"key":"Gremlin Horn"},{"floor":40,"key":"Symbiotic Virus"},{"floor":43,"key":"Bronze Scales"},{"floor":47,"key":"Dream Catcher"}],"event_choices":[{"damage_healed":0.0,"max_hp_gain":0.0,"max_hp_loss":0.0,"gold_gain":0.0,"event_name":"Scrap Ooze","player_choice":"Success","floor":5.0,"gold_loss":0.0,"damage_taken":18.0,"relics_obtained":["The Courier"]},{"damage_healed":0.0,"max_hp_gain":0.0,"max_hp_loss":0.0,"gold_gain":150.0,"event_name":"Liars Game","player_choice":"AGREE","floor":11.0,"gold_loss":0.0,"damage_taken":0.0,"cards_obtained":["Doubt"]},{"damage_healed":0.0,"max_hp_gain":0.0,"max_hp_loss":0.0,"gold_gain":0.0,"event_name":"Mushrooms","player_choice":"Fought Mushrooms","floor":13.0,"gold_loss":0.0,"damage_taken":0.0},{"cards_removed":["Doubt"],"damage_healed":0.0,"max_hp_gain":0.0,"max_hp_loss":0.0,"gold_gain":0.0,"event_name":"Fountain of Cleansing","player_choice":"Removed Curses","floor":19.0,"gold_loss":0.0,"damage_taken":0.0},{"damage_healed":0.0,"max_hp_gain":0.0,"max_hp_loss":0.0,"gold_gain":0.0,"event_name":"Masked Bandits","player_choice":"Fought Bandits","floor":25.0,"gold_loss":0.0,"damage_taken":0.0},{"damage_healed":0.0,"max_hp_gain":0.0,"max_hp_loss":0.0,"gold_gain":0.0,"event_name":"Winding Halls","player_choice":"Embrace Madness","floor":38.0,"gold_loss":0.0,"damage_taken":14.0,"cards_obtained":["Madness","Madness"]},{"cards_removed":["Strike_B"],"damage_healed":0.0,"max_hp_gain":0.0,"max_hp_loss":0.0,"gold_gain":0.0,"event_name":"Falling","player_choice":"Removed Attack","floor":39.0,"gold_loss":0.0,"damage_taken":0.0},{"damage_healed":0,"gold_gain":0,"player_choice":"Bought 0 Potions","damage_taken":0,"max_hp_gain":0,"max_hp_loss":0,"event_name":"The Woman in Blue","floor":45,"gold_loss":0}],"is_beta":true,"boss_relics":[{"not_picked":["aspiration:FutureDiary","Inserter"],"picked":"Runic Pyramid"},{"not_picked":["Snecko Eye","aspiration:WatcherSkillbook"],"picked":"Calling Bell"}],"items_purged_floors":[20,28,46],"is_endless":false,"potions_floor_spawned":[2,13,16,24,25,31,33,36,44,47],"ascension_level":19}}