{"host":"takgv9cv6xf64vhq","time":1612479330,"event":{"mods":["BaseMod","Colored Powertips","Conspire","Decade(王小明)","Downfall","Energized Spire","Hermit","Hubris","LagranYue(拉格朗・月)","Marisa（F雨　魔理沙）","Minty Spire (QoL Compilation)","Replay The Spire","StSLib","The Cursed","The Hierophant","The Jungle","The Servant 0.9.4","TheHeartMod"],"gold_per_floor":[113,113,263,94,113,113,5,5,5,25,44,63,63,78,78,157,157,172,186,202,7,7,38,38,67,143,220,23,34,45,45,45,118,118,133,152,164,164,178,212,228,228,228,238,109,124,138,151,151,151,151,151,151,20,55,55],"floor_reached":57,"language":"ZHS","playtime":4714,"items_purged":["Shame","Strike_G","Strike_G"],"score":2740,"play_id":"0898ccbb-c744-420d-86d8-77058836da62","local_time":"20210205065530","is_ascension_mode":true,"campfire_choices":[{"data":"Neutralize","floor":6.0,"key":"SMITH"},{"data":"Survivor","floor":8.0,"key":"SMITH"},{"data":"Prepared","floor":13.0,"key":"SMITH"},{"floor":15.0,"key":"DIG"},{"data":"After Image","floor":24.0,"key":"SMITH"},{"data":"Prepared","floor":32.0,"key":"SMITH"},{"floor":42.0,"key":"RECALL"},{"data":"hubris:DuctTapeCard","floor":49.0,"key":"SMITH"},{"data":"Prepared","floor":53.0,"key":"SMITH"}],"circlet_count":0,"master_deck":["Strike_G","Strike_G","Defend_G","Defend_G","Defend_G","Defend_G","Defend_G","Survivor+1","Neutralize+1","Deflect","Backstab","Dagger Throw","ReplayTheSpireMod:Speed Training","Prepared+1","Underhanded Strike","After Image+1","Acrobatics+1","Heel Hook","Reflex","ReplayTheSpireMod:The Works","Prepared+1","Dagger Throw","After Image+1","Poison Darts","Dagger Throw+1","Deadly Poison+1","Burst","Blur+1","Blade Dance+1","hubris:Sniper","Prepared+1","ReplayTheSpireMod:Speed Training","Well Laid Plans","hubris:DuctTapeCard"],"relics":["Ring of the Snake","ReplayTheSpireMod:TigerMarble","hubris:Towel","Membership Card","LagranYue:NewUniverseRelic","Mirror","Oddly Smooth Stone","expansioncontent:StudyCardRelic","hubris:DuctTape","theJungle:PaperFaux","LagranYue:MagicReflectiveArmorRelic","Turnip","Paper Crane","DollysMirror","Bronze Scales","Empty Cage","sneckomod:BlankCard","hexamod:Sixitude","Vajra","Anchor"],"acts_visited":["Exordium","Exordium","TheBeyond","TheEnding"],"potions_floor_usage":[56],"damage_taken":[{"damage":4.0,"enemies":"Small Slimes","floor":1.0,"turns":6.0},{"damage":7.0,"enemies":"Jaw Worm","floor":5.0,"turns":5.0},{"damage":0.0,"enemies":"2 Louse","floor":10.0,"turns":2.0},{"damage":10.0,"enemies":"Large Slime","floor":11.0,"turns":7.0},{"damage":0.0,"enemies":"Exordium Wildlife","floor":12.0,"turns":3.0},{"damage":0.0,"enemies":"2 Fungi Beasts","floor":14.0,"turns":1.0},{"damage":9.0,"enemies":"Hexaghost","floor":16.0,"turns":9.0},{"damage":1.0,"enemies":"theJungle:5_Spyders","floor":18.0,"turns":5.0},{"damage":0.0,"enemies":"theJungle:GiantWrat","floor":19.0,"turns":3.0},{"damage":0.0,"enemies":"theJungle:SlimyTreeVines","floor":20.0,"turns":3.0},{"damage":0.0,"enemies":"theJungle:Cassacara","floor":23.0,"turns":2.0},{"damage":0.0,"enemies":"theJungle:MamaSnecko","floor":25.0,"turns":1.0},{"damage":0.0,"enemies":"theJungle:2_Snecko_Cultists","floor":29.0,"turns":2.0},{"damage":0.0,"enemies":"theJungle:Snecko_Cultist_And_Trap","floor":30.0,"turns":4.0},{"damage":0.0,"enemies":"theJungle:FunGuy","floor":33.0,"turns":3.0},{"damage":0.0,"enemies":"3 Darklings","floor":35.0,"turns":2.0},{"damage":0.0,"enemies":"Orb Walker","floor":36.0,"turns":2.0},{"damage":0.0,"enemies":"Jaw Worm Horde","floor":37.0,"turns":2.0},{"damage":0.0,"enemies":"Maw","floor":39.0,"turns":2.0},{"damage":0.0,"enemies":"Nemesis","floor":40.0,"turns":4.0},{"damage":0.0,"enemies":"Spire Growth","floor":41.0,"turns":3.0},{"damage":0.0,"enemies":"Sphere and 2 Shapes","floor":44.0,"turns":3.0},{"damage":0.0,"enemies":"Transient","floor":46.0,"turns":3.0},{"damage":0.0,"enemies":"Jaw Worm Horde","floor":47.0,"turns":1.0},{"damage":0.0,"enemies":"3 Darklings","floor":48.0,"turns":1.0},{"damage":0.0,"enemies":"Donu and Deca","floor":50.0,"turns":3.0},{"damage":0.0,"enemies":"Replay:Hell Engine","floor":51.0,"turns":4.0},{"damage":0.0,"enemies":"Shield and Spear","floor":55.0,"turns":2.0},{"damage":0,"enemies":"NeowBoss","floor":56,"turns":6}],"seed_played":"-3945293604643019192","potions_obtained":[{"floor":10.0,"key":"CultistPotion"},{"floor":12.0,"key":"Toxic Potion"},{"floor":14.0,"key":"Energy Potion"},{"floor":16.0,"key":"Dexterity Potion"},{"floor":19.0,"key":"Fire Potion"},{"floor":25.0,"key":"Fruit Juice"},{"floor":30.0,"key":"SpeedPotion"},{"floor":33.0,"key":"AttackPotion"},{"floor":35.0,"key":"bronze:BurnAndBuffPotion"},{"floor":39.0,"key":"Flashbang"},{"floor":40.0,"key":"Slimebound:ThreeZeroPotion"}],"is_trial":false,"path_per_floor":["M","?","?","$","M","R","$","R","T","M","M","M","R","M","R","B",null,"M","M","M","$","?","E","R","E","T","T","$","M","M","$","R","B",null,"M","M","M","?","M","E","M","R","T","M","$","M","M","M","R","B","B",null,"R","$","E","B",null],"character_chosen":"THE_SILENT","items_purchased":["Membership Card","LagranYue:NewUniverseRelic","Dagger Throw","hubris:DuctTape","ReplayTheSpireMod:The Works","Prepared","DollysMirror","Bronze Scales","Vajra","Well Laid Plans","Energy Potion"],"campfire_rested":0,"item_purchase_floors":[4,7,7,21,21,21,28,28,45,54,54],"current_hp_per_floor":[55,55,55,55,48,48,48,48,48,48,38,38,38,38,38,29,57,57,57,60,60,60,60,60,65,65,65,65,65,65,65,65,65,70,70,70,70,66,66,66,66,66,66,66,66,66,66,66,66,66,66,71,71,71,71,71],"gold":55,"neow_bonus":"RANDOM_COMMON_RELIC","is_daily":false,"chose_seed":true,"campfire_upgraded":7,"win_rate":0.0,"timestamp":1612479330,"path_taken":["M","?","?","?","M","R","$","R","T","M","M","M","R","M","R","BOSS","M","M","M","$","?","E","R","E","T","?","$","M","M","?","R","BOSS","M","M","M","?","M","E","M","R","T","M","$","M","?","M","R","BOSS","BOSS","R","$","E","BOSS"],"items_purchased_type":["Relic","Relic","Card","Relic","Card","Card","Relic","Relic","Relic","Card","Potion"],"build_version":"2020-12-22","purchased_purges":3,"victory":true,"max_hp_per_floor":[66,66,66,66,66,66,66,66,66,66,66,66,66,66,66,66,66,67,67,67,67,67,67,67,72,72,72,72,72,72,72,72,72,72,72,72,72,72,72,72,72,72,72,72,72,72,72,72,72,72,72,72,72,72,72,72],"card_choices":[{"not_picked":["Outmaneuver","Dagger Spray"],"picked":"Deflect","floor":1.0},{"not_picked":["Well Laid Plans","Catalyst"],"picked":"Backstab","floor":5.0},{"not_picked":["Draining Mist","Leg Sweep"],"picked":"ReplayTheSpireMod:Speed Training","floor":10.0},{"not_picked":["Reflex","Deflect"],"picked":"A Thousand Cuts","floor":11.0},{"not_picked":["Leg Sweep","Dagger Spray"],"picked":"Prepared","floor":12.0},{"not_picked":["Flying Knee","Crippling Poison"],"picked":"Underhanded Strike","floor":14.0},{"not_picked":["Adrenaline","Replay:Bag of Tricks"],"picked":"After Image","floor":16.0},{"not_picked":["Deadly Poison","Slice"],"picked":"Acrobatics+1","floor":18.0},{"not_picked":["Endless Agony+1","Well Laid Plans+1"],"picked":"Heel Hook","floor":19.0},{"not_picked":["Dodge and Roll","Crippling Poison"],"picked":"Reflex","floor":20.0},{"not_picked":["Sucker Punch","Dodge and Roll","ReplayTheSpireMod:Exploit Weakness"],"picked":"SKIP","floor":23.0},{"not_picked":["Leg Sweep","Cloak And Dagger"],"picked":"Dagger Throw","floor":25.0},{"not_picked":["Underhanded Strike","Replay:Poison Smokescreen","Catalyst"],"picked":"SKIP","floor":29.0},{"not_picked":["Dodge and Roll","Underhanded Strike+1","Deflect"],"picked":"SKIP","floor":30.0},{"not_picked":["Wraith Form v2","After Image"],"picked":"Poison Darts","floor":33.0},{"not_picked":["Dodge and Roll","Cloak And Dagger+1"],"picked":"Dagger Throw+1","floor":35.0},{"not_picked":["Slice","Cloak And Dagger","Grand Finale"],"picked":"SKIP","floor":36.0},{"not_picked":["Riddle With Holes","PiercingWail"],"picked":"Deadly Poison+1","floor":37.0},{"not_picked":["hubris:Counter","Deadly Poison"],"picked":"Burst","floor":39.0},{"not_picked":["Hidden Blade","Flying Knee"],"picked":"Blur+1","floor":40.0},{"not_picked":["Deflect","Predator"],"picked":"Blade Dance+1","floor":41.0},{"not_picked":["Poisoned Stab+1","Outmaneuver+1"],"picked":"hubris:Sniper","floor":44.0},{"not_picked":["hubris:SlightOfHand","Underhanded Strike"],"picked":"Prepared","floor":46.0},{"not_picked":["Outmaneuver","Cloak And Dagger+1","hubris:Sniper"],"picked":"SKIP","floor":47.0},{"not_picked":["Poisoned Stab","All Out Attack+1"],"picked":"ReplayTheSpireMod:Speed Training","floor":48.0},{"not_picked":["Endless Agony+1","Dagger Throw","Blade Dance"],"picked":"SKIP","floor":55.0}],"player_experience":427458,"relics_obtained":[{"floor":9.0,"key":"Mirror"},{"floor":15.0,"key":"Oddly Smooth Stone"},{"floor":23.0,"key":"LagranYue:MagicReflectiveArmorRelic"},{"floor":25.0,"key":"Turnip"},{"floor":26.0,"key":"Paper Crane"},{"floor":40.0,"key":"sneckomod:BlankCard"},{"floor":43.0,"key":"hexamod:Sixitude"},{"floor":55.0,"key":"Anchor"}],"event_choices":[{"damage_healed":0.0,"max_hp_gain":0.0,"max_hp_loss":0.0,"gold_gain":150.0,"event_name":"Liars Game","player_choice":"AGREE","floor":3.0,"gold_loss":0.0,"damage_taken":0.0,"cards_obtained":["Doubt"]},{"damage_healed":0.0,"max_hp_gain":0.0,"max_hp_loss":0.0,"gold_gain":0.0,"event_name":"The Woman in Blue","player_choice":"Bought 0 Potions","floor":38.0,"gold_loss":0.0,"damage_taken":0.0}],"is_beta":false,"boss_relics":[{"not_picked":["hubris:Stopwatch","ReplayTheSpireMod:DimensionalGlitch"],"picked":"expansioncontent:StudyCardRelic"},{"not_picked":["energizedSpire:HugeHouse","conspire:SlowCooker"],"picked":"Empty Cage"}],"items_purged_floors":[28,45,54],"is_endless":false,"potions_floor_spawned":[10,12,14,16,19,25,30,33,35,39,40,44],"ascension_level":20}}