{"host":"2d0rd30cigwncx1y","time":1612463063,"event":{"mods":["BaseMod","Colored Map","Colored Powertips","Downfall","MarisaÅiñ∂âJÅ@ñÇóùçπÅj","Minty Spire (QoL Compilation)","Replay The Spire","StSLib","The Alterego","The Marked","The Servant 0.9.4"],"gold_per_floor":[99,99,99,99,174,1,73,73,87,122,22,47,67,82,96,198,198,198,214,77,94,79,92,115,144,161,161,261,277,288,305,321,321,321,321],"floor_reached":33,"language":"ENG","playtime":2277,"items_purged":[],"score":354,"play_id":"c06bb809-3978-434e-a05c-eea527e02b23","local_time":"20210204192423","is_ascension_mode":false,"campfire_choices":[{"data":"Slimebound:CorrosiveSpit","floor":1.0,"key":"SMITH"},{"data":"Slimebound:AcidTongue","floor":8.0,"key":"SMITH"},{"data":"Slimebound:WasteNot","floor":11.0,"key":"SMITH"},{"data":"Slimebound:DouseInSlime","floor":18.0,"key":"SMITH"}],"circlet_count":0,"master_deck":["Slimebound:Strike_Slimebound","Slimebound:Strike_Slimebound","Slimebound:Tackle","Slimebound:Defend_Slimebound","Slimebound:Defend_Slimebound","Slimebound:Defend_Slimebound","Slimebound:Defend_Slimebound","Slimebound:Split","Slimebound:CorrosiveSpit+1","Slimebound:SplitMire","Slimebound:LeechingTouch","Slimebound:OneTwoCombo+1","Slimebound:AcidTongue+1","Slimebound:SamplingLick","Slimebound:ItLooksTasty","Slimebound:SlimeSpikes","Slimebound:WasteNot+1","Slimebound:LivingWall","Slimebound:SpikyOuterGoop","Slimebound:SplitMire","Slimebound:DouseInSlime+1","Slimebound:Schlurp","Slimebound:RainOfGoop","Slimebound:AcidTongue","Slimebound:PressTheAttack","Slimebound:ViciousTackle+1","Slimebound:Grow+1","Slimebound:LivingWall","Slimebound:Schlurp","Slimebound:TongueLash","Slimebound:LeechEnergy","Slimebound:Schlurp","Slimebound:PressTheAttack","Slimebound:SlimeBarrage+1","Slimebound:LivingWall"],"relics":["Slimebound:AbsorbEndCombat","downfall:HeartsMalice","Meat on the Bone","downfall:HeartBlessingBlue","Happy Flower","Philosopher\u0027s Stone","Slimebound:AggressiveSlimeRelic","Strawberry","Gambling Chip","Eternal Feather"],"acts_visited":["Exordium","TheCity"],"potions_floor_usage":[33],"damage_taken":[{"damage":0.0,"enemies":"2 Louse","floor":2.0,"turns":1.0},{"damage":0.0,"enemies":"Jaw Worm","floor":3.0,"turns":1.0},{"damage":0.0,"enemies":"downfall:FleeingMerchant","floor":6.0,"turns":1.0},{"damage":0.0,"enemies":"Small Slimes","floor":9.0,"turns":3.0},{"damage":9.0,"enemies":"Gremlin Nob","floor":10.0,"turns":4.0},{"damage":19.0,"enemies":"Lagavulin","floor":12.0,"turns":5.0},{"damage":3.0,"enemies":"Red Slaver","floor":13.0,"turns":3.0},{"damage":1.0,"enemies":"2 Fungi Beasts","floor":14.0,"turns":3.0},{"damage":10.0,"enemies":"Blue Slaver","floor":15.0,"turns":2.0},{"damage":18.0,"enemies":"IC_STATUS_ARCHETYPE","floor":16.0,"turns":7.0},{"damage":29.0,"enemies":"3 Byrds","floor":19.0,"turns":5.0},{"damage":2.0,"enemies":"downfall:FleeingMerchant","floor":20.0,"turns":4.0},{"damage":11.0,"enemies":"Shell Parasite","floor":21.0,"turns":5.0},{"damage":3.0,"enemies":"downfall:FleeingMerchant","floor":22.0,"turns":4.0},{"damage":15.0,"enemies":"Chosen and Byrds","floor":23.0,"turns":4.0},{"damage":49.0,"enemies":"Slavers","floor":25.0,"turns":5.0},{"damage":10.0,"enemies":"3 Cultists","floor":26.0,"turns":5.0},{"damage":33.0,"enemies":"DF_ARCHETYPE_STREAMLINE","floor":28.0,"turns":5.0},{"damage":3.0,"enemies":"Centurion and Healer","floor":29.0,"turns":4.0},{"damage":9.0,"enemies":"Cultist and Chosen","floor":30.0,"turns":5.0},{"damage":10.0,"enemies":"Snake Plant","floor":31.0,"turns":3.0},{"damage":31.0,"enemies":"Shelled Parasite and Fungi","floor":32.0,"turns":5.0},{"damage":44,"enemies":"SI_MIRROR_ARCHETYPE","floor":33,"turns":6}],"seed_played":"-3209079098828398155","potions_obtained":[{"floor":10.0,"key":"Elixir"},{"floor":12.0,"key":"Dexterity Potion"},{"floor":13.0,"key":"sneckomod:MuddlingPotion"},{"floor":14.0,"key":"Fire Potion"},{"floor":19.0,"key":"Fire Potion"},{"floor":25.0,"key":"SkillPotion"},{"floor":26.0,"key":"AttackPotion"},{"floor":30.0,"key":"bronze:BurnAndBuffPotion"}],"is_trial":false,"path_per_floor":["R","M","M","?","?","$","T","R","M","E","R","E","M","M","M","B",null,"R","M","$","M","$","M","T","E","M","?","?","M","M","M","M","B"],"character_chosen":"SLIMEBOUND","items_purchased":["Slimebound:AcidTongue","Slimebound:SamplingLick","Slimebound:ItLooksTasty","Slimebound:AcidTongue","Slimebound:PressTheAttack"],"campfire_rested":0,"item_purchase_floors":[6,6,6,20,20],"current_hp_per_floor":[65,65,65,65,65,65,65,65,65,62,72,58,63,68,64,54,75,75,52,58,55,56,49,49,27,37,37,22,39,50,46,35,0,0,0],"gold":321,"neow_bonus":"THREE_ENEMY_KILL","is_daily":false,"chose_seed":false,"campfire_upgraded":4,"win_rate":0.0,"timestamp":1612463063,"path_taken":["R","M","M","?","?","?","T","R","M","E","R","E","M","M","M","BOSS","R","M","$","M","$","M","T","E","M","?","?","M","M","M","M","BOSS"],"items_purchased_type":["Card","Card","Card","Card","Card"],"build_version":"2020-12-22","purchased_purges":0,"victory":false,"max_hp_per_floor":[65,65,65,65,65,65,65,65,65,65,75,75,75,75,75,75,75,75,75,75,75,75,75,75,82,82,82,82,82,82,82,82,82,82,82],"card_choices":[{"not_picked":["Slimebound:SamplingLick","Slimebound:Nibble"],"picked":"Slimebound:SplitMire","floor":2.0},{"not_picked":["Slimebound:ItLooksTasty","Slimebound:BestDefense"],"picked":"Slimebound:LeechingTouch","floor":3.0},{"not_picked":["Slimebound:DisruptingSlam","Slimebound:SplitAcid","Slimebound:SlimeBrawl"],"picked":"SKIP","floor":6.0},{"not_picked":["Slimebound:FormOfPuddle","Slimebound:SamplingLick"],"picked":"Slimebound:SlimeSpikes","floor":9.0},{"not_picked":["Slimebound:GoopSpray","Slimebound:MinionMaster"],"picked":"Slimebound:WasteNot","floor":10.0},{"not_picked":["Slimebound:SlimeSpikes","Slimebound:DivideAndConquer"],"picked":"Slimebound:LivingWall","floor":12.0},{"not_picked":["Slimebound:GrowthPunch","Slimebound:Chomp","Slimebound:ForwardTackle"],"picked":"SKIP","floor":13.0},{"not_picked":["Slimebound:GoopTackle","Slimebound:Prepare"],"picked":"Slimebound:SpikyOuterGoop","floor":14.0},{"not_picked":["Slimebound:FlameTackle","Slimebound:Prepare"],"picked":"Slimebound:SplitMire","floor":15.0},{"not_picked":["Slimebound:TagTeam","Slimebound:MassFeed"],"picked":"Slimebound:DouseInSlime","floor":16.0},{"not_picked":["Slimebound:SlimeSpikes+1","Slimebound:ComboTackle+1"],"picked":"Slimebound:Schlurp","floor":19.0},{"not_picked":["Slimebound:LevelUp+1","Slimebound:SplitAcid"],"picked":"Slimebound:RainOfGoop","floor":20.0},{"not_picked":["Slimebound:SplitAcid","Slimebound:SlimeTap+1"],"picked":"Slimebound:ViciousTackle+1","floor":21.0},{"not_picked":["Slimebound:SplitSpecialist","Slimebound:FormOfPuddle+1"],"picked":"Slimebound:Grow+1","floor":22.0},{"not_picked":["Slimebound:SplitAcid","Slimebound:GoopTackle"],"picked":"Slimebound:LivingWall","floor":23.0},{"not_picked":["Slimebound:Prepare+1","Slimebound:GrowthPunch"],"picked":"Slimebound:Schlurp","floor":25.0},{"not_picked":["Slimebound:RejuvenatingLick","Slimebound:Dissolve"],"picked":"Slimebound:TongueLash","floor":26.0},{"not_picked":["Slimebound:Prepare","Slimebound:Dissolve"],"picked":"Slimebound:LeechEnergy","floor":28.0},{"not_picked":["Slimebound:Chomp","Slimebound:FirmFortitude"],"picked":"Slimebound:Schlurp","floor":29.0},{"not_picked":["Slimebound:GrowthPunch","Slimebound:SplitBruiser+1"],"picked":"Slimebound:PressTheAttack","floor":30.0},{"not_picked":["Slimebound:SplitBruiser+1","Slimebound:ForwardTackle+1"],"picked":"Slimebound:SlimeBarrage+1","floor":31.0},{"not_picked":["Slimebound:ComboTackle","Slimebound:GoopSpray"],"picked":"Slimebound:LivingWall","floor":32.0}],"player_experience":134160,"relics_obtained":[{"floor":10.0,"key":"Meat on the Bone"},{"floor":12.0,"key":"Happy Flower"},{"floor":24.0,"key":"Slimebound:AggressiveSlimeRelic"},{"floor":25.0,"key":"Strawberry"},{"floor":28.0,"key":"Gambling Chip"},{"floor":28.0,"key":"Eternal Feather"}],"event_choices":[{"damage_healed":0.0,"max_hp_gain":0.0,"max_hp_loss":0.0,"gold_gain":0.0,"event_name":"Ghosts","player_choice":"Ignored","floor":27.0,"gold_loss":0.0,"damage_taken":0.0}],"is_beta":false,"boss_relics":[{"not_picked":["Replay:Ancient Bell","SacredBark"],"picked":"Philosopher\u0027s Stone"}],"items_purged_floors":[],"is_endless":false,"potions_floor_spawned":[10,12,13,14,15,19,21,25,26,30,31],"killed_by":"SI_MIRROR_ARCHETYPE","ascension_level":0}}