{"host":"3po7ngt2j61s4rmj","time":1612414003,"event":{"mods":["Act Like it!","BaseMod","Elementarium","Minty Spire (QoL Compilation)","Relic Stats","Shade Mod","StSLib","The Cursed"],"gold_per_floor":[115,115,140,153,167,208,231,231,231,262,262,42,61,74,74,193,193,209,98,114,114,10,10,41,41,41,75,75,94,10,34,34,157,157,171,171,186,41,41,41,59,59,59,59,97,47,91,154,154,154,154,154,5,45,45],"floor_reached":56,"language":"ENG","playtime":8738,"items_purged":["Dramatic Entrance"],"score":1326,"play_id":"633f9b9c-d6dc-4bd2-aea5-c52b3df4eec6","local_time":"20210203214643","is_ascension_mode":false,"campfire_choices":[{"data":"TheCursedMod:SpitefulPlan","floor":11.0,"key":"SMITH"},{"data":"TheCursedMod:TacticalStrike","floor":15.0,"key":"SMITH"},{"data":"TheCursedMod:CollectTribute","floor":23.0,"key":"SMITH"},{"data":"TheCursedMod:ReleasedKnowledge","floor":25.0,"key":"SMITH"},{"data":"TheCursedMod:CursedRelics","floor":32.0,"key":"SMITH"},{"floor":40.0,"key":"RECALL"},{"data":"Elementarium:EarthblessedBlade","floor":42.0,"key":"SMITH"},{"data":"TheCursedMod:Torture","floor":49.0,"key":"SMITH"},{"data":"TheCursedMod:Torture","floor":52.0,"key":"SMITH"}],"circlet_count":0,"master_deck":["TheCursedMod:CursedWand","TheCursedMod:CleanUpWorkshop","TheCursedMod:Dregs","TheCursedMod:SpitefulPlan+1","TheCursedMod:FleshFromBone","TheCursedMod:CircleOfCorruption","TheCursedMod:TacticalStrike+1","TheCursedMod:WearCloak","TheCursedMod:TacticalStrike","TheCursedMod:Hemoplague","TheCursedMod:ReleasedKnowledge+1","TheCursedMod:CollectTribute+1","TheCursedMod:CursedAmulet+1","TheCursedMod:CursedMace+1","TheCursedMod:CursedRelics+1","Elementarium:FireblessedBlade","Elementarium:WindblessedBlade","Elementarium:EarthblessedBlade+1","Elementarium:IceblessedBlade","Elementarium:VoidblessedBlade","TheCursedMod:WearCloak+1","Impatience","TheCursedMod:SurpriseAttack+1","TheCursedMod:NeowsMight","TheCursedMod:CursedStaff","TheCursedMod:Neurasthenia","TheCursedMod:CursedSpellbook","TheCursedMod:TroublousMinions","TheCursedMod:CursedStaff+1","TheCursedMod:CircleOfBlood","TheCursedMod:ReleasedStrength","TheCursedMod:AshesToAshes","TheCursedMod:CircleOfFlame+1","TheCursedMod:CircleOfCorruption+1","Madness","Madness","TheCursedMod:Torture+1","TheCursedMod:Torture+1","TheCursedMod:ShockAndAwe"],"relics":["TheCursedMod:BlackMagic101","Smiling Mask","Golden Idol","Ancient Tea Set","Juzu Bracelet","InkBottle","Blood Vial","Frozen Eye","Coffee Dripper","Elementarium:HuntersBracer","Elementarium:FlickeringLantern","HornCleat","Omamori","TungstenRod","Elementarium:ElementariumTrophy","Pandora\u0027s Box","OrangePellets","Akabeko","Whetstone","TheCursedMod:Tack","Ginger","Toolbox","Bottled Flame"],"acts_visited":["Exordium","Exordium","TheBeyond","TheEnding"],"potions_floor_usage":[54,54],"damage_taken":[{"damage":4.0,"enemies":"Cultist","floor":1.0,"turns":4.0},{"damage":1.0,"enemies":"Jaw Worm","floor":4.0,"turns":5.0},{"damage":1.0,"enemies":"2 Louse","floor":5.0,"turns":5.0},{"damage":29.0,"enemies":"Gremlin Nob","floor":6.0,"turns":5.0},{"damage":6.0,"enemies":"Exordium Wildlife","floor":7.0,"turns":4.0},{"damage":7.0,"enemies":"3 Sentries","floor":10.0,"turns":14.0},{"damage":10.0,"enemies":"Looter","floor":13.0,"turns":2.0},{"damage":0.0,"enemies":"Gremlin Gang","floor":14.0,"turns":4.0},{"damage":14.0,"enemies":"The Guardian","floor":16.0,"turns":9.0},{"damage":8.0,"enemies":"Elementarium:Cyclone","floor":18.0,"turns":6.0},{"damage":1.0,"enemies":"Elementarium:VoidCorruption","floor":20.0,"turns":6.0},{"damage":7.0,"enemies":"Elementarium:ElementalPortal","floor":24.0,"turns":8.0},{"damage":2.0,"enemies":"Elementarium:WarGolem","floor":27.0,"turns":4.0},{"damage":0.0,"enemies":"Elementarium:STONE_GOLEMS","floor":29.0,"turns":3.0},{"damage":0.0,"enemies":"Elementarium:RubyGolem","floor":31.0,"turns":2.0},{"damage":0.0,"enemies":"Elementarium:GolemEmperor","floor":33.0,"turns":6.0},{"damage":10.0,"enemies":"3 Darklings","floor":35.0,"turns":3.0},{"damage":0.0,"enemies":"Orb Walker","floor":37.0,"turns":2.0},{"damage":14.0,"enemies":"Writhing Mass","floor":41.0,"turns":4.0},{"damage":5.0,"enemies":"Nemesis","floor":45.0,"turns":5.0},{"damage":0.0,"enemies":"Giant Head","floor":47.0,"turns":6.0},{"damage":0.0,"enemies":"Mind Bloom Boss Battle","floor":48.0,"turns":3.0},{"damage":21.0,"enemies":"Time Eater","floor":50.0,"turns":7.0},{"damage":7,"enemies":"Shield and Spear","floor":54,"turns":3},{"damage":16,"enemies":"The Heart","floor":55,"turns":6}],"seed_played":"-7810102791636357835","potions_obtained":[{"floor":4.0,"key":"SteroidPotion"},{"floor":5.0,"key":"Explosive Potion"},{"floor":10.0,"key":"Explosive Potion"},{"floor":14.0,"key":"ColorlessPotion"},{"floor":20.0,"key":"Regen Potion"},{"floor":27.0,"key":"SkillPotion"},{"floor":33.0,"key":"Strength Potion"},{"floor":35.0,"key":"Explosive Potion"},{"floor":37.0,"key":"FearPotion"},{"floor":47.0,"key":"LiquidMemories"}],"is_trial":false,"path_per_floor":["M","?","T","M","M","E","M","?","T","E","R","$","M","M","R","B",null,"M","?","M","?","?","R","E","R","T","E","?","M","$","M","R","B",null,"M","?","M","$","?","R","M","R","T","?","E","$","E","?","R","B",null,"R","$","E","B",null],"character_chosen":"THE_CURSED","items_purchased":["Frozen Eye","TheCursedMod:Hemoplague","Impatience","OrangePellets","Toolbox"],"campfire_rested":0,"item_purchase_floors":[12,12,30,38,53],"current_hp_per_floor":[71,53,53,52,51,22,16,41,41,34,34,34,26,28,28,16,75,67,67,68,68,68,68,75,75,75,73,45,45,45,45,45,45,45,39,39,43,43,38,38,26,26,26,26,29,29,37,39,39,22,45,45,45,38,24],"gold":45,"neow_bonus":"RANDOM_COMMON_RELIC","is_daily":false,"chose_seed":false,"campfire_upgraded":8,"win_rate":0.0,"timestamp":1612414003,"path_taken":["M","?","?","?","M","E","M","?","T","E","R","$","M","M","R","BOSS","M","?","M","?","?","R","E","R","T","E","?","M","?","M","R","BOSS","M","?","M","?","?","R","M","R","T","?","E","?","E","?","R","BOSS","R","$","E","BOSS"],"items_purchased_type":["Relic","Card","Card","Relic","Relic"],"build_version":"2020-12-22","purchased_purges":1,"victory":true,"max_hp_per_floor":[75,75,75,75,75,75,75,75,75,75,75,75,75,75,75,75,75,75,75,75,75,75,75,75,75,75,75,45,45,45,45,45,45,45,45,45,45,45,45,45,45,45,45,45,45,45,45,45,45,45,45,45,45,45,45],"relic_stats":{"Blood Vial":24,"OrangePellets":[2],"counters":[25,126],"Golden Idol":206,"Pandora\u0027s Box":["TheCursedMod:CursedStaff","TheCursedMod:Neurasthenia","TheCursedMod:CursedSpellbook","TheCursedMod:TroublousMinions","TheCursedMod:CursedStaff","TheCursedMod:CircleOfBlood","TheCursedMod:ReleasedStrength","TheCursedMod:AshesToAshes"],"Juzu Bracelet":3,"Whetstone":["TheCursedMod:CursedStaff","TheCursedMod:SurpriseAttack"],"Ginger":[5],"Smiling Mask":25,"obtain_stats":[{"TheCursedMod:BlackMagic101":0,"Golden Idol":2,"TheCursedMod:Tack":47,"Elementarium:HuntersBracer":19,"Juzu Bracelet":6,"Omamori":24,"Whetstone":45,"Ginger":48,"Smiling Mask":0,"Ancient Tea Set":3,"Akabeko":43,"Blood Vial":10,"Frozen Eye":12,"OrangePellets":38,"Bottled Flame":54,"HornCleat":22,"Elementarium:ElementariumTrophy":33,"Toolbox":53,"Pandora\u0027s Box":34,"Coffee Dripper":17,"InkBottle":9,"Elementarium:FlickeringLantern":21,"TungstenRod":27},{"TheCursedMod:BlackMagic101":0,"Golden Idol":1,"TheCursedMod:Tack":21,"Elementarium:HuntersBracer":10,"Juzu Bracelet":4,"Omamori":12,"Whetstone":20,"Ginger":22,"Smiling Mask":0,"Ancient Tea Set":1,"Akabeko":19,"Blood Vial":6,"Frozen Eye":6,"OrangePellets":18,"Bottled Flame":24,"HornCleat":11,"Elementarium:ElementariumTrophy":16,"Toolbox":23,"Pandora\u0027s Box":16,"Coffee Dripper":9,"InkBottle":5,"Elementarium:FlickeringLantern":11,"TungstenRod":13},{"TheCursedMod:BlackMagic101":0,"Golden Idol":4,"TheCursedMod:Tack":107,"Elementarium:HuntersBracer":58,"Juzu Bracelet":19,"Omamori":72,"Whetstone":101,"Ginger":110,"Smiling Mask":0,"Ancient Tea Set":4,"Akabeko":96,"Blood Vial":37,"Frozen Eye":37,"OrangePellets":92,"Bottled Flame":120,"HornCleat":64,"Elementarium:ElementariumTrophy":87,"Toolbox":117,"Pandora\u0027s Box":87,"Coffee Dripper":52,"InkBottle":23,"Elementarium:FlickeringLantern":64,"TungstenRod":76}],"InkBottle":[53],"TungstenRod":44},"card_choices":[{"not_picked":["TheCursedMod:VitalStrike","TheCursedMod:WearCloak"],"picked":"TheCursedMod:SpitefulPlan","floor":1.0},{"not_picked":["TheCursedMod:Stretching","TheCursedMod:Stigma"],"picked":"TheCursedMod:FleshFromBone","floor":4.0},{"not_picked":["TheCursedMod:SpitefulStrike","TheCursedMod:ReleasedKnowledge"],"picked":"TheCursedMod:CircleOfCorruption","floor":5.0},{"not_picked":["TheCursedMod:RavingStaff","TheCursedMod:Stigma"],"picked":"TheCursedMod:TacticalStrike","floor":6.0},{"not_picked":["TheCursedMod:VitalStrike","TheCursedMod:DoubleShield"],"picked":"TheCursedMod:WearCloak","floor":7.0},{"not_picked":["TheCursedMod:CircleOfFlame","TheCursedMod:Evocation"],"picked":"TheCursedMod:TacticalStrike","floor":10.0},{"not_picked":["TheCursedMod:SmokeScreen","TheCursedMod:RavingStaff"],"picked":"TheCursedMod:ReleasedKnowledge","floor":13.0},{"not_picked":["TheCursedMod:SpitefulStrike","TheCursedMod:Evocation","TheCursedMod:RavingStaff"],"picked":"SKIP","floor":14.0},{"not_picked":["TheCursedMod:NeowsMight","TheCursedMod:UltimatePain"],"picked":"TheCursedMod:CollectTribute","floor":16.0},{"not_picked":["TheCursedMod:SaltUponWound","TheCursedMod:AshesToAshes","TheCursedMod:Stretching"],"picked":"SKIP","floor":18.0},{"not_picked":["TheCursedMod:AshesToAshes","TheCursedMod:FleshFromBone"],"picked":"TheCursedMod:CursedAmulet+1","floor":20.0},{"not_picked":["TheCursedMod:Stigma","TheCursedMod:SmokeScreen+1"],"picked":"TheCursedMod:CursedMace+1","floor":24.0},{"not_picked":["TheCursedMod:VitalStrike+1","TheCursedMod:CircleOfFocus"],"picked":"TheCursedMod:CursedRelics","floor":27.0},{"not_picked":["TheCursedMod:Stigma+1","TheCursedMod:CursedBlade+1"],"picked":"TheCursedMod:WearCloak+1","floor":29.0},{"not_picked":["TheCursedMod:PrepareRite","TheCursedMod:WearCloak"],"picked":"TheCursedMod:SurpriseAttack","floor":31.0},{"not_picked":["TheCursedMod:DarkBarrier","TheCursedMod:CircleOfAbyss"],"picked":"TheCursedMod:NeowsMight","floor":33.0},{"not_picked":["TheCursedMod:SoulReap+1","TheCursedMod:Wield"],"picked":"TheCursedMod:CircleOfFlame+1","floor":35.0},{"not_picked":["TheCursedMod:CursedSpellbook","TheCursedMod:BlessingInDisguise+1"],"picked":"TheCursedMod:CircleOfCorruption+1","floor":37.0},{"not_picked":["TheCursedMod:DoubleShield","TheCursedMod:TacticalStrike+1","TheCursedMod:TroublousMinions"],"picked":"SKIP","floor":41.0},{"not_picked":["TheCursedMod:VitalStrike+1","TheCursedMod:SpitefulStrike"],"picked":"TheCursedMod:Torture","floor":45.0},{"not_picked":["TheCursedMod:BloodBarrier","TheCursedMod:SurpriseAttack+1","TheCursedMod:SpitefulStrike+1"],"picked":"SKIP","floor":47.0},{"not_picked":["TheCursedMod:Wield+1","TheCursedMod:VitalStrike"],"picked":"TheCursedMod:Torture","floor":48.0},{"not_picked":["TheCursedMod:TacticalStrike","TheCursedMod:CursedBlade+1"],"picked":"TheCursedMod:ShockAndAwe","floor":54}],"player_experience":1035300,"relics_obtained":[{"floor":3.0,"key":"Ancient Tea Set"},{"floor":6.0,"key":"Juzu Bracelet"},{"floor":9.0,"key":"InkBottle"},{"floor":10.0,"key":"Blood Vial"},{"floor":24.0,"key":"Omamori"},{"floor":27.0,"key":"TungstenRod"},{"floor":43.0,"key":"Akabeko"},{"floor":45.0,"key":"Whetstone"},{"floor":47.0,"key":"TheCursedMod:Tack"},{"floor":48.0,"key":"Ginger"},{"floor":54,"key":"Bottled Flame"}],"event_choices":[{"damage_healed":0.0,"max_hp_gain":0.0,"max_hp_loss":0.0,"gold_gain":0.0,"event_name":"Golden Idol","player_choice":"Take Damage","floor":2.0,"gold_loss":0.0,"damage_taken":18.0,"relics_obtained":["Golden Idol"]},{"damage_healed":25.0,"max_hp_gain":0.0,"max_hp_loss":0.0,"gold_gain":0.0,"event_name":"Big Fish","player_choice":"Banana","floor":8.0,"gold_loss":0.0,"damage_taken":0.0},{"damage_healed":0.0,"max_hp_gain":0.0,"max_hp_loss":0.0,"gold_gain":0.0,"event_name":"Elementarium:BigGameHunter","player_choice":"Sling","floor":19.0,"gold_loss":111.0,"damage_taken":0.0,"relics_obtained":["Elementarium:HuntersBracer"]},{"damage_healed":0.0,"max_hp_gain":0.0,"max_hp_loss":0.0,"gold_gain":0.0,"event_name":"Elementarium:HeartOfTheVoid","player_choice":"Take","floor":21.0,"gold_loss":0.0,"damage_taken":0.0,"relics_obtained":["Elementarium:FlickeringLantern"]},{"damage_healed":0.0,"max_hp_gain":0.0,"max_hp_loss":0.0,"gold_gain":0.0,"event_name":"Elementarium:ShatteredPortal","player_choice":"Gold","floor":22.0,"gold_loss":104.0,"damage_taken":0.0,"relics_obtained":["HornCleat"]},{"damage_healed":0.0,"max_hp_gain":0.0,"max_hp_loss":30.0,"gold_gain":0.0,"event_name":"Elementarium:ElementalBlades","player_choice":"Touch","floor":28.0,"gold_loss":0.0,"damage_taken":0.0,"cards_obtained":["Elementarium:FireblessedBlade","Elementarium:WindblessedBlade","Elementarium:EarthblessedBlade","Elementarium:IceblessedBlade","Elementarium:VoidblessedBlade"]},{"damage_healed":0.0,"max_hp_gain":0.0,"max_hp_loss":0.0,"gold_gain":0.0,"event_name":"Match and Keep!","player_choice":"1 cards matched","floor":36.0,"gold_loss":0.0,"damage_taken":0.0,"cards_obtained":["Discovery"]},{"damage_healed":0.0,"max_hp_gain":0.0,"max_hp_loss":0.0,"gold_gain":0.0,"event_name":"Winding Halls","player_choice":"Embrace Madness","floor":39.0,"gold_loss":0.0,"damage_taken":6.0,"cards_obtained":["Madness","Madness"]},{"damage_healed":0.0,"max_hp_gain":0.0,"max_hp_loss":0.0,"gold_gain":0.0,"cards_transformed":["Discovery"],"event_name":"Transmorgrifier","player_choice":"Transformed","floor":44.0,"gold_loss":0.0,"damage_taken":0.0,"cards_obtained":["Dramatic Entrance"]},{"damage_healed":0.0,"max_hp_gain":0.0,"max_hp_loss":0.0,"gold_gain":0.0,"event_name":"MindBloom","player_choice":"Fight","floor":48.0,"gold_loss":0.0,"damage_taken":0.0}],"is_beta":false,"boss_relics":[{"not_picked":["Sozu","Runic Dome"],"picked":"Coffee Dripper"},{"not_picked":["Empty Cage","Runic Pyramid"],"picked":"Pandora\u0027s Box"}],"items_purged_floors":[46],"is_endless":false,"potions_floor_spawned":[4,5,10,14,20,27,33,35,37,47],"ascension_level":0}}