{"host":"rmt60uil2jppa14k","time":1612442129,"event":{"mods":["AchievementEnabler","BaseMod","Minty Spire (QoL Compilation)","Quick Restart","StSLib"],"gold_per_floor":[111,111,4,15,15,42,52,52,79,109,184,200,216,54,54,153,153,172,172,30,42,54,54,73,73,73,87,87,87,87,87],"floor_reached":30,"language":"ENG","playtime":1225,"items_purged":[],"score":255,"play_id":"4209f905-10f8-4337-9554-0ed906d06276","local_time":"20210204123529","is_ascension_mode":false,"campfire_choices":[{"floor":15.0,"key":"REST"},{"floor":23,"key":"REST"},{"floor":28,"key":"REST"}],"circlet_count":0,"master_deck":["Strike_P","Strike_P","Strike_P","Strike_P","Defend_P","Defend_P","Defend_P","Defend_P","Eruption","Vigilance","FollowUp","TalkToTheHand","LikeWater","ClearTheMind","Judgement","BattleHymn","CrushJoints","EmptyBody","SashWhip","Apotheosis","Devotion","FearNoEvil+1","EmptyBody","Sanctity","EmptyFist","BattleHymn+1","Conclude","Evaluate+1","Decay"],"relics":["PureWater","NeowsBlessing","Bronze Scales","Vajra","Odd Mushroom","Nilry\u0027s Codex","Ornamental Fan"],"acts_visited":["Exordium","TheCity"],"potions_floor_usage":[21],"damage_taken":[{"damage":0.0,"enemies":"2 Louse","floor":1.0,"turns":1.0},{"damage":0.0,"enemies":"Jaw Worm","floor":4.0,"turns":1.0},{"damage":0.0,"enemies":"Lagavulin","floor":6.0,"turns":1.0},{"damage":7.0,"enemies":"Small Slimes","floor":7.0,"turns":2.0},{"damage":0.0,"enemies":"The Mushroom Lair","floor":10.0,"turns":3.0},{"damage":1.0,"enemies":"Exordium Wildlife","floor":12.0,"turns":3.0},{"damage":4.0,"enemies":"Red Slaver","floor":13.0,"turns":2.0},{"damage":30.0,"enemies":"Slime Boss","floor":16.0,"turns":6.0},{"damage":20,"enemies":"Spheric Guardian","floor":18,"turns":5},{"damage":12,"enemies":"2 Thieves","floor":21,"turns":3},{"damage":34,"enemies":"Centurion and Healer","floor":22,"turns":3},{"damage":29,"enemies":"Snake Plant","floor":24,"turns":3},{"damage":6,"enemies":"Snecko","floor":27,"turns":5},{"damage":32,"enemies":"Centurion and Healer","floor":30,"turns":5}],"seed_played":"-7969784187253425775","potions_obtained":[{"floor":7.0,"key":"AttackPotion"},{"floor":12.0,"key":"Ancient Potion"},{"floor":13.0,"key":"PowerPotion"},{"floor":22,"key":"SneckoOil"},{"floor":24,"key":"SpeedPotion"}],"is_trial":false,"path_per_floor":["M","?","$","M","$","E","M","?","T","?","?","M","M","$","R","B",null,"M","?","$","M","M","R","M","?","T","M","R","?","M"],"character_chosen":"WATCHER","items_purchased":["TalkToTheHand","LikeWater","Apotheosis","EmptyBody","Sanctity","PowerPotion"],"campfire_rested":3,"item_purchase_floors":[3,3,14,20,20,20],"current_hp_per_floor":[72,72,72,72,72,72,65,70,70,70,59,58,54,54,77,47,77,57,77,77,65,31,54,25,9,9,3,26,26,0,0],"gold":87,"neow_bonus":"THREE_ENEMY_KILL","is_daily":false,"chose_seed":false,"campfire_upgraded":0,"win_rate":0.0,"timestamp":1612442129,"path_taken":["M","?","$","M","$","E","M","?","T","?","?","M","?","?","R","BOSS","M","?","$","M","M","R","?","?","T","M","R","?","M"],"items_purchased_type":["Card","Card","Card","Card","Card","Potion"],"build_version":"2020-12-22","purchased_purges":0,"victory":false,"max_hp_per_floor":[72,72,72,72,72,72,72,77,77,77,77,77,77,77,77,77,77,77,77,77,77,77,77,77,77,77,77,77,77,77,77],"card_choices":[{"not_picked":["Worship","ClearTheMind"],"picked":"FollowUp","floor":1.0},{"not_picked":["Weave","Evaluate"],"picked":"ClearTheMind","floor":4.0},{"not_picked":["Scrawl","SashWhip"],"picked":"Judgement","floor":6.0},{"not_picked":["SashWhip","Indignation"],"picked":"BattleHymn","floor":7.0},{"not_picked":["BowlingBash","ClearTheMind"],"picked":"CrushJoints","floor":10.0},{"not_picked":["Adaptation","Protect"],"picked":"EmptyBody","floor":12.0},{"not_picked":["Crescendo","CrushJoints"],"picked":"SashWhip","floor":13.0},{"not_picked":["ConjureBlade","Blasphemy"],"picked":"Devotion","floor":16.0},{"not_picked":["PathToVictory","Crescendo"],"picked":"FearNoEvil+1","floor":18},{"not_picked":["Perseverance","JustLucky+1"],"picked":"EmptyFist","floor":21},{"not_picked":["BowlingBash","JustLucky+1"],"picked":"BattleHymn+1","floor":22},{"not_picked":["Evaluate","Sanctity"],"picked":"Conclude","floor":24},{"not_picked":["Nirvana+1","JustLucky"],"picked":"Evaluate+1","floor":27}],"player_experience":131100,"relics_obtained":[{"floor":6.0,"key":"Bronze Scales"},{"floor":9.0,"key":"Vajra"},{"floor":10.0,"key":"Odd Mushroom"},{"floor":25,"key":"Nilry\u0027s Codex"},{"floor":26,"key":"Ornamental Fan"}],"event_choices":[{"damage_healed":0.0,"max_hp_gain":0.0,"max_hp_loss":0.0,"gold_gain":0.0,"event_name":"Golden Wing","player_choice":"Ignored","floor":2.0,"gold_loss":0.0,"damage_taken":0.0},{"damage_healed":0.0,"max_hp_gain":5.0,"max_hp_loss":0.0,"gold_gain":0.0,"event_name":"Big Fish","player_choice":"Donut","floor":8.0,"gold_loss":0.0,"damage_taken":0.0},{"damage_healed":0.0,"max_hp_gain":0.0,"max_hp_loss":0.0,"gold_gain":0.0,"event_name":"Mushrooms","player_choice":"Fought Mushrooms","floor":10.0,"gold_loss":0.0,"damage_taken":0.0},{"damage_healed":0.0,"max_hp_gain":0.0,"max_hp_loss":0.0,"gold_gain":75.0,"event_name":"World of Goop","player_choice":"Gather Gold","floor":11.0,"gold_loss":0.0,"damage_taken":11.0},{"damage_healed":20,"gold_gain":0,"player_choice":"Full Heal","damage_taken":0,"max_hp_gain":0,"max_hp_loss":0,"event_name":"Wheel of Change","floor":19,"gold_loss":0},{"damage_healed":0,"gold_gain":0,"player_choice":"Obtained Book","damage_taken":16,"max_hp_gain":0,"max_hp_loss":0,"event_name":"Cursed Tome","floor":25,"gold_loss":0},{"damage_healed":0,"gold_gain":0,"player_choice":"Smashed Altar","damage_taken":0,"max_hp_gain":0,"max_hp_loss":0,"event_name":"Forgotten Altar","floor":29,"gold_loss":0,"cards_obtained":["Decay"]}],"is_beta":false,"boss_relics":[{"not_picked":["Pandora\u0027s Box","Snecko Eye","Philosopher\u0027s Stone"]}],"items_purged_floors":[],"is_endless":false,"potions_floor_spawned":[7,12,13,22,24],"killed_by":"Centurion and Healer","ascension_level":0}}