{"host":"0s8kyghz8ihx2r41","time":1612463770,"event":{"mods":["2.2 Compatiblity","Act Like it!","Bard","BaseMod","CapriCore","Chen","Conspire","Downfall","Friendly Minions","Hermit","HololiveMod","Hubris","Koishi","Lobotomy","LobotomyExtend","Marisa（霧雨　魔理沙）","Minty Spire (QoL Compilation)","Prisma Mod","READ ME - Snecko Mod","Reimu（博??梦）","Replay The Spire","Spire Birthday Party","StSLib","The Clintock","The Construct","The Cursed","The Disciple","The Druid","The Gatherer","The Immortal","The Mystic","The Servant 0.9.4","TheVacant","Waifu the Spire","Yuyuko","everything is the same but u backflip on backflip","slay the spire mod where everything is the same but ironclad has a cowboy hat"],"gold_per_floor":[117,64,84,99,111,141,141,155,178,195,215,24,24,24,24,125,125,140,140,140,140,33,59,69,69,69,69,84,84,100,100,100],"floor_reached":31,"language":"ENG","playtime":1546,"items_purged":[],"score":282,"play_id":"0837af04-0654-4503-895f-4277b09dcb0e","local_time":"20210204133610","is_ascension_mode":false,"campfire_choices":[{"floor":7,"key":"REST"},{"floor":15,"key":"REST"},{"floor":27,"key":"REST"}],"circlet_count":0,"master_deck":["Strike_P","Strike_P","Strike_P","Strike_P","Defend_P","Defend_P","Defend_P","Defend_P","Eruption","Vigilance","Pray","Consecrate","WheelKick","Tantrum","Replay:AtTheReady","EmptyBody","ThirdEye+1","Wireheading","LikeWater","EmptyBody","EmptyBody","Prostrate","Devotion","Adaptation","Consecrate","Indignation","Replay:Hum+1","Vengeance"],"relics":["PureWater","LetterFromLob","hubris:Spice","Bag of Marbles","Replay:Baseball","Happy Flower","Replay:Bottled Flurry"],"acts_visited":["Exordium","TheCity"],"potions_floor_usage":[6,16,16,16],"damage_taken":[{"damage":2,"enemies":"Cultist","floor":1,"turns":3},{"damage":1,"enemies":"conspire:RoseBush","floor":3,"turns":3},{"damage":0,"enemies":"2 Louse","floor":4,"turns":1},{"damage":0,"enemies":"Large Slime","floor":5,"turns":3},{"damage":51,"enemies":"Lagavulin","floor":6,"turns":7},{"damage":13,"enemies":"Exordium Thugs","floor":8,"turns":4},{"damage":3,"enemies":"3 Louse","floor":10,"turns":4},{"damage":2,"enemies":"Large Slime","floor":11,"turns":3},{"damage":50,"enemies":"Hexaghost","floor":16,"turns":10},{"damage":0,"enemies":"Spheric Guardian","floor":18,"turns":3},{"damage":17,"enemies":"conspire:Head Lice","floor":23,"turns":8},{"damage":31,"enemies":"Chosen","floor":24,"turns":5},{"damage":10,"enemies":"Centurion and Healer","floor":28,"turns":4},{"damage":37,"enemies":"Snake Plant","floor":30,"turns":7},{"damage":4,"enemies":"Sentry and Sphere","floor":31,"turns":3}],"seed_played":"-6164446960435048673","potions_obtained":[{"floor":1,"key":"Slimebound:ThreeZeroPotion"},{"floor":3,"key":"Regen Potion"},{"floor":6,"key":"FearPotion"},{"floor":8,"key":"BottledMiracle"},{"floor":16,"key":"Dexterity Potion"},{"floor":30,"key":"champ:CounterPotion"}],"is_trial":false,"path_per_floor":["M","$","M","M","M","E","R","M","T","M","M","$","?","?","R","B",null,"M","$","?","?","$","E","M","M","T","R","M","?","M","M"],"character_chosen":"WATCHER","items_purchased":["Consecrate","Replay:Baseball","EmptyBody","Adaptation","Consecrate"],"campfire_rested":3,"item_purchase_floors":[2,12,12,22,22],"current_hp_per_floor":[77,77,76,76,76,33,59,46,46,43,41,41,41,41,67,32,87,87,87,87,87,87,70,39,39,39,65,55,38,1,0,0],"gold":100,"neow_bonus":"TEN_PERCENT_HP_BONUS","is_daily":false,"chose_seed":false,"campfire_upgraded":0,"win_rate":0.0,"timestamp":1612463770,"path_taken":["M","?","M","M","M","E","R","M","T","M","M","$","?","?","R","BOSS","M","$","?","?","$","E","M","M","T","R","M","?","M","M"],"items_purchased_type":["Card","Relic","Card","Card","Card"],"build_version":"2020-12-22","purchased_purges":0,"victory":false,"max_hp_per_floor":[79,79,79,79,79,87,87,87,87,87,87,87,87,87,87,87,87,87,87,87,87,87,87,87,87,87,87,87,92,92,92,92],"card_choices":[{"not_picked":["Crescendo","CarveReality"],"picked":"Pray","floor":1},{"not_picked":["Meditate","SashWhip"],"picked":"WheelKick","floor":3},{"not_picked":["JustLucky","Crescendo"],"picked":"Tantrum","floor":4},{"not_picked":["Replay:LoomingThreat","Perseverance"],"picked":"Replay:AtTheReady","floor":5},{"not_picked":["ClearTheMind","BattleHymn"],"picked":"EmptyBody","floor":6},{"not_picked":["Sanctity","Replay:Anticipation"],"picked":"ThirdEye","floor":8},{"not_picked":["Fasting2","Meditate"],"picked":"Wireheading","floor":10},{"not_picked":["Consecrate","ClearTheMind"],"picked":"LikeWater","floor":11},{"not_picked":["SpiritShield","LessonLearned"],"picked":"Devotion","floor":16},{"not_picked":["Collect","Replay:ManipulateFuture","CutThroughFate"],"picked":"SKIP","floor":18},{"not_picked":["Prostrate","EmptyBody"],"picked":"Indignation","floor":23},{"not_picked":["Tantrum","Replay:AtTheReady"],"picked":"Replay:Hum+1","floor":24},{"not_picked":["Study+1","Replay:Cycle+1","Adaptation"],"picked":"SKIP","floor":28},{"not_picked":["Replay:AllIn","Adaptation+1"],"picked":"Vengeance","floor":30}],"player_experience":326018,"relics_obtained":[{"floor":3,"key":"LetterFromLob"},{"floor":6,"key":"hubris:Spice"},{"floor":9,"key":"Bag of Marbles"},{"floor":23,"key":"Happy Flower"},{"floor":26,"key":"Replay:Bottled Flurry"}],"event_choices":[{"damage_healed":0,"gold_gain":0,"player_choice":"1 cards matched","damage_taken":0,"max_hp_gain":0,"max_hp_loss":0,"event_name":"Match and Keep!","floor":14,"gold_loss":0,"cards_obtained":["Prostrate"]},{"damage_healed":0,"gold_gain":0,"player_choice":"Shed Blood","damage_taken":22,"max_hp_gain":5,"max_hp_loss":0,"event_name":"Forgotten Altar","floor":29,"gold_loss":0}],"is_beta":false,"boss_relics":[{"not_picked":["Snecko Eye","Replay:Drink Me","hubris:VirtuousBlindfold"]}],"items_purged_floors":[],"is_endless":false,"potions_floor_spawned":[1,3,6,8,16,30],"killed_by":"Sentry and Sphere","ascension_level":0}}