{"host":"9mz6x6ekz95y53i5","time":1612453511,"event":{"mods":["AchievementEnabler","BaseMod","Downfall","Energized Spire","Minty Spire (QoL Compilation)","Reliquary","Replay The Spire","SIMod","Spicy Shops","StSLib","The Bug Knight","UnlockEverythingMod","Warlord Emblem","¡¾ÒÅÎï¿¨ÅÆ¡¿REMEMod"],"gold_per_floor":[117,39,49,59,76,76,89,89,112,141,141,216,229,258,258,360,360,370,386,402,419,419,419,42,56,56,56,81,81,95,105,105,200,200,212,212,227,227,237,237,237],"floor_reached":40,"language":"ZHS","playtime":4417,"items_purged":[],"score":462,"play_id":"0a93ba8e-8747-4cf9-8b84-f16338d1b1c8","local_time":"20210204234511","is_ascension_mode":false,"campfire_choices":[{"data":"Magictrain","floor":6.0,"key":"SMITH"},{"data":"Tornado","floor":8.0,"key":"SMITH"},{"floor":11.0,"key":"REST"},{"floor":15.0,"key":"REST"},{"floor":23.0,"key":"REST"},{"floor":27.0,"key":"REST"},{"floor":32.0,"key":"REST"}],"circlet_count":0,"master_deck":["Strike_AJ","Strike_TS","Strike_RR+1","Strike_RD","Defend_TS","Defend_PP+1","Defend_FS","Defend_AJ","ConcertedEfforts","HarmonyShield","Wireheading","Charge","Yay","Batlization","ThrowingApples+1","Magictrain+1","Louder","RunningOfTheLeaves","Laughter","BatchProduction","Lasso","Tornado+1","Generousity","Mischief+1","Honesty","SwiftKick","TasteRainbow","ReinventMyself","Stare","InspirationRecovery","CheerUp","PartyTime+1","AllByMyself","Perfectionism","Dear_Princess+1","RushToSky","Lasso","Whining+1","ReplayTheSpireMod:Necrogeddon","RunningOfTheLeaves+1","GemstoneDetection","BehindTheScene+1","Overwhelming","SwiftKick","Boundary+1","FollowTherRainbow","BatchProduction","InspirationRecovery","HarmonyForm","Return_To_Past+1","FarmExpert","AppleFeast","TenInstruments+1","DynamicVision+1","SwiftKick+1"],"relics":["The_element_of_harmony","REME_ComplimentaryCards","Orichalcum","Gremlin Food","Odd Mushroom","Nunchaku","energizedSpire:OgreHead","ReplayTheSpireMod:Lightbulb","Replay:Accelerometer","reliquary:Aerogel","ReplayTheSpireMod:DimensionalGlitch"],"acts_visited":["Exordium","TheCity","TheBeyond"],"potions_floor_usage":[40],"damage_taken":[{"damage":6.0,"enemies":"Jaw Worm","floor":1.0,"turns":3.0},{"damage":2.0,"enemies":"Small Slimes","floor":3.0,"turns":4.0},{"damage":0.0,"enemies":"2 Louse","floor":4.0,"turns":2.0},{"damage":3.0,"enemies":"2 Fungi Beasts","floor":5.0,"turns":4.0},{"damage":9.0,"enemies":"Red Slaver","floor":7.0,"turns":4.0},{"damage":10.0,"enemies":"The Mushroom Lair","floor":10.0,"turns":5.0},{"damage":19.0,"enemies":"Exordium Thugs","floor":13.0,"turns":5.0},{"damage":43.0,"enemies":"Lagavulin","floor":14.0,"turns":7.0},{"damage":10.0,"enemies":"Hexaghost","floor":16.0,"turns":8.0},{"damage":1.0,"enemies":"Shell Parasite","floor":18.0,"turns":7.0},{"damage":14.0,"enemies":"Spheric Guardian","floor":19.0,"turns":4.0},{"damage":20.0,"enemies":"Snake Plant","floor":20.0,"turns":7.0},{"damage":18.0,"enemies":"Shelled Parasite and Fungi","floor":21.0,"turns":5.0},{"damage":12.0,"enemies":"Snecko","floor":25.0,"turns":6.0},{"damage":27.0,"enemies":"Gremlin Leader","floor":28.0,"turns":4.0},{"damage":9.0,"enemies":"Snake Plant","floor":30.0,"turns":3.0},{"damage":24.0,"enemies":"Cultist and Chosen","floor":31.0,"turns":7.0},{"damage":20.0,"enemies":"Champ","floor":33.0,"turns":15.0},{"damage":12.0,"enemies":"3 Shapes","floor":35.0,"turns":6.0},{"damage":9.0,"enemies":"Orb Walker","floor":37.0,"turns":3.0},{"damage":9.0,"enemies":"Writhing Mass","floor":39.0,"turns":7.0},{"damage":62,"enemies":"Reptomancer","floor":40,"turns":4}],"seed_played":"4654950909703536482","potions_obtained":[{"floor":5.0,"key":"FearPotion"},{"floor":10.0,"key":"Ancient Potion"},{"floor":13.0,"key":"SteroidPotion"},{"floor":16.0,"key":"Reflective Coating"},{"floor":18.0,"key":"GamblersBrew"},{"floor":20.0,"key":"GamblersBrew"},{"floor":21.0,"key":"Weak Potion"},{"floor":33.0,"key":"Toxic Potion"},{"floor":37.0,"key":"Block Potion"},{"floor":39.0,"key":"Doom Potion"}],"is_trial":false,"path_per_floor":["M","$","M","M","M","R","M","R","T","?","R","?","M","E","R","B",null,"M","M","M","M","?","R","$","M","T","R","E","?","M","M","R","B",null,"M","?","M","?","M","E"],"character_chosen":"TWI_CLASS","items_purchased":["Batlization","ReplayTheSpireMod:Lightbulb","ReplayTheSpireMod:Necrogeddon"],"campfire_rested":5,"item_purchase_floors":[2,24,24],"current_hp_per_floor":[76,76,74,74,71,71,62,62,62,52,76,65,46,3,27,17,82,81,67,47,29,29,53,53,41,41,65,38,65,56,32,56,36,82,70,70,61,61,57,0,0],"gold":237,"neow_bonus":"RANDOM_COMMON_RELIC","is_daily":false,"chose_seed":false,"campfire_upgraded":2,"win_rate":0.0,"timestamp":1612453511,"path_taken":["M","$","M","M","M","R","M","R","T","?","R","?","M","E","R","BOSS","M","M","M","M","?","R","$","M","T","R","E","?","M","M","R","BOSS","M","?","M","?","M","E"],"items_purchased_type":["Card","Relic","Card"],"build_version":"2020-12-22","purchased_purges":0,"victory":false,"max_hp_per_floor":[82,82,82,82,82,82,82,82,82,82,82,82,82,82,82,82,82,82,82,82,82,82,82,82,82,82,82,82,82,82,82,82,82,82,82,82,82,82,82,82,82],"card_choices":[{"not_picked":["RunningOfTheLeaves"],"picked":"Charge","floor":1.0},{"not_picked":["GemstoneDetection"],"picked":"Yay","floor":1.0},{"not_picked":["HideCarefully"],"picked":"ThrowingApples","floor":3.0},{"not_picked":["Tornado"],"picked":"Magictrain","floor":3.0},{"not_picked":["RushToSky"],"picked":"Louder","floor":4.0},{"not_picked":["Overwhelming"],"picked":"RunningOfTheLeaves","floor":4.0},{"not_picked":["FriendOfNature"],"picked":"Laughter","floor":5.0},{"not_picked":["Laughter"],"picked":"BatchProduction","floor":5.0},{"not_picked":["TenInstruments"],"picked":"Lasso","floor":7.0},{"not_picked":["Batlization"],"picked":"Tornado","floor":7.0},{"not_picked":["CleanLibrary"],"picked":"Generousity","floor":10.0},{"not_picked":["Louder"],"picked":"Mischief","floor":10.0},{"not_picked":["Mischief"],"picked":"Honesty","floor":13.0},{"not_picked":["FarmExpert"],"picked":"SwiftKick","floor":13.0},{"not_picked":["Whining"],"picked":"TasteRainbow","floor":14.0},{"not_picked":["Honesty"],"picked":"ReinventMyself","floor":14.0},{"not_picked":["MessyAndOrderly"],"picked":"Stare","floor":16.0},{"not_picked":["BeautySensation"],"picked":"InspirationRecovery","floor":16.0},{"not_picked":["Honesty+1"],"picked":"CheerUp","floor":18.0},{"not_picked":["ISayNo"],"picked":"PartyTime","floor":18.0},{"not_picked":["FarmExpert"],"picked":"AllByMyself","floor":19.0},{"not_picked":["ReinventMyself"],"picked":"Perfectionism","floor":19.0},{"not_picked":["FarmExpert"],"picked":"Dear_Princess+1","floor":20.0},{"not_picked":["TasteRainbow"],"picked":"RushToSky","floor":20.0},{"not_picked":["ThrowingApples"],"picked":"Lasso","floor":21.0},{"not_picked":["LoveMe"],"picked":"Whining+1","floor":21.0},{"not_picked":["Batlization"],"picked":"RunningOfTheLeaves+1","floor":25.0},{"not_picked":["KillingWithKindness+1"],"picked":"GemstoneDetection","floor":25.0},{"not_picked":["RunningOfTheLeaves"],"picked":"BehindTheScene+1","floor":28.0},{"not_picked":["RunningOfTheLeaves"],"picked":"Overwhelming","floor":28.0},{"not_picked":["Magictrain"],"picked":"SwiftKick","floor":30.0},{"not_picked":["ISayNo+1"],"picked":"Boundary+1","floor":30.0},{"not_picked":["Charge"],"picked":"FollowTherRainbow","floor":31.0},{"not_picked":["FriendOfNature+1"],"picked":"BatchProduction","floor":31.0},{"not_picked":["Overwhelming"],"picked":"InspirationRecovery","floor":33.0},{"not_picked":["TakeTheLead"],"picked":"HarmonyForm","floor":33.0},{"not_picked":["FarmExpert"],"picked":"Return_To_Past+1","floor":35.0},{"not_picked":["RunningOfTheLeaves+1"],"picked":"FarmExpert","floor":35.0},{"not_picked":["BehindTheScene+1"],"picked":"AppleFeast","floor":37.0},{"not_picked":["RushToSky+1"],"picked":"TenInstruments+1","floor":37.0},{"not_picked":["Return_To_Past+1"],"picked":"DynamicVision+1","floor":39.0},{"not_picked":["AppleFever+1"],"picked":"SwiftKick+1","floor":39.0}],"player_experience":252230,"relics_obtained":[{"floor":9.0,"key":"Gremlin Food"},{"floor":10.0,"key":"Odd Mushroom"},{"floor":14.0,"key":"Nunchaku"},{"floor":26.0,"key":"Replay:Accelerometer"},{"floor":28.0,"key":"reliquary:Aerogel"}],"event_choices":[{"damage_healed":0.0,"max_hp_gain":0.0,"max_hp_loss":0.0,"gold_gain":0.0,"event_name":"Mushrooms","player_choice":"Fought Mushrooms","floor":10.0,"gold_loss":0.0,"damage_taken":0.0},{"damage_healed":0.0,"max_hp_gain":0.0,"max_hp_loss":0.0,"gold_gain":75.0,"event_name":"World of Goop","player_choice":"Gather Gold","floor":12.0,"gold_loss":0.0,"damage_taken":11.0},{"damage_healed":0.0,"max_hp_gain":0.0,"max_hp_loss":0.0,"gold_gain":0.0,"event_name":"Vampires","player_choice":"Ignored","floor":22.0,"gold_loss":0.0,"damage_taken":0.0},{"damage_healed":27.0,"max_hp_gain":0.0,"max_hp_loss":0.0,"gold_gain":0.0,"event_name":"The Library","player_choice":"Heal","floor":29.0,"gold_loss":0.0,"damage_taken":0.0},{"damage_healed":0.0,"max_hp_gain":0.0,"max_hp_loss":0.0,"gold_gain":0.0,"event_name":"NoteForYourself","player_choice":"Ignored","floor":38.0,"gold_loss":0.0,"damage_taken":0.0}],"is_beta":false,"boss_relics":[{"not_picked":["reliquary:KinkedSpring","SacredBark"],"picked":"energizedSpire:OgreHead"},{"not_picked":["ChewingGum","Busted Crown"],"picked":"ReplayTheSpireMod:DimensionalGlitch"}],"items_purged_floors":[],"is_endless":false,"potions_floor_spawned":[5,10,13,16,18,20,21,25,33,37,39],"killed_by":"Reptomancer","ascension_level":0}}