{"host":"52m1o8iwwagurbjs","time":1612443016,"event":{"mods":["AchievementEnabler","BaseMod","Bestiary","Challenge The Spire","Colored Powertips","GifTheSpireLib","Minty Spire (QoL Compilation)","Quick Restart","Relic Stats","StSLib"],"gold_per_floor":[690,310,344,371,406,406,35,35,60,60,60],"floor_reached":10,"language":"ENG","playtime":246,"items_purged":["Strike_B","Strike_B","Strike_B"],"score":90,"play_id":"b35cf21e-2344-4606-a15f-1c05199625d5","local_time":"20210204075016","daily_mods":["challengethespire:Bronze Difficulty","challengethespire:Elite Rush","Uncertain Future"],"is_ascension_mode":false,"campfire_choices":[{"data":"White Noise","floor":8,"key":"SMITH"}],"circlet_count":0,"master_deck":["Strike_B","Defend_B","Defend_B","Defend_B","Defend_B","Zap","Dualcast","Capacitor","Cold Snap","Barrage","Gash","Sunder","Coolheaded","White Noise+1","Ball Lightning+1","Amplify"],"relics":["Cracked Core","Black Star","Sling","PreservedInsect","Regal Pillow","Eternal Feather","Gremlin Horn","Molten Egg 2","Ornamental Fan","Lantern","Potion Belt","SlaversCollar","Cables","Boot","Thread and Needle"],"acts_visited":["Exordium"],"potions_floor_usage":[5],"damage_taken":[{"damage":16,"enemies":"3 Sentries","floor":3,"turns":4},{"damage":10,"enemies":"Gremlin Nob","floor":4,"turns":3},{"damage":4,"enemies":"Lagavulin","floor":5,"turns":4},{"damage":28,"enemies":"Book of Stabbing","floor":9,"turns":4},{"damage":0,"enemies":"Slavers","floor":10,"turns":1}],"seed_played":"-1020898345146165436","potions_obtained":[{"floor":5,"key":"BlessingOfTheForge"},{"floor":9,"key":"Strength Potion"}],"is_trial":true,"path_per_floor":["$","$","E","E","E","T","$","R","E","E"],"character_chosen":"DEFECT","items_purchased":["Capacitor","Cold Snap","Barrage","LiquidMemories","Gash","Sunder","Regal Pillow","Cables"],"campfire_rested":0,"item_purchase_floors":[1,1,1,1,2,2,2,7],"current_hp_per_floor":[75,75,59,49,45,45,45,54,26,26,26],"gold":60,"neow_bonus":"","is_daily":false,"chose_seed":false,"campfire_upgraded":1,"win_rate":0.0,"timestamp":1612443016,"path_taken":["$","$","E","E","E","T","$","R","E","E"],"items_purchased_type":["Card","Card","Card","Potion","Card","Card","Relic","Relic"],"build_version":"2020-12-22","purchased_purges":3,"victory":false,"max_hp_per_floor":[75,75,75,75,75,75,75,75,75,75,75],"relic_stats":{"Regal Pillow":0,"Gremlin Horn":[0,0],"counters":[5,16],"Ornamental Fan":[4],"Eternal Feather":9,"PreservedInsect":162,"Black Star":4,"Boot":[0],"obtain_stats":[{"Potion Belt":5,"Regal Pillow":2,"Lantern":5,"Gremlin Horn":3,"Eternal Feather":3,"Thread and Needle":9,"PreservedInsect":0,"Sling":0,"Boot":9,"Cables":7,"SlaversCollar":6,"Ornamental Fan":4,"Molten Egg 2":4,"Black Star":0,"Cracked Core":0},{"Potion Belt":3,"Regal Pillow":0,"Lantern":3,"Gremlin Horn":1,"Eternal Feather":1,"Thread and Needle":4,"PreservedInsect":0,"Sling":0,"Boot":4,"Cables":3,"SlaversCollar":3,"Ornamental Fan":2,"Molten Egg 2":2,"Black Star":0,"Cracked Core":0},{"Potion Belt":11,"Regal Pillow":0,"Lantern":11,"Gremlin Horn":4,"Eternal Feather":4,"Thread and Needle":15,"PreservedInsect":0,"Sling":0,"Boot":15,"Cables":11,"SlaversCollar":11,"Ornamental Fan":7,"Molten Egg 2":7,"Black Star":0,"Cracked Core":0}],"Cables":[3,3,0,0,0]},"card_choices":[],"player_experience":1303958,"relics_obtained":[{"floor":3,"key":"Eternal Feather"},{"floor":3,"key":"Gremlin Horn"},{"floor":4,"key":"Molten Egg 2"},{"floor":4,"key":"Ornamental Fan"},{"floor":5,"key":"Lantern"},{"floor":5,"key":"Potion Belt"},{"floor":9,"key":"Boot"},{"floor":9,"key":"Thread and Needle"}],"event_choices":[],"is_beta":false,"boss_relics":[{"not_picked":["Velvet Choker","Inserter"],"picked":"SlaversCollar"}],"items_purged_floors":[1,2,7],"is_endless":false,"potions_floor_spawned":[5,9],"killed_by":"Slavers","ascension_level":0}}