{"host":"h7xtspmc2x3i8s2i","time":1612463640,"event":{"mods":["2.2 Compatiblity","AchievementEnabler","Act Like it!","AlwaysNeverKeys","Aspiration","Astrologer","BaseMod","Bestiary","Better Altar","Better Match","Better Note","Better Sensory Stone","Better Skull","Better Third Choice","Better Vampires","Better-Laid Plans","Colored Map","Colored Powertips","Curses Come First","Defuse TimeMaze Blight","Dio Mod","Disable Question Mark Monsters","Dota2Spire","Downfall","Emptier Cage","Energized Spire","Evolution","Friendly Minions","GifTheSpireLib","Gold Saver","Gremlin Skip","Halation","Hubris","Hyrulean Relics","Jedi Mod","Key Reminder","Marked Mod","Minty Spire (QoL Compilation)","Permanent Neow","Potion Indicator Mod","Quick Restart","Random Character Button","Random Character Mod","Rare Cards Sparkle","Relic Filter","Relic Stats","Reliquary","Replay The Spire","SacredBarkPlus","Shop Mod","Smile Girya","Somnambulant","Spicy Shops","Spikes Relics","Spire Birthday Party","StSLib","Steal the Spire","SuperFastMode","The Awakened One except there are too many feathers","The Cursed","The Death Knight","The Edgeheg","The Problem Sleuth","The Runesmith","The Wild Card","Transform Curses","Uncapped","Unceasing Turn Reminder","Virulent Crown","Wide Potions","everything is the same but u backflip on backflip","slay the spire mod where everything is the same but ironclad has a cowboy hat"],"gold_per_floor":[708,722,722,722,737,637,691,705,715,726,755,655,655,672,687,792,792,792,810,823,823,823,823,823,823,522,532,532,563,574,120,136,234,234,234,245,62,62,78,113,113,13,37,46,61,78,91,108,127,127,127,127],"floor_reached":50,"language":"ENG","playtime":2309,"items_purged":[],"score":680,"play_id":"f1e83350-a6b0-48c8-97ec-abfc5f3371b4","local_time":"20210204133400","is_ascension_mode":true,"campfire_choices":[{"floor":1.0,"key":"RECALL"},{"data":"champ:Backstep","floor":6.0,"key":"SMITH"},{"data":"champ:GutPunch","floor":12.0,"key":"SMITH"},{"data":"champ:StrikeOfGenius","floor":18.0,"key":"SMITH"},{"data":"champ:Backstep","floor":25.0,"key":"SMITH"},{"floor":28.0,"key":"REST"},{"data":"champ:IronFortress","floor":35,"key":"SMITH"},{"floor":42,"key":"REST"}],"circlet_count":0,"master_deck":["champ:Strike","champ:Strike+1","champ:Strike","champ:Strike","champ:Defend+1","champ:Defend+1","champ:Defend","champ:Execute","champ:Taunt+1","champ:Backstep+1","champ:FlashCut","champ:FlashCut+1","champ:GutPunch+1","champ:DefensiveStyle","champ:StrikeOfGenius+1","champ:Backstep+1","champ:BringItOn","champ:IronFortress+1","champ:FanOfKnives+1","champ:StanceDance+1","champ:BringItOn","champ:FanOfKnives+1","champ:GutPunch+1","champ:VampiricStrike","champ:FanOfKnives+1","champ:RageSigil+1","champ:IronFortress","expansioncontent:YouAreMine","champ:StrikeOfGenius","champ:FanOfKnives"],"relics":["champ:ChampionCrown","EVO:Axolotl","downfall:HeartBlessingRed","reliquary:TridentHead","downfall:HeartBlessingGreen","aspiration:BabyByrd","aspiration:RitualStick","ReplayTheSpireMod:TigerMarble","MerchantsRug","Regal Pillow","reliquary:OuijaBoard","Vajra","LugNut","aspiration:RandomNobGenerator","Ancient Tea Set","Boot","aspiration:Lifesprig","downfall:HeartBlessingBlue","Replay:Mystery Machine"],"acts_visited":["Exordium","TheCity","TheBeyond"],"potions_floor_usage":[36,39,39,46,47,47,50],"damage_taken":[{"damage":17.0,"enemies":"Jaw Worm","floor":2.0,"turns":4.0},{"damage":10.0,"enemies":"2 Louse","floor":5.0,"turns":2.0},{"damage":0.0,"enemies":"Cultist","floor":8.0,"turns":3.0},{"damage":21.0,"enemies":"3 Louse","floor":9.0,"turns":2.0},{"damage":10.0,"enemies":"2 Fungi Beasts","floor":10.0,"turns":3.0},{"damage":22.0,"enemies":"3 Sentries","floor":11.0,"turns":7.0},{"damage":0.0,"enemies":"Blue Slaver","floor":14.0,"turns":1.0},{"damage":23.0,"enemies":"Large Slime","floor":15.0,"turns":5.0},{"damage":85.0,"enemies":"WA_ARCHETYPE_RETAIN","floor":16.0,"turns":9.0},{"damage":27.0,"enemies":"Shell Parasite","floor":19.0,"turns":4.0},{"damage":10.0,"enemies":"3 Cultists","floor":20.0,"turns":5.0},{"damage":25.0,"enemies":"downfall:FleeingMerchant","floor":26.0,"turns":4.0},{"damage":13.0,"enemies":"Snecko","floor":27.0,"turns":5.0},{"damage":31.0,"enemies":"Gremlin Leader","floor":29.0,"turns":6.0},{"damage":15.0,"enemies":"Centurion and Healer","floor":30.0,"turns":3.0},{"damage":25.0,"enemies":"downfall:FleeingMerchant","floor":31.0,"turns":5.0},{"damage":7,"enemies":"Snake Plant","floor":32,"turns":3},{"damage":44,"enemies":"SI_MIRROR_ARCHETYPE","floor":33,"turns":7},{"damage":35,"enemies":"3 Shapes","floor":36,"turns":3},{"damage":10,"enemies":"downfall:FleeingMerchant","floor":37,"turns":3},{"damage":0,"enemies":"3 Darklings","floor":39,"turns":3},{"damage":15,"enemies":"Giant Head","floor":40,"turns":5},{"damage":10,"enemies":"Spire Growth","floor":45,"turns":4},{"damage":7,"enemies":"Maw","floor":46,"turns":5},{"damage":30,"enemies":"Transient","floor":47,"turns":5},{"damage":81,"enemies":"Writhing Mass","floor":48,"turns":5},{"damage":19,"enemies":"Sphere and 2 Shapes","floor":49,"turns":3},{"damage":83,"enemies":"IC_BLOCK_ARCHETYPE","floor":50,"turns":4}],"seed_played":"-9067522917299308801","potions_obtained":[{"floor":5.0,"key":"Regen Potion"},{"floor":8.0,"key":"Swift Potion"},{"floor":11.0,"key":"Explosive Potion"},{"floor":15.0,"key":"jedi:StrikingPotion"},{"floor":16.0,"key":"Dota2Spire:HealingSalve"},{"floor":20.0,"key":"Weak Potion"},{"floor":27.0,"key":"SpeedPotion"},{"floor":29.0,"key":"Slimebound:ThreeZeroPotion"},{"floor":32,"key":"jedi:StrikingPotion"},{"floor":37,"key":"ColorlessPotion"},{"floor":37,"key":"BlessingOfTheForge"},{"floor":40,"key":"sneckomod:MuddlingPotion"},{"floor":45,"key":"Fire Potion"},{"floor":46,"key":"hexamod:SoulburnPotion"},{"floor":49,"key":"Regen Potion"}],"is_trial":false,"path_per_floor":["R_BF","M","?","?","M","R","T","M","M","M","E","R","?","M","M","B",null,"R","M","M","?","?","?","T","R","$","M","R","E","M","$","M","B",null,"R","M","?","?","M","E","T","R","T","$","M","M","M","M","M","B"],"character_chosen":"THE_CHAMP","items_purchased":["champ:IronFortress","MerchantsRug","Regal Pillow","Whetstone","Vajra","LugNut","champ:IronFortress","Cauldron","Ancient Tea Set","Boot"],"campfire_rested":2,"item_purchase_floors":[26,26,26,31,31,31,37,37,37,37],"current_hp_per_floor":[90,83,83,83,83,83,83,83,82,82,90,90,90,90,87,32,90,90,73,85,85,67,67,67,67,67,54,90,84,84,84,82,68,90,90,55,55,55,55,55,55,100,100,100,100,93,93,27,13,0,0,0],"gold":127,"neow_bonus":"UPGRADE_CARD","is_daily":false,"chose_seed":false,"campfire_upgraded":5,"win_rate":0.0,"timestamp":1612463640,"path_taken":["R_BF","M","?","?","M","R","T","M","?","M","E","R","?","M","M","BOSS","R","M","M","?","?","?","T","R","$","M","R","E","?","$","M","BOSS","R","M","?","?","M","E","T","R","?","$","M","?","M","M","M","BOSS"],"items_purchased_type":["Card","Relic","Relic","Relic","Relic","Relic","Card","Relic","Relic","Relic"],"build_version":"2020-12-22","purchased_purges":0,"victory":false,"max_hp_per_floor":[90,90,90,90,90,90,90,90,90,90,90,90,90,90,90,90,90,90,90,90,90,90,90,90,90,90,90,90,90,90,90,90,90,90,90,90,90,90,90,90,90,100,100,100,100,100,100,100,100,100,100,100],"relic_stats":{"Regal Pillow":14,"counters":[28,118],"Boot":[7],"obtain_stats":[{"reliquary:OuijaBoard":29,"MerchantsRug":26,"Regal Pillow":26,"aspiration:Lifesprig":40,"downfall:HeartBlessingRed":6,"Vajra":31,"champ:ChampionCrown":0,"downfall:HeartBlessingGreen":12,"aspiration:RandomNobGenerator":34,"EVO:Axolotl":0,"Whetstone":31,"War Paint":7,"Replay:Mystery Machine":43,"Ancient Tea Set":37,"Boot":37,"aspiration:RitualStick":22,"keyreminder:keyreminder":1,"reliquary:TridentHead":11,"Cauldron":37,"aspiration:BabyByrd":13,"downfall:HeartBlessingBlue":42,"hubris:Stopwatch":17,"ReplayTheSpireMod:TigerMarble":24,"LugNut":31},{"reliquary:OuijaBoard":14,"MerchantsRug":12,"Regal Pillow":12,"aspiration:Lifesprig":22,"downfall:HeartBlessingRed":2,"Vajra":16,"champ:ChampionCrown":0,"downfall:HeartBlessingGreen":6,"aspiration:RandomNobGenerator":18,"EVO:Axolotl":0,"Whetstone":16,"War Paint":2,"Replay:Mystery Machine":22,"Ancient Tea Set":20,"Boot":20,"aspiration:RitualStick":11,"keyreminder:keyreminder":0,"reliquary:TridentHead":6,"Cauldron":20,"aspiration:BabyByrd":6,"downfall:HeartBlessingBlue":22,"hubris:Stopwatch":9,"ReplayTheSpireMod:TigerMarble":11,"LugNut":16},{"reliquary:OuijaBoard":60,"MerchantsRug":49,"Regal Pillow":49,"aspiration:Lifesprig":92,"downfall:HeartBlessingRed":6,"Vajra":68,"champ:ChampionCrown":0,"downfall:HeartBlessingGreen":21,"aspiration:RandomNobGenerator":78,"EVO:Axolotl":0,"Whetstone":68,"War Paint":6,"Replay:Mystery Machine":92,"Ancient Tea Set":84,"Boot":84,"aspiration:RitualStick":45,"keyreminder:keyreminder":0,"reliquary:TridentHead":21,"Cauldron":84,"aspiration:BabyByrd":21,"downfall:HeartBlessingBlue":92,"hubris:Stopwatch":36,"ReplayTheSpireMod:TigerMarble":45,"LugNut":68}],"aspiration:RitualStick":[11]},"card_choices":[{"not_picked":["champ:CrownThrow","champ:Shatter"],"picked":"champ:Backstep","floor":2.0},{"not_picked":["champ:CrownThrow","champ:PreciseThrust","champ:CalledShot"],"picked":"SKIP","floor":5.0},{"not_picked":["champ:StanceDance","champ:Duel"],"picked":"champ:FlashCut","floor":8.0},{"not_picked":["champ:PreciseThrust","champ:ShieldWall"],"picked":"champ:FlashCut","floor":9.0},{"not_picked":["champ:Shatter","champ:StanceDance"],"picked":"champ:GutPunch","floor":10.0},{"not_picked":["champ:ShieldSigil","champ:Endure","champ:GladiatorStyle"],"picked":"SKIP","floor":11.0},{"not_picked":["champ:HoldFirm","champ:PreciseThrust","champ:Shatter"],"picked":"SKIP","floor":14.0},{"not_picked":["champ:RecklessLeap","champ:BerserkersShout"],"picked":"champ:DefensiveStyle","floor":15.0},{"not_picked":["champ:LastStand","champ:MurderStrike"],"picked":"champ:StrikeOfGenius","floor":16.0},{"not_picked":["champ:Circumvent","champ:FocusedDefense+1"],"picked":"champ:Backstep","floor":19.0},{"not_picked":["champ:SwordSigil+1","champ:ShieldSigil+1"],"picked":"champ:BringItOn","floor":20.0},{"not_picked":["champ:FocusedDefense","champ:AdrenalArmor+1","champ:DefensiveShout"],"picked":"SKIP","floor":26.0},{"not_picked":["champ:BladeFlurry","champ:BerserkersShout"],"picked":"champ:FanOfKnives+1","floor":27.0},{"not_picked":["champ:Shatter","champ:EnchantShield"],"picked":"champ:StanceDance+1","floor":29.0},{"not_picked":["champ:BladeFlurry+1","champ:EnGarde"],"picked":"champ:BringItOn","floor":30.0},{"not_picked":["champ:Devastate","champ:PreciseThrust"],"picked":"champ:FanOfKnives+1","floor":31.0},{"not_picked":["champ:Haymaker","champ:DefensiveShout"],"picked":"champ:GutPunch+1","floor":32},{"not_picked":["champ:HeavySlash","champ:Devastate"],"picked":"champ:VampiricStrike","floor":33},{"not_picked":["champ:PreciseThrust","champ:Circumvent"],"picked":"champ:FanOfKnives+1","floor":36},{"not_picked":["champ:Encircle+1","champ:FalseCounter+1"],"picked":"champ:RageSigil+1","floor":37},{"not_picked":["expansioncontent:GuardianWhirl","expansioncontent:PrepareCrush"],"picked":"expansioncontent:YouAreMine","floor":38},{"not_picked":["champ:DefensiveShout","champ:RisingSlash+1"],"picked":"champ:StrikeOfGenius","floor":39},{"not_picked":["champ:FocusedDefense+1","champ:EndlessRage","champ:HeartStrike"],"picked":"SKIP","floor":40},{"not_picked":["champ:PerfectedStrike","champ:DefensiveShout+1"],"picked":"champ:FanOfKnives","floor":45},{"not_picked":["champ:SkillfulDodge","champ:PreemptiveStrike","champ:EnGarde+1"],"picked":"SKIP","floor":46},{"not_picked":["champ:EnGarde","champ:PreemptiveStrike+1","champ:PerfectedStrike+1"],"picked":"SKIP","floor":47},{"not_picked":["champ:DefensiveShout","champ:FocusedBerserking","champ:FancyFootwork+1"],"picked":"SKIP","floor":48},{"not_picked":["champ:BladeFlurry","champ:FalseCounter","champ:TornadoPunch+1"],"picked":"SKIP","floor":49}],"player_experience":363583,"relics_obtained":[{"floor":7.0,"key":"War Paint"},{"floor":11.0,"key":"reliquary:TridentHead"},{"floor":24.0,"key":"ReplayTheSpireMod:TigerMarble"},{"floor":29.0,"key":"reliquary:OuijaBoard"},{"floor":40,"key":"aspiration:Lifesprig"},{"floor":43,"key":"Replay:Mystery Machine"}],"event_choices":[],"is_beta":false,"boss_relics":[{"not_picked":["aspiration:FutureDiary","energizedSpire:StickyHand"],"picked":"hubris:Stopwatch"},{"not_picked":["aspiration:RitualDagger","hubris:RunicObelisk"],"picked":"aspiration:RandomNobGenerator"}],"items_purged_floors":[],"is_endless":false,"potions_floor_spawned":[5,8,11,15,16,20,27,29,32,40,45,46,49],"killed_by":"IC_BLOCK_ARCHETYPE","ascension_level":3}}