{"host":"sc0o2qwpf9j16a4i","time":1612439831,"event":{"mods":["AchievementEnabler","BaseMod","BetterRewards","Block Reminder","Colored Map","Colored Powertips","Custom Start","Highlight Path","Minty Spire (QoL Compilation)","Relic Stats"],"gold_per_floor":[159,159,159,213,213,213,239,301,328,377,377,436,530,576,576,904,904,904,904],"floor_reached":18,"language":"ENG","playtime":504,"items_purged":[],"score":187,"play_id":"337d5ca2-de9e-487e-8f27-71b331b8d844","local_time":"20210204135711","daily_mods":["Specialized","Diverse","Midas"],"is_ascension_mode":false,"campfire_choices":[{"floor":6,"key":"REST"},{"floor":15,"key":"REST"}],"circlet_count":0,"master_deck":["Strike_R","Strike_R","Strike_R","Strike_R","Strike_R","Defend_R","Defend_R","Defend_R","Defend_R","Bash","Second Wind","Second Wind","Second Wind","Second Wind","Second Wind","Shockwave","Regret","Pommel Strike","Injury","Deflect","Thunderclap","FlyingSleeves","Calculated Gamble","Sword Boomerang","Feed"],"relics":["Burning Blood","Turnip","Anchor","Golden Idol","Boot","Centennial Puzzle","Red Skull","Runic Pyramid"],"acts_visited":["Exordium","TheCity"],"potions_floor_usage":[13,16,16],"damage_taken":[{"damage":8,"enemies":"Small Slimes","floor":1,"turns":4},{"damage":4,"enemies":"Cultist","floor":4,"turns":4},{"damage":0,"enemies":"2 Louse","floor":8,"turns":4},{"damage":3,"enemies":"Large Slime","floor":10,"turns":6},{"damage":9,"enemies":"Exordium Thugs","floor":12,"turns":6},{"damage":9,"enemies":"3 Sentries","floor":13,"turns":9},{"damage":0,"enemies":"Looter","floor":14,"turns":3},{"damage":35,"enemies":"Slime Boss","floor":16,"turns":12},{"damage":4,"enemies":"Shell Parasite","floor":18,"turns":3}],"seed_played":"-683328619950066119","potions_obtained":[{"floor":1,"key":"DuplicationPotion"},{"floor":12,"key":"Swift Potion"},{"floor":13,"key":"PowerPotion"},{"floor":16,"key":"SpeedPotion"}],"is_trial":true,"path_per_floor":["M","?","?","M","?","R","T","M","T","M","?","M","E","M","R","B",null,"M"],"character_chosen":"IRONCLAD","items_purchased":[],"campfire_rested":2,"item_purchase_floors":[],"current_hp_per_floor":[78,78,66,68,68,80,80,80,80,80,80,77,74,80,80,51,80,76,76],"gold":904,"neow_bonus":"","is_daily":false,"chose_seed":false,"campfire_upgraded":0,"win_rate":0.0,"timestamp":1612439831,"path_taken":["M","?","?","M","?","R","?","M","T","M","?","M","E","M","R","BOSS","M"],"items_purchased_type":[],"build_version":"2020-12-22","purchased_purges":0,"victory":false,"max_hp_per_floor":[80,80,80,80,80,80,80,80,80,80,80,80,80,80,80,80,80,80,80],"relic_stats":{"Centennial Puzzle":[15],"counters":[9,51],"Golden Idol":50,"Turnip":[10],"Boot":[26],"obtain_stats":[{"Anchor":3,"Centennial Puzzle":9,"Golden Idol":5,"Turnip":2,"Boot":7,"Burning Blood":0,"Red Skull":13,"Runic Pyramid":17},{"Anchor":1,"Centennial Puzzle":3,"Golden Idol":2,"Turnip":1,"Boot":2,"Burning Blood":0,"Red Skull":6,"Runic Pyramid":8},{"Anchor":4,"Centennial Puzzle":12,"Golden Idol":8,"Turnip":4,"Boot":8,"Burning Blood":0,"Red Skull":33,"Runic Pyramid":48}],"Burning Blood":39},"card_choices":[{"not_picked":["Ghostly Armor","ThirdEye"],"picked":"Shockwave","floor":1},{"not_picked":["Conserve Battery","Crescendo"],"picked":"Pommel Strike","floor":4},{"not_picked":["Heavy Blade","Rebound"],"picked":"Deflect","floor":8},{"not_picked":["Auto Shields","Choke"],"picked":"Thunderclap","floor":10},{"not_picked":["Melter","ThirdEye"],"picked":"FlyingSleeves","floor":12},{"not_picked":["Halt","TalkToTheHand"],"picked":"Calculated Gamble","floor":13},{"not_picked":["Flame Barrier","Hologram"],"picked":"Sword Boomerang","floor":14},{"not_picked":["Creative AI","Seek"],"picked":"Feed","floor":16}],"player_experience":1177125,"relics_obtained":[{"floor":7,"key":"Boot"},{"floor":9,"key":"Centennial Puzzle"},{"floor":13,"key":"Red Skull"}],"event_choices":[{"damage_healed":0,"gold_gain":0,"player_choice":"Box","damage_taken":0,"relics_obtained":["Turnip"],"max_hp_gain":0,"max_hp_loss":0,"event_name":"Big Fish","floor":2,"gold_loss":0,"cards_obtained":["Regret"]},{"damage_healed":0,"gold_gain":0,"player_choice":"Success","damage_taken":12,"relics_obtained":["Anchor"],"max_hp_gain":0,"max_hp_loss":0,"event_name":"Scrap Ooze","floor":3,"gold_loss":0},{"damage_healed":0,"gold_gain":0,"player_choice":"Take Wound","damage_taken":0,"relics_obtained":["Golden Idol"],"max_hp_gain":0,"max_hp_loss":0,"event_name":"Golden Idol","floor":5,"gold_loss":0,"cards_obtained":["Injury"]},{"damage_healed":0,"gold_gain":0,"player_choice":"Ignored","damage_taken":0,"max_hp_gain":0,"max_hp_loss":0,"event_name":"Golden Wing","floor":11,"gold_loss":0}],"is_beta":false,"boss_relics":[{"not_picked":["Black Blood","Velvet Choker"],"picked":"Runic Pyramid"}],"items_purged_floors":[],"is_endless":false,"potions_floor_spawned":[1,12,13,16],"killed_by":"Shell Parasite","ascension_level":0}}