{"host":"qdfumeom6htv8yxl","time":1612467500,"event":{"mods":["AchievementEnabler","BaseMod","Bestiary","Block Reminder","Colored Powertips","Highlight Path","Minty Spire (QoL Compilation)","Quick Restart","Relic Stats"],"gold_per_floor":[99,99,99,99,99,99,99,99],"floor_reached":7,"language":"ENG","playtime":185,"items_purged":[],"score":82,"play_id":"7ae34198-97a1-4850-9932-960d01a8b51c","local_time":"20210204133820","is_ascension_mode":true,"campfire_choices":[{"data":"Coolheaded","floor":6,"key":"SMITH"}],"circlet_count":0,"master_deck":["AscendersBane","Strike_B","Strike_B","Strike_B","Defend_B","Defend_B","Defend_B","Defend_B","Zap","Dualcast","Coolheaded+1","Ball Lightning","Hologram"],"relics":["Ectoplasm"],"acts_visited":[],"potions_floor_usage":[],"damage_taken":[{"damage":0,"enemies":"Small Slimes","floor":1,"turns":3},{"damage":4,"enemies":"Cultist","floor":2,"turns":5},{"damage":5,"enemies":"2 Louse","floor":4,"turns":3},{"damage":0,"enemies":"Gremlin Nob","floor":7,"turns":2}],"seed_played":"2696884179551224769","potions_obtained":[],"is_trial":false,"path_per_floor":["M","M","?","M","?","R","E"],"character_chosen":"DEFECT","items_purchased":[],"campfire_rested":0,"item_purchase_floors":[],"current_hp_per_floor":[64,60,60,55,55,55,55,55],"gold":99,"neow_bonus":"BOSS_RELIC","is_daily":false,"chose_seed":false,"campfire_upgraded":1,"win_rate":0.0,"timestamp":1612467500,"path_taken":["M","M","?","?","?","R","E"],"items_purchased_type":[],"build_version":"2020-12-22","purchased_purges":0,"victory":false,"max_hp_per_floor":[71,71,71,71,71,71,71,71],"relic_stats":{"counters":[4,13],"Ectoplasm":42,"obtain_stats":[{"Ectoplasm":0,"Cracked Core":0},{"Ectoplasm":0,"Cracked Core":0},{"Ectoplasm":0,"Cracked Core":0}]},"card_choices":[{"not_picked":["Stack","Rebound"],"picked":"Coolheaded","floor":1},{"not_picked":["Barrage","Streamline"],"picked":"Ball Lightning","floor":2},{"not_picked":["Force Field","Melter"],"picked":"Hologram","floor":4}],"player_experience":2012987,"relics_obtained":[],"event_choices":[{"cards_removed":["Strike_B"],"damage_healed":0,"gold_gain":0,"player_choice":"Offered Basic","damage_taken":0,"max_hp_gain":0,"max_hp_loss":0,"event_name":"Bonfire Elementals","floor":3,"gold_loss":0},{"damage_healed":0,"gold_gain":0,"player_choice":"Leave","damage_taken":0,"max_hp_gain":0,"max_hp_loss":0,"event_name":"The Cleric","floor":5,"gold_loss":0}],"is_beta":false,"boss_relics":[],"items_purged_floors":[],"is_endless":false,"potions_floor_spawned":[],"killed_by":"Gremlin Nob","ascension_level":20}}