{"host":"u9f9y173fky88hg4","time":1612428290,"event":{"mods":["AchievementEnabler","BaseMod","Better Third Choice","Colored Powertips","Minty Spire (QoL Compilation)","StSLib","SuperFastMode"],"gold_per_floor":[111,127,127,3,3,3,331,342,391,391,82,112,112,122,122,222,222,237,256,64,78,92,120,132,132,158,4,4,4,4,15,15,15,15],"floor_reached":33,"language":"ENG","playtime":2460,"items_purged":["Regret","Strike_R"],"score":275,"play_id":"8b1d70df-b6fc-4d05-aabe-a3b11f9f0fbc","local_time":"20210204004450","is_ascension_mode":false,"campfire_choices":[{"data":"Metallicize","floor":6,"key":"SMITH"},{"floor":10,"key":"RECALL"},{"data":"Inflame","floor":15,"key":"SMITH"},{"floor":25,"key":"REST"},{"floor":28,"key":"REST"},{"floor":32,"key":"REST"}],"circlet_count":0,"master_deck":["Strike_R+1","Strike_R+1","Strike_R+1","Strike_R+1","Defend_R+1","Defend_R+1","Defend_R+1","Defend_R+1","Metallicize+1","Anger","Inflame+1","Good Instincts","Pommel Strike","Rampage","Cleave","Clash","Ghostly Armor+1","Headbutt+1","Infernal Blade","Thunderclap","Heavy Blade+1","Dual Wield+1","Infernal Blade","Shame","Clash"],"relics":["Burning Blood","Bronze Scales","Singing Bowl","Old Coin","PreservedInsect","Blood Vial","Black Star","Ornamental Fan","Potion Belt","Vajra","Bag of Marbles","Torii"],"acts_visited":["Exordium","TheCity"],"potions_floor_usage":[16,16,23,23,33],"damage_taken":[{"damage":8,"enemies":"2 Louse","floor":1,"turns":3},{"damage":1,"enemies":"Cultist","floor":2,"turns":4},{"damage":26,"enemies":"Lagavulin","floor":7,"turns":6},{"damage":4,"enemies":"Jaw Worm","floor":8,"turns":4},{"damage":4,"enemies":"3 Sentries","floor":12,"turns":6},{"damage":9,"enemies":"3 Louse","floor":14,"turns":2},{"damage":15,"enemies":"Hexaghost","floor":16,"turns":7},{"damage":6,"enemies":"3 Byrds","floor":18,"turns":3},{"damage":9,"enemies":"Shell Parasite","floor":19,"turns":5},{"damage":35,"enemies":"Centurion and Healer","floor":21,"turns":7},{"damage":12,"enemies":"Snake Plant","floor":22,"turns":5},{"damage":44,"enemies":"Gremlin Leader","floor":23,"turns":6},{"damage":38,"enemies":"Cultist and Chosen","floor":24,"turns":7},{"damage":25,"enemies":"Shelled Parasite and Fungi","floor":31,"turns":5},{"damage":78,"enemies":"Collector","floor":33,"turns":6}],"seed_played":"2881700356974226482","potions_obtained":[{"floor":2,"key":"AttackPotion"},{"floor":8,"key":"Strength Potion"},{"floor":12,"key":"Weak Potion"},{"floor":14,"key":"SmokeBomb"},{"floor":18,"key":"Regen Potion"},{"floor":21,"key":"HeartOfIron"},{"floor":24,"key":"ColorlessPotion"}],"is_trial":false,"path_per_floor":["M","M","?","$","?","R","E","M","T","R","$","E","?","M","R","B",null,"M","M","$","M","M","E","M","R","T","$","R","?","?","M","R","B"],"character_chosen":"IRONCLAD","items_purchased":["Inflame","Good Instincts","Rampage","PreservedInsect","Infernal Blade","Thunderclap","Bag of Marbles"],"campfire_rested":3,"item_purchase_floors":[4,4,11,11,20,20,27],"current_hp_per_floor":[86,88,88,88,88,88,70,72,72,72,72,74,74,73,73,68,92,92,89,89,62,58,37,9,37,37,37,65,65,65,48,76,0,0],"gold":15,"neow_bonus":"TEN_PERCENT_HP_BONUS","is_daily":false,"chose_seed":false,"campfire_upgraded":2,"win_rate":0.0,"timestamp":1612428290,"path_taken":["M","M","?","?","?","R","E","M","T","R","?","E","?","M","R","BOSS","M","M","$","M","M","E","M","R","T","$","R","?","?","M","R","BOSS"],"items_purchased_type":["Card","Card","Card","Relic","Card","Card","Relic"],"build_version":"2020-12-22","purchased_purges":2,"victory":false,"max_hp_per_floor":[88,88,88,88,88,88,90,90,90,90,90,90,90,90,90,92,92,92,92,92,92,92,92,94,94,94,94,94,94,94,94,94,94,94],"card_choices":[{"not_picked":["Havoc","True Grit"],"picked":"Metallicize","floor":1},{"not_picked":["Thunderclap","Clash"],"picked":"Anger","floor":2},{"not_picked":["Havoc","Wild Strike","Corruption"],"picked":"Singing Bowl","floor":7},{"not_picked":["Twin Strike","Fire Breathing"],"picked":"Pommel Strike","floor":8},{"not_picked":["Sever Soul","True Grit"],"picked":"Cleave","floor":12},{"not_picked":["Perfected Strike","Clothesline"],"picked":"Clash","floor":14},{"not_picked":["Brutality","Fiend Fire","Corruption"],"picked":"Singing Bowl","floor":16},{"not_picked":["Rampage+1","Blood for Blood"],"picked":"Ghostly Armor+1","floor":18},{"not_picked":["Bloodletting","Clothesline+1"],"picked":"Headbutt+1","floor":19},{"not_picked":["Perfected Strike","Body Slam"],"picked":"Heavy Blade+1","floor":21},{"not_picked":["True Grit+1","Double Tap"],"picked":"Dual Wield+1","floor":22},{"not_picked":["Spot Weakness","Inflame"],"picked":"Infernal Blade","floor":23},{"not_picked":["Bloodletting","Sword Boomerang+1","Sever Soul"],"picked":"Singing Bowl","floor":24},{"not_picked":["Thunderclap","Pommel Strike"],"picked":"Clash","floor":31}],"player_experience":205754,"relics_obtained":[{"floor":7,"key":"Old Coin"},{"floor":12,"key":"Blood Vial"},{"floor":23,"key":"Ornamental Fan"},{"floor":23,"key":"Potion Belt"},{"floor":26,"key":"Vajra"}],"event_choices":[{"damage_healed":0,"gold_gain":0,"player_choice":"Gave Potion","damage_taken":0,"relics_obtained":["Bronze Scales"],"max_hp_gain":0,"max_hp_loss":0,"event_name":"WeMeetAgain","floor":3,"gold_loss":0},{"damage_healed":0,"gold_gain":0,"player_choice":"Box","damage_taken":0,"relics_obtained":["Singing Bowl"],"max_hp_gain":0,"max_hp_loss":0,"event_name":"Big Fish","floor":5,"gold_loss":0,"cards_obtained":["Regret"]},{"cards_removed":["Bash"],"damage_healed":0,"gold_gain":0,"player_choice":"Purged","damage_taken":0,"max_hp_gain":0,"max_hp_loss":0,"event_name":"Purifier","floor":13,"gold_loss":0},{"damage_healed":0,"gold_gain":0,"player_choice":"Simplicity","damage_taken":0,"max_hp_gain":0,"max_hp_loss":8,"event_name":"betterThird:BetterWriting","floor":29,"gold_loss":0},{"damage_healed":0,"gold_gain":0,"player_choice":"Stole Relic","damage_taken":0,"relics_obtained":["Torii"],"max_hp_gain":0,"max_hp_loss":0,"event_name":"Addict","floor":30,"gold_loss":0,"cards_obtained":["Shame"]}],"is_beta":false,"boss_relics":[{"not_picked":["Pandora\u0027s Box","Snecko Eye"],"picked":"Black Star"}],"items_purged_floors":[11,20],"is_endless":false,"potions_floor_spawned":[2,8,12,14,18,21,24],"killed_by":"Collector","ascension_level":0}}