{"host":"56xwnffi6e9z5l58","time":1612424228,"event":{"mods":["Aspiration","BaseMod","Better Match","Better Note","Better Sensory Stone","BetterRewards","Colored Map","Colored Powertips","Conspire","Downfall","GifTheSpireLib","Hermit","Highlight Path","Hubris","Infinite Spire","Key Reminder","Minty Spire (QoL Compilation)","Permanent Neow","Quick Restart","Rare Cards Sparkle","Replay The Spire","StSLib","Stuff the Spire","SuperFastMode","Unceasing Turn Reminder"],"gold_per_floor":[99,117,117,147,160,160,160,160,160,174,206,220,236,265,281,285,285,285],"floor_reached":16,"language":"ENG","playtime":392,"items_purged":[],"score":112,"play_id":"dddb81c7-06bf-463e-b5e4-c5ea3ad50cf8","local_time":"20210204153708","is_ascension_mode":false,"campfire_choices":[{"data":"bronze:Replicate","floor":1,"key":"SMITH"},{"data":"bronze:Goto","floor":9,"key":"SMITH"}],"circlet_count":0,"master_deck":["bronze:Strike+1","bronze:Strike","bronze:Defend","bronze:Defend","bronze:Defend","bronze:Defend","bronze:Replicate+1","bronze:Goto+1","bronze:DelayedGuard","bronze:DelayedSlice+1","bronze:FineTuning","bronze:ShipIt","bronze:GetLatest","bronze:WildBeam","bronze:Overheat","bronze:WhirlingStrike","bronze:BronzeArmor"],"relics":["bronze:BronzeCore","aspiration:BabyByrd","Regal Pillow","Whetstone","downfall:BrokenWingStatue","infinitespire:Joker Card","keyreminder:keyreminder","Bag of Preparation"],"acts_visited":["Exordium"],"potions_floor_usage":[11],"damage_taken":[{"damage":0,"enemies":"Cultist","floor":2,"turns":3},{"damage":1,"enemies":"Jaw Worm","floor":5,"turns":3},{"damage":0,"enemies":"2 Louse","floor":10,"turns":1},{"damage":12,"enemies":"Gremlin Nob","floor":11,"turns":4},{"damage":6,"enemies":"Exordium Wildlife","floor":12,"turns":2},{"damage":12,"enemies":"2 Fungi Beasts","floor":13,"turns":2},{"damage":9,"enemies":"3 Sentries","floor":14,"turns":4},{"damage":6,"enemies":"Large Slime","floor":15,"turns":2},{"damage":34,"enemies":"DF_ARCHETYPE_STREAMLINE","floor":16,"turns":4}],"seed_played":"381386973068355865","potions_obtained":[{"floor":10,"key":"Fire Potion"},{"floor":12,"key":"Strength Potion"},{"floor":14,"key":"FearPotion"},{"floor":15,"key":"Milkshake"}],"is_trial":false,"path_per_floor":["R","M","?","?","M","?","T","?","R","M","E","M","M","E","M","B"],"character_chosen":"THE_AUTOMATON","items_purchased":[],"campfire_rested":0,"item_purchase_floors":[],"current_hp_per_floor":[70,70,70,70,69,69,69,69,69,69,57,51,39,30,24,0,0,0],"gold":285,"neow_bonus":"TRANSFORM_CARD","is_daily":false,"chose_seed":false,"campfire_upgraded":2,"win_rate":0.0,"timestamp":1612424228,"path_taken":["R","M","?","?","M","?","T","?","R","M","E","M","M","E","M","BOSS"],"items_purchased_type":[],"build_version":"2020-12-22","purchased_purges":0,"victory":false,"max_hp_per_floor":[70,70,70,70,70,70,70,70,70,70,70,70,70,70,70,70,70,70],"card_choices":[{"not_picked":["bronze:DigitalCarnage","bronze:Deprecate"],"picked":"bronze:DelayedSlice","floor":2},{"not_picked":["bronze:BitShift","bronze:DelayedSlice"],"picked":"bronze:FineTuning","floor":5},{"not_picked":["bronze:WhirlingStrike","bronze:FineTuning"],"picked":"bronze:ShipIt","floor":10},{"not_picked":["bronze:BuggyMess","bronze:Iterate"],"picked":"bronze:GetLatest","floor":11},{"not_picked":["bronze:DigitalCarnage","bronze:Invalidate"],"picked":"bronze:WildBeam","floor":12},{"not_picked":["bronze:BitShift","bronze:Constructor"],"picked":"bronze:Overheat","floor":13},{"not_picked":["bronze:DigitalCarnage","bronze:Safeguard"],"picked":"bronze:WhirlingStrike","floor":14},{"not_picked":["bronze:Safeguard","bronze:Philosophize"],"picked":"bronze:BronzeArmor","floor":15}],"player_experience":1008427,"relics_obtained":[{"floor":7,"key":"Whetstone"},{"floor":11,"key":"infinitespire:Joker Card"},{"floor":14,"key":"Bag of Preparation"}],"event_choices":[{"cards_removed":["bronze:Strike"],"damage_healed":0,"gold_gain":0,"player_choice":"Forget","damage_taken":0,"max_hp_gain":0,"max_hp_loss":0,"event_name":"Living Wall","floor":6,"gold_loss":0}],"is_beta":false,"boss_relics":[],"items_purged_floors":[],"is_endless":false,"potions_floor_spawned":[10,12,14,15],"killed_by":"DF_ARCHETYPE_STREAMLINE","ascension_level":0}}