{"host":"58syw52hqfl22t9m","time":1612420469,"event":{"mods":["2.2 Compatiblity","AchievementEnabler","BaseMod","Better Altar","Better Match","Better Note","Better Sensory Stone","Better Skull","Better Third Choice","BetterRewards","Block Reminder","Colored Map","Colored Powertips","Curses Come First","Dark Map","GifTheSpireLib","Highlight Path","Hubris","Infinite Spire","Minty Spire (QoL Compilation)","Monster B Gone","Permanent Neow","Poor People Problems","Random Character Button","Rare Cards Sparkle","Relic Stats","Reliquary","Replay The Spire","Shop Mod","Spicy Shops","StSLib","The Blue Laboratory"],"gold_per_floor":[118,118,118,130,147,147,163,196,268,268,284,297,297,256,256,354,354,371,371,271,271,286,320,320,335,417,417,417,431,431,431],"floor_reached":30,"language":"ENG","playtime":2305,"items_purged":["Strike_G","Strike_G"],"score":300,"play_id":"1ed2c56b-d5c7-462b-9bff-4d6800c41ae5","local_time":"20210203223429","is_ascension_mode":true,"campfire_choices":[{"data":"Caltrops","floor":6,"key":"SMITH"},{"floor":10,"key":"REST"},{"data":"Riddle With Holes","floor":13,"key":"SMITH"},{"data":"Sucker Punch","floor":15,"key":"SMITH"},{"floor":24,"key":"REST"},{"floor":27,"key":"REST"}],"circlet_count":0,"master_deck":["Strike_G","Strike_G","Defend_G","Defend_G","Defend_G","Defend_G+1","Defend_G+1","Survivor","Neutralize","Sucker Punch+1","Caltrops+1","Backflip+1","Backstab","Riddle With Holes+1","Quick Slash","Slice","Dagger Spray+1","Escape Plan","Footwork+1","Prepared+1","Dagger Spray"],"relics":["Ring of the Snake","War Paint","hubris:TenFootPole","Lantern","Paper Crane","hubris:ToyBattleship","Garlic","reliquary:BallBearing"],"acts_visited":["Exordium","TheCity"],"potions_floor_usage":[8,16,16,25,30],"damage_taken":[{"damage":2,"enemies":"Small Slimes","floor":1,"turns":4},{"damage":0,"enemies":"2 Louse","floor":4,"turns":4},{"damage":0,"enemies":"Cultist","floor":5,"turns":4},{"damage":0,"enemies":"Exordium Wildlife","floor":7,"turns":5},{"damage":15,"enemies":"3 Sentries","floor":8,"turns":9},{"damage":0,"enemies":"3 Louse","floor":11,"turns":2},{"damage":0,"enemies":"Looter","floor":12,"turns":3},{"damage":50,"enemies":"Slime Boss","floor":16,"turns":14},{"damage":4,"enemies":"Shell Parasite","floor":18,"turns":5},{"damage":6,"enemies":"3 Byrds","floor":22,"turns":3},{"damage":52,"enemies":"Slavers","floor":23,"turns":7},{"damage":11,"enemies":"Snecko","floor":25,"turns":8},{"damage":1,"enemies":"Snake Plant","floor":29,"turns":4},{"damage":44,"enemies":"Gremlin Leader","floor":30,"turns":7}],"seed_played":"2339892352658172700","potions_obtained":[{"floor":1,"key":"Energy Potion"},{"floor":8,"key":"Poison Potion"},{"floor":11,"key":"Block Potion"},{"floor":23,"key":"LifebloodPotion"},{"floor":29,"key":"blueLaboratory:FruitPunch"}],"is_trial":false,"path_per_floor":["M","?","?","M","M","R","M","E","T","R","M","M","R","?","R","B",null,"M","?","$","AVR","M","E","R","M","T","R","?","M","E"],"character_chosen":"THE_SILENT","items_purchased":["Sucker Punch","Caltrops","Accuracy","War Paint","hubris:TenFootPole"],"campfire_rested":3,"item_purchase_floors":[0,0,0,0,0],"current_hp_per_floor":[68,68,62,62,62,62,62,47,47,68,68,68,68,68,68,18,70,66,66,66,66,60,8,29,18,18,39,39,38,0,0],"gold":431,"neow_bonus":"","is_daily":false,"chose_seed":false,"campfire_upgraded":3,"win_rate":0.0,"timestamp":1612420469,"path_taken":["M","?","?","M","?","R","M","E","T","R","M","M","R","?","R","BOSS","M","?","?","AVR","M","E","R","M","T","R","?","?","E"],"items_purchased_type":["Card","Card","Card","Relic","Relic"],"build_version":"2020-12-22","purchased_purges":2,"victory":false,"max_hp_per_floor":[70,70,70,70,70,70,70,70,70,70,70,70,70,70,70,70,70,70,70,70,70,70,70,70,70,70,70,70,70,72,72],"relic_stats":{"counters":[85,402],"War Paint":["Defend_G","Defend_G"],"obtain_stats":[{"TwistedFunnel":24,"ReplayFunnel":9,"Golden Egg":37,"Regal Pillow":46,"Lantern":8,"Gremlin Horn":48,"Mango":0,"Blue Doll":44,"hubris:SlimyHat":26,"Whetstone":39,"Smiling Mask":28,"Sling":46,"Pet Ghost":19,"BranchBurnRelic":11,"Replay:Bandana":9,"hubris:Icosahedron":3,"WristBlade":17,"Ninja Scroll":50,"Pantograph":0,"Strawberry":21,"hubris:ScarierMask":19,"Tiny Chest":0,"Red Mask":33,"HandDrill":48,"Ring of the Snake":0,"Replay:Bottled Steam":43,"Gremlin Food":22,"Pear":0,"Dead Branch":9,"Paper Crane":9,"War Paint":0,"White Beast Statue":6,"Mercury Hourglass":41,"SlaversCollar":36,"Strange Spoon":48,"betterThird:SlimedRelic":4,"reliquary:BallBearing":26,"hubris:TenFootPole":0,"hubris:ToyBattleship":21,"Garlic":23,"Membership Card":0,"ReplayTheSpireMod:Lightbulb":9,"Meat on the Bone":45},{"TwistedFunnel":35,"ReplayFunnel":53,"Golden Egg":18,"Regal Pillow":46,"Lantern":76,"Gremlin Horn":47,"Mango":0,"Blue Doll":46,"hubris:SlimyHat":13,"Whetstone":43,"Smiling Mask":14,"Sling":46,"Pet Ghost":10,"BranchBurnRelic":66,"Replay:Bandana":30,"hubris:Icosahedron":69,"WristBlade":9,"Ninja Scroll":49,"Pantograph":0,"Strawberry":11,"hubris:ScarierMask":34,"Tiny Chest":0,"Red Mask":40,"HandDrill":47,"Ring of the Snake":0,"Replay:Bottled Steam":20,"Gremlin Food":35,"Pear":50,"Dead Branch":65,"Paper Crane":5,"War Paint":71,"White Beast Statue":3,"Mercury Hourglass":20,"SlaversCollar":41,"Strange Spoon":47,"betterThird:SlimedRelic":28,"reliquary:BallBearing":83,"hubris:TenFootPole":71,"hubris:ToyBattleship":80,"Garlic":82,"Membership Card":26,"ReplayTheSpireMod:Lightbulb":70,"Meat on the Bone":46},{"TwistedFunnel":165,"ReplayFunnel":240,"Golden Egg":89,"Regal Pillow":211,"Lantern":349,"Gremlin Horn":212,"Mango":0,"Blue Doll":211,"hubris:SlimyHat":65,"Whetstone":193,"Smiling Mask":71,"Sling":211,"Pet Ghost":51,"BranchBurnRelic":298,"Replay:Bandana":143,"hubris:Icosahedron":313,"WristBlade":47,"Ninja Scroll":218,"Pantograph":0,"Strawberry":56,"hubris:ScarierMask":163,"Tiny Chest":0,"Red Mask":181,"HandDrill":212,"Ring of the Snake":0,"Replay:Bottled Steam":100,"Gremlin Food":165,"Pear":231,"Dead Branch":295,"Paper Crane":24,"War Paint":323,"White Beast Statue":16,"Mercury Hourglass":100,"SlaversCollar":188,"Strange Spoon":212,"betterThird:SlimedRelic":135,"reliquary:BallBearing":391,"hubris:TenFootPole":323,"hubris:ToyBattleship":373,"Garlic":383,"Membership Card":128,"ReplayTheSpireMod:Lightbulb":317,"Meat on the Bone":211}],"Ring of the Snake":[170]},"card_choices":[{"not_picked":["Acrobatics","Dodge and Roll"],"picked":"Backflip","floor":1},{"not_picked":["Reflex","Backflip"],"picked":"Backstab","floor":4},{"not_picked":["Dodge and Roll","ReplayTheSpireMod:Speed Training"],"picked":"Riddle With Holes","floor":5},{"not_picked":["Backflip","Flying Knee"],"picked":"Quick Slash","floor":7},{"not_picked":["Dodge and Roll","Malaise","Predator"],"picked":"SKIP","floor":8},{"not_picked":["PiercingWail","Outmaneuver","ReplayTheSpireMod:Tripwire"],"picked":"SKIP","floor":11},{"not_picked":["Choke","hubris:TrickCloak"],"picked":"Slice","floor":12},{"not_picked":["Underhanded Strike","Hidden Blade"],"picked":"Dagger Spray+1","floor":18},{"not_picked":["Bouncing Flask","ReplayTheSpireMod:The Works"],"picked":"Footwork","floor":22},{"not_picked":["hubris:SlightOfHand","Dash+1","All Out Attack"],"picked":"SKIP","floor":23},{"not_picked":["Choke","ReplayTheSpireMod:Scrap Shanks"],"picked":"Prepared+1","floor":25},{"not_picked":["Poisoned Stab","Noxious Fumes"],"picked":"Dagger Spray","floor":29}],"player_experience":440273,"relics_obtained":[{"floor":8,"key":"Lantern"},{"floor":9,"key":"Paper Crane"},{"floor":23,"key":"Garlic"},{"floor":26,"key":"reliquary:BallBearing"}],"event_choices":[{"cards_removed":["Accuracy"],"damage_healed":0,"gold_gain":0,"player_choice":"Forget","damage_taken":0,"max_hp_gain":0,"max_hp_loss":0,"event_name":"Living Wall","floor":2,"gold_loss":0},{"damage_healed":0,"gold_gain":0,"player_choice":"UP ","damage_taken":15,"relics_obtained":[],"max_hp_gain":0,"max_hp_loss":0,"event_name":"betterSkull:BetterSkull","floor":3,"gold_loss":0,"cards_upgraded":["Backflip"]},{"damage_healed":0,"gold_gain":0,"player_choice":"Left","damage_taken":0,"max_hp_gain":0,"max_hp_loss":0,"event_name":"betterThird:BetterGoop","floor":14,"gold_loss":41},{"damage_healed":0,"gold_gain":0,"cards_transformed":["Strike_G"],"player_choice":"Transformed","damage_taken":0,"max_hp_gain":0,"max_hp_loss":0,"event_name":"Transmorgrifier","floor":19,"gold_loss":0,"cards_obtained":["Escape Plan"]},{"damage_healed":0,"gold_gain":0,"player_choice":"Upgraded","damage_taken":0,"max_hp_gain":0,"max_hp_loss":0,"event_name":"Upgrade Shrine","floor":28,"gold_loss":0,"cards_upgraded":["Footwork"]}],"is_beta":false,"boss_relics":[{"not_picked":["hubris:RunicObelisk","Replay:Drink Me","hubris:Stopwatch"]}],"items_purged_floors":[0,20],"is_endless":false,"potions_floor_spawned":[1,4,8,11,23,29],"killed_by":"Gremlin Leader","ascension_level":4}}