{"host":"aapp7ew3jk5k1bvd","time":1612446589,"event":{"mods":["AchievementEnabler","BaseMod","Colored Map","Minty Spire (QoL Compilation)","Permanent Neow","StSLib","SuperFastMode"],"gold_per_floor":[109,109,109,63,63,74,74,74,125,138,138,63,63,63,63,166,166,182,82,100,100,110,110,124,54,103,151,165,165,184,201,201,201,201],"floor_reached":33,"language":"KOR","playtime":668,"items_purged":["Strike_B","Strike_B"],"score":235,"play_id":"18f45ea3-9500-4178-95a5-52d29af0e558","local_time":"20210204224949","is_ascension_mode":false,"campfire_choices":[{"data":"Dualcast","floor":7.0,"key":"SMITH"},{"data":"Gash","floor":11.0,"key":"SMITH"},{"data":"Scrape","floor":13.0,"key":"SMITH"},{"data":"Steam","floor":15.0,"key":"SMITH"},{"data":"Gash","floor":23,"key":"SMITH"},{"data":"Steam","floor":29,"key":"SMITH"},{"data":"Hologram","floor":32,"key":"SMITH"}],"circlet_count":0,"master_deck":["Defend_B","Defend_B","Defend_B","Defend_B","Zap+1","Dualcast+1","Scrape+1","Beam Cell+1","Gash+1","Self Repair+1","Steam+1","All For One","Steam+1","Gash+1","Skim","Gash+1","Hologram+1"],"relics":["Cracked Core"],"acts_visited":["Exordium","TheCity"],"potions_floor_usage":[33,33],"damage_taken":[{"damage":0.0,"enemies":"Cultist","floor":1.0,"turns":4.0},{"damage":0.0,"enemies":"Small Slimes","floor":6.0,"turns":2.0},{"damage":2.0,"enemies":"2 Louse","floor":10.0,"turns":3.0},{"damage":26.0,"enemies":"Hexaghost","floor":16.0,"turns":7.0},{"damage":20,"enemies":"Shell Parasite","floor":18,"turns":3},{"damage":5,"enemies":"2 Thieves","floor":20,"turns":4},{"damage":22,"enemies":"Cultist and Chosen","floor":22,"turns":7},{"damage":8,"enemies":"3 Cultists","floor":24,"turns":5},{"damage":6,"enemies":"Snake Plant","floor":28,"turns":3},{"damage":0,"enemies":"Cultist and Chosen","floor":30,"turns":4},{"damage":0,"enemies":"Centurion and Healer","floor":31,"turns":3},{"damage":83,"enemies":"Collector","floor":33,"turns":7}],"seed_played":"-7678846479674188892","potions_obtained":[{"floor":1.0,"key":"SteroidPotion"},{"floor":6.0,"key":"LiquidBronze"},{"floor":20,"key":"SkillPotion"},{"floor":21,"key":"CultistPotion"},{"floor":31,"key":"Strength Potion"}],"is_trial":false,"path_per_floor":["M","?","?","$","?","M","R","?","T","M","R","$","R","?","R","B",null,"M","$","M","?","M","R","M","$","T","T","M","R","M","M","R","B"],"character_chosen":"DEFECT","items_purchased":["Beam Cell","Skim"],"campfire_rested":0,"item_purchase_floors":[4,25],"current_hp_per_floor":[75,75,68,68,73,73,73,73,73,78,78,78,78,62,62,46,80,70,70,75,75,63,63,65,65,65,65,69,69,79,80,80,0,0],"gold":201,"neow_bonus":"UPGRADE_CARD","is_daily":false,"chose_seed":false,"campfire_upgraded":7,"win_rate":0.0,"timestamp":1612446589,"path_taken":["M","?","?","$","?","M","R","?","T","M","R","?","R","?","R","BOSS","M","$","M","?","M","R","?","$","T","?","M","R","M","?","R","BOSS"],"items_purchased_type":["Card","Card"],"build_version":"2020-12-22","purchased_purges":2,"victory":false,"max_hp_per_floor":[75,75,75,75,80,80,80,80,80,80,80,80,80,80,80,80,80,80,80,80,80,80,80,80,80,80,80,80,80,80,80,80,80,80],"card_choices":[{"not_picked":["Capacitor","Ball Lightning"],"picked":"Scrape","floor":1.0},{"not_picked":["Cold Snap","Lockon"],"picked":"Gash","floor":6.0},{"not_picked":["Ball Lightning","Chill"],"picked":"Steam","floor":10.0},{"not_picked":["Reboot","Buffer"],"picked":"All For One","floor":16.0},{"not_picked":["Fusion","Stack"],"picked":"Steam","floor":18},{"not_picked":["Stack","Compile Driver","Cold Snap"],"picked":"SKIP","floor":20},{"not_picked":["Doom and Gloom","Compile Driver+1"],"picked":"Gash","floor":22},{"not_picked":["Rebound","Aggregate","Redo"],"picked":"SKIP","floor":24},{"not_picked":["Melter","Streamline","Turbo"],"picked":"SKIP","floor":28},{"not_picked":["Ball Lightning","Cold Snap"],"picked":"Gash+1","floor":30},{"not_picked":["Hello World","Stack+1"],"picked":"Hologram","floor":31}],"player_experience":1315764,"relics_obtained":[],"event_choices":[{"damage_healed":0.0,"max_hp_gain":0.0,"max_hp_loss":0.0,"gold_gain":0.0,"event_name":"Scrap Ooze","player_choice":"Fled","floor":2.0,"gold_loss":0.0,"damage_taken":0.0},{"cards_removed":["Strike_B"],"damage_healed":0.0,"max_hp_gain":0.0,"max_hp_loss":0.0,"gold_gain":0.0,"event_name":"Golden Wing","player_choice":"Card Removal","floor":3.0,"gold_loss":0.0,"damage_taken":7.0},{"damage_healed":0.0,"max_hp_gain":5.0,"max_hp_loss":0.0,"gold_gain":0.0,"event_name":"Big Fish","player_choice":"Donut","floor":5.0,"gold_loss":0.0,"damage_taken":0.0},{"damage_healed":0.0,"max_hp_gain":0.0,"max_hp_loss":0.0,"gold_gain":0.0,"cards_transformed":["Strike_B"],"event_name":"Living Wall","player_choice":"Change","floor":8.0,"gold_loss":0.0,"damage_taken":0.0,"cards_obtained":["Self Repair"]},{"damage_healed":0.0,"max_hp_gain":0.0,"max_hp_loss":0.0,"gold_gain":0.0,"event_name":"Shining Light","player_choice":"Entered Light","floor":14.0,"gold_loss":0.0,"damage_taken":16.0,"cards_upgraded":["Beam Cell","Self Repair"]},{"damage_healed":0,"gold_gain":0,"player_choice":"Got Potions","damage_taken":0,"max_hp_gain":0,"max_hp_loss":0,"event_name":"Lab","floor":21,"gold_loss":0}],"is_beta":false,"boss_relics":[{"not_picked":[]}],"items_purged_floors":[12,19],"is_endless":false,"potions_floor_spawned":[1,6,20,22,31],"killed_by":"Collector","ascension_level":0}}