{"host":"9n6i2vl93jt4o42q","time":1612449592,"event":{"mods":["BaseMod","Minty Spire (QoL Compilation)","Relic Stats"],"gold_per_floor":[109,125,49,124,124,158,24,49,96,96,112,125,50,62,62,133,133,150,169,169,28,28,28,28,28,28,28,55,66,66,83,83,154,154,166,176,195,37,54,87,87,87,87,105,105,136,136,146,146,146,146,146,146,21,56,56,56],"floor_reached":56,"language":"ENG","playtime":9423,"items_purged":["Pain","Strike_G","Parasite"],"score":1995,"play_id":"e1f0b232-6e7b-408e-b172-9921fcf39338","local_time":"20210204153952","is_ascension_mode":true,"campfire_choices":[{"data":"Noxious Fumes","floor":15.0,"key":"SMITH"},{"data":"Footwork","floor":23.0,"key":"SMITH"},{"data":"Neutralize","floor":25.0,"key":"SMITH"},{"floor":32.0,"key":"REST"},{"floor":41.0,"key":"REST"},{"floor":45.0,"key":"REST"},{"floor":49.0,"key":"RECALL"},{"floor":53.0,"key":"REST"}],"circlet_count":0,"master_deck":["AscendersBane","Strike_G+1","Strike_G+1","Strike_G+1","Strike_G+1","Defend_G+1","Defend_G+1","Defend_G+1","Defend_G+1","Survivor","Neutralize+1","Crippling Poison","Blur","Noxious Fumes+1","Accuracy","Deflect","Well Laid Plans","Bane","Endless Agony","Blur","Poisoned Stab","Burst+1","Blade Dance","Footwork+1","Backflip","Deadly Poison","Cloak And Dagger+1","Malaise","Dodge and Roll","Backflip+1","Expertise+1","Sadistic Nature","Trip","Acrobatics","Envenom"],"relics":["Ring of the Snake","NeowsBlessing","Vajra","Pocketwatch","Nunchaku","WarpedTongs","Sozu","Tough Bandages","Pear","Ice Cream","CultistMask","Fusion Hammer","Snake Skull","Orichalcum","Bag of Marbles","Bag of Preparation"],"acts_visited":["Exordium","TheCity","TheBeyond","TheEnding"],"potions_floor_usage":[],"damage_taken":[{"damage":0.0,"enemies":"Small Slimes","floor":1.0,"turns":1.0},{"damage":0.0,"enemies":"2 Louse","floor":2.0,"turns":1.0},{"damage":0.0,"enemies":"Gremlin Nob","floor":6.0,"turns":1.0},{"damage":9.0,"enemies":"Lagavulin","floor":8.0,"turns":8.0},{"damage":2.0,"enemies":"Jaw Worm","floor":11.0,"turns":4.0},{"damage":6.0,"enemies":"2 Fungi Beasts","floor":12.0,"turns":4.0},{"damage":0.0,"enemies":"Red Slaver","floor":14.0,"turns":4.0},{"damage":5.0,"enemies":"Hexaghost","floor":16.0,"turns":10.0},{"damage":0.0,"enemies":"Chosen","floor":18.0,"turns":5.0},{"damage":15.0,"enemies":"Shell Parasite","floor":19.0,"turns":4.0},{"damage":10.0,"enemies":"Gremlin Leader","floor":28.0,"turns":8.0},{"damage":0.0,"enemies":"Centurion and Healer","floor":29.0,"turns":5.0},{"damage":0.0,"enemies":"Cultist and Chosen","floor":31.0,"turns":6.0},{"damage":52.0,"enemies":"Collector","floor":33.0,"turns":10.0},{"damage":2.0,"enemies":"3 Shapes","floor":35.0,"turns":4.0},{"damage":0.0,"enemies":"Orb Walker","floor":36.0,"turns":5.0},{"damage":3.0,"enemies":"Writhing Mass","floor":37.0,"turns":7.0},{"damage":15.0,"enemies":"3 Darklings","floor":39.0,"turns":4.0},{"damage":15.0,"enemies":"Nemesis","floor":40.0,"turns":9.0},{"damage":23.0,"enemies":"Spire Growth","floor":44.0,"turns":4.0},{"damage":0.0,"enemies":"Giant Head","floor":46.0,"turns":8.0},{"damage":0.0,"enemies":"Sphere and 2 Shapes","floor":48.0,"turns":5.0},{"damage":22.0,"enemies":"Awakened One","floor":50.0,"turns":14.0},{"damage":25.0,"enemies":"Donu and Deca","floor":51.0,"turns":12.0},{"damage":51.0,"enemies":"Shield and Spear","floor":55.0,"turns":7.0},{"damage":23,"enemies":"The Heart","floor":56,"turns":2}],"seed_played":"1256372626941344471","potions_obtained":[{"floor":1.0,"key":"Poison Potion"},{"floor":11.0,"key":"Fruit Juice"},{"floor":16.0,"key":"Energy Potion"}],"is_trial":false,"path_per_floor":["M","M","$","?","?","E","$","E","T","?","M","M","$","M","R","B",null,"M","M","?","$","T","R","$","R","T","?","E","M","?","M","R","B",null,"M","M","M","$","M","E","R","?","T","M","R","E","?","M","R","B","B",null,"R","$","E","B"],"character_chosen":"THE_SILENT","items_purchased":["Noxious Fumes","Well Laid Plans","Bane","Footwork","Snake Skull"],"campfire_rested":4,"item_purchase_floors":[3,7,7,21,38],"current_hp_per_floor":[59,59,59,48,48,48,48,39,39,39,37,31,31,31,31,31,61,61,46,46,46,46,46,46,46,56,56,46,46,46,46,70,18,65,63,63,60,60,45,30,54,49,49,26,50,50,50,50,50,28,3,59,77,74,23,0,0],"gold":56,"neow_bonus":"THREE_ENEMY_KILL","is_daily":false,"chose_seed":false,"campfire_upgraded":3,"win_rate":0.0,"timestamp":1612449592,"path_taken":["M","M","$","?","?","E","?","E","T","?","M","M","$","?","R","BOSS","M","M","?","?","?","R","$","R","T","?","E","M","?","M","R","BOSS","M","M","M","$","?","E","R","?","T","M","R","E","?","M","R","BOSS","BOSS","R","$","E","BOSS"],"items_purchased_type":["Card","Card","Card","Card","Relic"],"build_version":"2020-12-22","purchased_purges":3,"victory":false,"max_hp_per_floor":[66,66,66,66,66,66,66,66,66,66,66,66,66,66,66,71,71,71,71,71,71,71,71,71,71,81,81,81,81,81,81,81,81,81,81,81,81,81,81,81,81,81,81,81,81,81,77,77,77,77,77,77,77,74,74,74,74],"relic_stats":{"Sozu":7,"Nunchaku":[33],"Tough Bandages":[72],"counters":[26,152],"Snake Skull":[143],"Bag of Preparation":[2],"Orichalcum":[42],"obtain_stats":[{"Ice Cream":28,"Pear":26,"NeowsBlessing":0,"Vajra":6,"Snake Skull":38,"Bag of Preparation":55,"Orichalcum":40,"WarpedTongs":10,"Sozu":17,"Nunchaku":9,"Tough Bandages":22,"CultistMask":30,"Fusion Hammer":34,"Bag of Marbles":46,"Ring of the Snake":0,"Pocketwatch":8},{"Ice Cream":11,"Pear":10,"NeowsBlessing":0,"Vajra":3,"Snake Skull":17,"Bag of Preparation":25,"Orichalcum":19,"WarpedTongs":4,"Sozu":8,"Nunchaku":4,"Tough Bandages":10,"CultistMask":12,"Fusion Hammer":14,"Bag of Marbles":21,"Ring of the Snake":0,"Pocketwatch":4},{"Ice Cream":50,"Pear":42,"NeowsBlessing":0,"Vajra":3,"Snake Skull":87,"Bag of Preparation":150,"Orichalcum":100,"WarpedTongs":11,"Sozu":33,"Nunchaku":11,"Tough Bandages":42,"CultistMask":55,"Fusion Hammer":71,"Bag of Marbles":112,"Ring of the Snake":0,"Pocketwatch":11}],"Ring of the Snake":[54],"Pocketwatch":[91],"WarpedTongs":[133]},"card_choices":[{"not_picked":["Heel Hook","Cloak And Dagger"],"picked":"Crippling Poison","floor":1.0},{"not_picked":["Distraction","Concentrate"],"picked":"Blur","floor":2.0},{"not_picked":["Outmaneuver","Underhanded Strike"],"picked":"Deflect","floor":6.0},{"not_picked":["Bane","Envenom"],"picked":"Endless Agony","floor":8.0},{"not_picked":["Deflect","Masterful Stab"],"picked":"Blur","floor":11.0},{"not_picked":["Deadly Poison","Reflex"],"picked":"Poisoned Stab","floor":12.0},{"not_picked":["Dagger Throw","Prepared","Underhanded Strike"],"picked":"SKIP","floor":14.0},{"not_picked":["Tools of the Trade","Grand Finale"],"picked":"Burst","floor":16.0},{"not_picked":["Distraction","Masterful Stab"],"picked":"Blade Dance","floor":18.0},{"not_picked":["Bane","Poisoned Stab","Acrobatics"],"picked":"SKIP","floor":19.0},{"not_picked":["Flechettes","Backstab"],"picked":"Backflip","floor":28.0},{"not_picked":["Predator","Noxious Fumes"],"picked":"Deadly Poison","floor":29.0},{"not_picked":["Reflex+1","Dagger Throw"],"picked":"Cloak And Dagger+1","floor":31.0},{"not_picked":["Glass Knife","Phantasmal Killer"],"picked":"Malaise","floor":33.0},{"not_picked":["Deadly Poison","Bouncing Flask"],"picked":"Dodge and Roll","floor":35.0},{"not_picked":["Blade Dance","Underhanded Strike"],"picked":"Backflip+1","floor":36.0},{"not_picked":["Skewer","Poisoned Stab","Noxious Fumes"],"picked":"SKIP","floor":37.0},{"not_picked":["PiercingWail","Dagger Throw+1"],"picked":"Expertise+1","floor":39.0},{"not_picked":["Endless Agony","Dodge and Roll","Well Laid Plans"],"picked":"SKIP","floor":40.0},{"not_picked":["Chrysalis","Blind"],"picked":"Sadistic Nature","floor":42.0},{"not_picked":["Madness","Deep Breath"],"picked":"Trip","floor":42.0},{"not_picked":["Cloak And Dagger","Well Laid Plans"],"picked":"Acrobatics","floor":44.0},{"not_picked":["Die Die Die","Skewer"],"picked":"Envenom","floor":46.0},{"not_picked":["Underhanded Strike","Quick Slash+1","Deadly Poison"],"picked":"SKIP","floor":48.0},{"not_picked":["Dagger Spray","Expertise","Dagger Throw"],"picked":"SKIP","floor":55.0}],"player_experience":2432080,"relics_obtained":[{"floor":6.0,"key":"Vajra"},{"floor":8.0,"key":"Pocketwatch"},{"floor":9.0,"key":"Nunchaku"},{"floor":22.0,"key":"Tough Bandages"},{"floor":26.0,"key":"Pear"},{"floor":28.0,"key":"Ice Cream"},{"floor":40.0,"key":"Orichalcum"},{"floor":46.0,"key":"Bag of Marbles"},{"floor":55.0,"key":"Bag of Preparation"}],"event_choices":[{"damage_healed":0.0,"max_hp_gain":0.0,"max_hp_loss":0.0,"gold_gain":75.0,"event_name":"World of Goop","player_choice":"Gather Gold","floor":4.0,"gold_loss":0.0,"damage_taken":11.0},{"damage_healed":0.0,"max_hp_gain":0.0,"max_hp_loss":0.0,"gold_gain":0.0,"cards_transformed":["Defend_G"],"event_name":"Living Wall","player_choice":"Change","floor":5.0,"gold_loss":0.0,"damage_taken":0.0,"cards_obtained":["Accuracy"]},{"damage_healed":0.0,"max_hp_gain":0.0,"max_hp_loss":0.0,"gold_gain":0.0,"event_name":"Accursed Blacksmith","player_choice":"Rummage","floor":10.0,"gold_loss":0.0,"damage_taken":0.0,"relics_obtained":["WarpedTongs"],"cards_obtained":["Pain"]},{"damage_healed":0.0,"max_hp_gain":0.0,"max_hp_loss":0.0,"gold_gain":0.0,"event_name":"Upgrade Shrine","player_choice":"Upgraded","floor":20.0,"gold_loss":0.0,"damage_taken":0.0,"cards_upgraded":["Burst"]},{"damage_healed":0.0,"max_hp_gain":0.0,"max_hp_loss":0.0,"gold_gain":0.0,"event_name":"Back to Basics","player_choice":"Simplicity","floor":27.0,"gold_loss":0.0,"damage_taken":0.0,"cards_upgraded":["Strike_G","Strike_G","Strike_G","Strike_G","Defend_G","Defend_G","Defend_G","Defend_G"]},{"damage_healed":0.0,"max_hp_gain":0.0,"max_hp_loss":0.0,"gold_gain":0.0,"event_name":"FaceTrader","player_choice":"Trade","floor":30.0,"gold_loss":0.0,"damage_taken":0.0,"relics_obtained":["CultistMask"]},{"damage_healed":0.0,"max_hp_gain":0.0,"max_hp_loss":0.0,"gold_gain":0.0,"event_name":"SensoryStone","player_choice":"Memory 2","floor":42.0,"gold_loss":0.0,"damage_taken":5.0},{"damage_healed":0.0,"max_hp_gain":0.0,"max_hp_loss":4.0,"gold_gain":0.0,"event_name":"Winding Halls","player_choice":"Max HP","floor":47.0,"gold_loss":0.0,"damage_taken":0.0}],"is_beta":false,"boss_relics":[{"not_picked":["Calling Bell","Coffee Dripper"],"picked":"Sozu"},{"not_picked":["HoveringKite","Busted Crown"],"picked":"Fusion Hammer"}],"items_purged_floors":[13,21,54],"is_endless":false,"potions_floor_spawned":[1,11,16,18,29,36,37,39,46,55],"killed_by":"The Heart","ascension_level":20}}