{"host":"6gl4z8x6qhx9xtfj","time":1612424419,"event":{"mods":["2.2 Compatiblity","AchievementEnabler","BaseMod","Bestiary","Colored Map","Colored Powertips","Evolution","Minty Spire (QoL Compilation)","Quick Restart","Relic Stats","StSLib","SuperFastMode"],"gold_per_floor":[112,127,137,150,170,197,217,243,268,310,310,335,348,365,365,477,477,502,126,138,53,73,101,101,131,192,211,239,573,594,614,614,728,728,740,752,158,107,125,162,162,197,233,233,233],"floor_reached":44,"language":"RUS","playtime":1875,"items_purged":["Parasite","Doubt"],"score":1109,"play_id":"d3d9ce85-206d-497d-b6cc-a533ce9bbadb","local_time":"20210204104019","is_ascension_mode":true,"campfire_choices":[{"data":"Eruption","floor":11,"key":"SMITH"},{"data":"Omniscience","floor":15,"key":"SMITH"},{"data":"Vigilance","floor":24,"key":"SMITH"},{"floor":32,"key":"REST"},{"data":"WheelKick","floor":41,"key":"SMITH"}],"circlet_count":0,"master_deck":["AscendersBane","FollowUp","BowlingBash+1","SashWhip+1","EmptyFist","Evaluate+1","ThirdEye","EmptyBody","Evaluate","Eruption+1","Vigilance+1","WheelKick+1","Consecrate","Omniscience+1","CrushJoints","Worship+1","CarveReality","DevaForm+1","Prostrate","Fasting2+1","CutThroughFate","Brilliance","Tantrum","Ragnarok","Pray+1","Normality"],"relics":["EVO:Axolotl","Cursed Key","Frozen Egg 2","Matryoshka","Whetstone","CeramicFish","Oddly Smooth Stone","MealTicket","Busted Crown","PreservedInsect","Orichalcum","Toy Ornithopter","Damaru","Calipers","Bronze Scales","War Paint","Red Mask","Old Coin","Philosopher\u0027s Stone","Sling","Pen Nib","TungstenRod","Kunai","Dead Branch","Anchor"],"acts_visited":["Exordium","TheCity","TheBeyond"],"potions_floor_usage":[16,16,25,25,36],"damage_taken":[{"damage":0,"enemies":"Cultist","floor":1,"turns":2},{"damage":0,"enemies":"2 Louse","floor":2,"turns":2},{"damage":0,"enemies":"Small Slimes","floor":3,"turns":3},{"damage":2,"enemies":"Blue Slaver","floor":4,"turns":3},{"damage":1,"enemies":"Red Slaver","floor":5,"turns":2},{"damage":8,"enemies":"Gremlin Nob","floor":6,"turns":3},{"damage":0,"enemies":"2 Fungi Beasts","floor":7,"turns":3},{"damage":6,"enemies":"3 Sentries","floor":8,"turns":4},{"damage":0,"enemies":"Gremlin Nob","floor":10,"turns":2},{"damage":3,"enemies":"3 Sentries","floor":12,"turns":3},{"damage":8,"enemies":"Looter","floor":13,"turns":3},{"damage":2,"enemies":"Large Slime","floor":14,"turns":2},{"damage":0,"enemies":"Hexaghost","floor":16,"turns":2},{"damage":14,"enemies":"2 Thieves","floor":18,"turns":3},{"damage":5,"enemies":"Chosen","floor":20,"turns":2},{"damage":30,"enemies":"Snake Plant","floor":22,"turns":4},{"damage":17,"enemies":"Slavers","floor":23,"turns":3},{"damage":1,"enemies":"Book of Stabbing","floor":25,"turns":4},{"damage":0,"enemies":"Cultist and Chosen","floor":27,"turns":3},{"damage":0,"enemies":"Masked Bandits","floor":28,"turns":3},{"damage":0,"enemies":"Slavers","floor":29,"turns":2},{"damage":0,"enemies":"Snecko","floor":30,"turns":3},{"damage":13,"enemies":"Sentry and Sphere","floor":31,"turns":4},{"damage":12,"enemies":"Automaton","floor":33,"turns":7},{"damage":0,"enemies":"Orb Walker","floor":35,"turns":1},{"damage":8,"enemies":"3 Darklings","floor":36,"turns":3},{"damage":28,"enemies":"4 Shapes","floor":39,"turns":2},{"damage":28,"enemies":"Reptomancer","floor":40,"turns":5},{"damage":10,"enemies":"Giant Head","floor":42,"turns":5},{"damage":55,"enemies":"Transient","floor":44,"turns":4}],"seed_played":"-5161937006548712136","potions_obtained":[{"floor":3,"key":"Weak Potion"},{"floor":7,"key":"SteroidPotion"},{"floor":8,"key":"Ancient Potion"},{"floor":10,"key":"FearPotion"},{"floor":16,"key":"PowerPotion"},{"floor":22,"key":"BottledMiracle"},{"floor":25,"key":"Strength Potion"},{"floor":27,"key":"Weak Potion"},{"floor":28,"key":"SteroidPotion"},{"floor":30,"key":"Explosive Potion"},{"floor":39,"key":"PowerPotion"}],"is_trial":false,"path_per_floor":["M","M","M","M","M","E","M","E","T","E","R","E","M","M","R","B",null,"M","$","M","?","M","E","R","E","T","M","?","E","M","M","R","B",null,"M","M","$","?","M","E","R","E","T","M"],"character_chosen":"WATCHER","items_purchased":["PreservedInsect","Orichalcum","Sling","Pen Nib","Tantrum","Ragnarok"],"campfire_rested":1,"item_purchase_floors":[19,19,37,37,37,37],"current_hp_per_floor":[69,69,69,67,66,58,58,52,52,52,52,49,41,39,39,39,67,53,68,63,63,33,16,16,25,25,25,25,25,25,12,33,21,60,60,57,72,72,44,16,16,6,6,0,0],"gold":233,"neow_bonus":"BOSS_RELIC","is_daily":false,"chose_seed":false,"campfire_upgraded":4,"win_rate":0.0,"timestamp":1612424419,"path_taken":["M","M","M","M","M","E","M","E","T","E","R","E","M","?","R","BOSS","M","$","M","?","M","E","R","E","T","M","?","E","M","M","R","BOSS","M","M","$","?","?","E","R","E","T","M"],"items_purchased_type":["Relic","Relic","Relic","Relic","Card","Card"],"build_version":"2020-12-22","purchased_purges":2,"victory":false,"max_hp_per_floor":[76,76,76,76,76,76,76,76,76,76,76,76,76,76,76,76,76,76,73,73,73,73,73,73,73,73,73,73,73,73,73,73,73,73,73,73,73,73,73,73,73,73,73,73,73],"relic_stats":{"counters":[30,92],"CeramicFish":99,"Dead Branch":[3],"PreservedInsect":315,"Pen Nib":[3],"Whetstone":["BowlingBash","SashWhip"],"Orichalcum":[24],"War Paint":["Evaluate","Worship"],"Cursed Key":3,"Busted Crown":32,"Bronze Scales":[79],"MealTicket":30,"Kunai":[3],"obtain_stats":[{"Calipers":25,"CeramicFish":9,"EVO:Axolotl":0,"Whetstone":9,"Cursed Key":0,"Sling":37,"Old Coin":29,"Matryoshka":8,"MealTicket":12,"Philosopher\u0027s Stone":34,"Red Mask":28,"Kunai":40,"Dead Branch":42,"Oddly Smooth Stone":10,"Damaru":23,"PreservedInsect":19,"Pen Nib":37,"Frozen Egg 2":6,"Orichalcum":19,"War Paint":26,"Anchor":43,"Busted Crown":17,"Bronze Scales":26,"PureWater":0,"Toy Ornithopter":21,"TungstenRod":38},{"Calipers":18,"CeramicFish":8,"EVO:Axolotl":0,"Whetstone":8,"Cursed Key":0,"Sling":26,"Old Coin":21,"Matryoshka":8,"MealTicket":10,"Philosopher\u0027s Stone":24,"Red Mask":20,"Kunai":28,"Dead Branch":29,"Oddly Smooth Stone":9,"Damaru":17,"PreservedInsect":14,"Pen Nib":26,"Frozen Egg 2":6,"Orichalcum":14,"War Paint":18,"Anchor":29,"Busted Crown":13,"Bronze Scales":18,"PureWater":0,"Toy Ornithopter":15,"TungstenRod":26},{"Calipers":50,"CeramicFish":22,"EVO:Axolotl":0,"Whetstone":22,"Cursed Key":0,"Sling":76,"Old Coin":58,"Matryoshka":22,"MealTicket":27,"Philosopher\u0027s Stone":72,"Red Mask":56,"Kunai":83,"Dead Branch":88,"Oddly Smooth Stone":24,"Damaru":46,"PreservedInsect":37,"Pen Nib":76,"Frozen Egg 2":15,"Orichalcum":37,"War Paint":50,"Anchor":88,"Busted Crown":34,"Bronze Scales":50,"PureWater":0,"Toy Ornithopter":39,"TungstenRod":76}],"Toy Ornithopter":15,"TungstenRod":12},"card_choices":[{"not_picked":["ClearTheMind","CrushJoints"],"picked":"WheelKick","floor":1},{"not_picked":["Swivel","Halt","FlurryOfBlows"],"picked":"SKIP","floor":2},{"not_picked":["FollowUp","Wireheading"],"picked":"Consecrate","floor":3},{"not_picked":["PathToVictory","EmptyBody","Consecrate"],"picked":"SKIP","floor":4},{"not_picked":["FollowUp","Fasting2"],"picked":"Omniscience","floor":5},{"not_picked":["SashWhip","JustLucky"],"picked":"CrushJoints","floor":6},{"not_picked":["Evaluate","WreathOfFlame","ClearTheMind"],"picked":"SKIP","floor":7},{"not_picked":["WaveOfTheHand","CutThroughFate"],"picked":"Worship","floor":8},{"not_picked":["Judgement","ClearTheMind"],"picked":"CarveReality","floor":10},{"not_picked":["PathToVictory","EmptyFist","BowlingBash"],"picked":"SKIP","floor":12},{"not_picked":["BowlingBash","Conclude","Study+1"],"picked":"SKIP","floor":13},{"not_picked":["EmptyMind","EmptyBody","Crescendo"],"picked":"SKIP","floor":14},{"not_picked":["Judgement","Omniscience"],"picked":"DevaForm+1","floor":16},{"not_picked":[],"picked":"Prostrate","floor":18},{"not_picked":["WreathOfFlame"],"picked":"SKIP","floor":20},{"not_picked":["WaveOfTheHand"],"picked":"SKIP","floor":22},{"not_picked":["Collect"],"picked":"SKIP","floor":23},{"not_picked":["SashWhip"],"picked":"SKIP","floor":25},{"not_picked":["JustLucky"],"picked":"SKIP","floor":27},{"not_picked":[],"picked":"Fasting2+1","floor":29},{"not_picked":[],"picked":"CutThroughFate","floor":30},{"not_picked":["Evaluate"],"picked":"SKIP","floor":31},{"not_picked":[],"picked":"Brilliance","floor":33},{"not_picked":["FlurryOfBlows"],"picked":"SKIP","floor":35},{"not_picked":["EmptyBody+1"],"picked":"SKIP","floor":36},{"not_picked":["BattleHymn+1"],"picked":"SKIP","floor":39},{"not_picked":[],"picked":"Pray+1","floor":40},{"not_picked":["Conclude"],"picked":"SKIP","floor":42}],"player_experience":133586,"relics_obtained":[{"floor":6,"key":"Frozen Egg 2"},{"floor":8,"key":"Matryoshka"},{"floor":9,"key":"Whetstone"},{"floor":9,"key":"CeramicFish"},{"floor":10,"key":"Oddly Smooth Stone"},{"floor":12,"key":"MealTicket"},{"floor":23,"key":"Damaru"},{"floor":25,"key":"Calipers"},{"floor":26,"key":"Bronze Scales"},{"floor":26,"key":"War Paint"},{"floor":28,"key":"Red Mask"},{"floor":29,"key":"Old Coin"},{"floor":40,"key":"Kunai"},{"floor":42,"key":"Dead Branch"},{"floor":43,"key":"Anchor"}],"event_choices":[{"damage_healed":0,"gold_gain":0,"player_choice":"Obtained Relic","damage_taken":0,"relics_obtained":["Toy Ornithopter"],"max_hp_gain":0,"max_hp_loss":0,"event_name":"Addict","floor":21,"gold_loss":85},{"damage_healed":0,"gold_gain":0,"player_choice":"Fought Bandits","damage_taken":0,"max_hp_gain":0,"max_hp_loss":0,"event_name":"Masked Bandits","floor":28,"gold_loss":0},{"damage_healed":0,"gold_gain":0,"player_choice":"Paid Gold","damage_taken":0,"relics_obtained":["TungstenRod"],"max_hp_gain":0,"max_hp_loss":0,"event_name":"WeMeetAgain","floor":38,"gold_loss":51}],"is_beta":false,"boss_relics":[{"not_picked":["Snecko Eye","Astrolabe"],"picked":"Busted Crown"},{"not_picked":["Sozu","SlaversCollar"],"picked":"Philosopher\u0027s Stone"}],"items_purged_floors":[19,37],"is_endless":false,"potions_floor_spawned":[3,7,8,10,16,22,25,27,28,30,33,35,39,40],"killed_by":"Transient","ascension_level":10}}