{"host":"5hsgormuu0lj4iiq","time":1612405123,"event":{"mods":["AchievementEnabler","BaseMod","Colored Map","Colored Powertips","Minty Spire (QoL Compilation)","Quick Restart","Relic Stats","SuperFastMode","everything is the same but u backflip on backflip","slay the spire mod where everything is the same but ironclad has a cowboy hat"],"gold_per_floor":[116,126,76,28,28,58,58,93,105,136,148,172,213,240,252,359,371,403,415,443,455,467,467],"floor_reached":22,"language":"ENG","playtime":552,"items_purged":[],"score":391,"play_id":"7d087f3b-3ed7-4e9b-97e7-b89d44fef839","local_time":"20210203211843","is_ascension_mode":true,"campfire_choices":[{"data":"Static Discharge","floor":7,"key":"SMITH"},{"floor":15,"key":"REST"}],"circlet_count":0,"master_deck":["AscendersBane","Defend_B","Defend_B","Defend_B","Defend_B","Zap","Dualcast","Static Discharge+1","Doom and Gloom","Leap","Darkness","Auto Shields","Sweeping Beam","Sunder","Defragment","Hyperbeam","Chaos+1","Double Energy+1","Force Field+1","Coolheaded","Ghostly","Ghostly","Ghostly","Ghostly","Ghostly","Coolheaded"],"relics":["Cracked Core","NeowsBlessing","The Courier","Bird Faced Urn","MawBank","Dream Catcher","Blue Candle","Astrolabe","GremlinMask"],"acts_visited":["Exordium","TheCity"],"potions_floor_usage":[20],"damage_taken":[{"damage":0,"enemies":"2 Louse","floor":1,"turns":1},{"damage":0,"enemies":"Cultist","floor":2,"turns":1},{"damage":0,"enemies":"Gremlin Nob","floor":6,"turns":1},{"damage":21,"enemies":"3 Sentries","floor":8,"turns":4},{"damage":2,"enemies":"Jaw Worm","floor":10,"turns":3},{"damage":13,"enemies":"Exordium Thugs","floor":12,"turns":4},{"damage":20,"enemies":"Lagavulin","floor":13,"turns":5},{"damage":2,"enemies":"2 Fungi Beasts","floor":14,"turns":3},{"damage":21,"enemies":"The Guardian","floor":16,"turns":9},{"damage":4,"enemies":"3 Byrds","floor":18,"turns":3},{"damage":33,"enemies":"Spheric Guardian","floor":20,"turns":6},{"damage":14,"enemies":"Chosen and Byrds","floor":22,"turns":6}],"seed_played":"6594137305506415649","potions_obtained":[{"floor":2,"key":"Weak Potion"},{"floor":8,"key":"PotionOfCapacity"},{"floor":10,"key":"SkillPotion"},{"floor":14,"key":"DuplicationPotion"}],"is_trial":false,"path_per_floor":["M","M","?","$","?","E","R","E","T","M","$","M","E","M","R","B",null,"M","?","M","?","M"],"character_chosen":"DEFECT","items_purchased":["Leap"],"campfire_rested":1,"item_purchase_floors":[4],"current_hp_per_floor":[68,68,68,68,68,68,68,49,49,49,49,38,20,20,42,25,63,63,37,4,4,0,0],"gold":467,"neow_bonus":"THREE_ENEMY_KILL","is_daily":false,"chose_seed":false,"campfire_upgraded":1,"win_rate":0.0,"timestamp":1612405123,"path_taken":["M","M","?","$","?","E","R","E","T","M","$","M","E","M","R","BOSS","M","?","M","?","?"],"items_purchased_type":["Card"],"build_version":"2020-12-22","purchased_purges":0,"victory":false,"max_hp_per_floor":[75,75,75,75,75,75,75,75,75,75,75,75,75,75,75,75,75,75,37,37,37,37,37],"relic_stats":{"Dream Catcher":1,"counters":[12,46],"Bird Faced Urn":[20],"Blue Candle":[1],"Astrolabe":["Chaos","Double Energy","Force Field"],"MawBank":168,"obtain_stats":[{"Dream Catcher":9,"NeowsBlessing":0,"Bird Faced Urn":6,"Blue Candle":13,"Astrolabe":17,"GremlinMask":21,"The Courier":5,"Cracked Core":0,"MawBank":8},{"Dream Catcher":4,"NeowsBlessing":0,"Bird Faced Urn":3,"Blue Candle":7,"Astrolabe":9,"GremlinMask":11,"The Courier":2,"Cracked Core":0,"MawBank":4},{"Dream Catcher":7,"NeowsBlessing":0,"Bird Faced Urn":3,"Blue Candle":19,"Astrolabe":31,"GremlinMask":40,"The Courier":2,"Cracked Core":0,"MawBank":7}]},"card_choices":[{"not_picked":["Turbo","Lockon"],"picked":"Static Discharge","floor":1},{"not_picked":["Sweeping Beam","Reinforced Body"],"picked":"Doom and Gloom","floor":2},{"not_picked":["Steam","Stack","Conserve Battery"],"picked":"SKIP","floor":6},{"not_picked":["Lockon","Fission"],"picked":"Darkness","floor":8},{"not_picked":["Steam Power","Ball Lightning"],"picked":"Auto Shields","floor":10},{"not_picked":["Stack","Melter"],"picked":"Sweeping Beam","floor":12},{"not_picked":["Sweeping Beam","Steam"],"picked":"Sunder","floor":13},{"not_picked":["Streamline","Reprogram"],"picked":"Defragment","floor":14},{"not_picked":["All For One","Creative AI"],"picked":"Hyperbeam","floor":16},{"not_picked":["Sunder","Ball Lightning"],"picked":"Coolheaded","floor":18},{"not_picked":["Barrage","Gash"],"picked":"Coolheaded","floor":20}],"player_experience":722871,"relics_obtained":[{"floor":6,"key":"Bird Faced Urn"},{"floor":8,"key":"MawBank"},{"floor":9,"key":"Dream Catcher"},{"floor":13,"key":"Blue Candle"}],"event_choices":[{"cards_removed":["Strike_B"],"damage_healed":0,"gold_gain":0,"player_choice":"Card Removal","damage_taken":0,"max_hp_gain":0,"max_hp_loss":0,"event_name":"The Cleric","floor":3,"gold_loss":50},{"damage_healed":0,"gold_gain":0,"player_choice":"Gave Potion","damage_taken":0,"relics_obtained":["The Courier"],"max_hp_gain":0,"max_hp_loss":0,"event_name":"WeMeetAgain","floor":5,"gold_loss":0},{"damage_healed":0,"gold_gain":0,"player_choice":"Became a Ghost","damage_taken":0,"max_hp_gain":0,"max_hp_loss":38,"event_name":"Ghosts","floor":19,"gold_loss":0,"cards_obtained":["Ghostly","Ghostly","Ghostly","Ghostly","Ghostly"]},{"damage_healed":0,"gold_gain":0,"player_choice":"Trade","damage_taken":0,"relics_obtained":["GremlinMask"],"max_hp_gain":0,"max_hp_loss":0,"event_name":"FaceTrader","floor":21,"gold_loss":0}],"is_beta":false,"boss_relics":[{"not_picked":["Runic Dome","Philosopher\u0027s Stone"],"picked":"Astrolabe"}],"items_purged_floors":[],"is_endless":false,"potions_floor_spawned":[2,8,10,14,16,18],"killed_by":"Chosen and Byrds","ascension_level":12}}