{"host":"f9mdfzi4ns4wieu7","time":1612410357,"event":{"mods":["Arknights","BaseMod","Better Note","Better Skull","Better Third Choice","Colored Powertips","Curses Come First","DeckTracker","GungeonMod","Hermit","Infinite Spire","Minty Spire (QoL Compilation)","Quick Restart","Random Character Button","Rare Cards Sparkle","Relic Sorter","Reliquary","Robot Space Explorer","Shade Mod","Smile Girya","StSLib","The Poker Player","The Saiyan","The Servant 0.9.4","TheBandit","WarShipGirlsR/????R mod","Yuyuko"],"gold_per_floor":[117,133,148,148,148,169,202,47,47,70,111,111,135,155,155,279,279,302,0,0,24,24,24,49,49,74,90,114,155,280,280,280,375,375,393,404,404,504,514,543,562,562,562,572,572,606,606,619,619,717,767,763,765,772,847,853,853,855,855,928,928,928,928,929,929,929,1001,1001,1004,1003,636,628,632,632,632,632,632,643,293,293,284,280,280,343,343,338,338,338,364,189,188,188],"floor_reached":91,"language":"ENG","playtime":6828,"items_purged":["Strike_R","Strike_R","Strike_R","Bash","Strike_R","Pommel Strike+1","Defend_R","Defend_R","Headbutt+1","Thunderclap+1"],"score":1770,"play_id":"41e3c56e-614b-48ec-93a9-f3118c4bde67","local_time":"20210203204557","is_ascension_mode":false,"campfire_choices":[{"data":"Body Slam","floor":12.0,"key":"SMITH"},{"data":"Rampage","floor":15.0,"key":"SMITH"},{"data":"Shrug It Off","floor":23.0,"key":"SMITH"},{"data":"Shrug It Off","floor":25.0,"key":"SMITH"},{"data":"Body Slam","floor":32.0,"key":"SMITH"},{"data":"infinitespire:Menacing","floor":42.0,"key":"SMITH"},{"data":"Metallicize","floor":47.0,"key":"SMITH"},{"data":"Shrug It Off","floor":49.0,"key":"SMITH"},{"data":"Shrug It Off","floor":57.0,"key":"SMITH"},{"data":"Ghostly Armor","floor":61.0,"key":"SMITH"},{"data":"Brutality","floor":66.0,"key":"SMITH"},{"data":"Good Instincts","floor":74.0,"key":"SMITH"},{"data":"True Grit","floor":80.0,"key":"SMITH"},{"data":"hermit:CalledShot","floor":83.0,"key":"SMITH"}],"circlet_count":0,"master_deck":["Defend_R+1","Body Slam+1","Shrug It Off+1","Metallicize+1","Ghostly Armor+1","Shrug It Off+1","Rampage+1","Brutality+1","Shrug It Off+1","Flex","Iron Wave+1","Body Slam+1","Barricade+1","infinitespire:Menacing+1","Iron Wave+1","Shrug It Off+1","Metallicize+1","Brutality+1","Good Instincts+1","Ghostly Armor","infinitespire:Fortify","True Grit+1","hermit:CalledShot+1","infinitespire:Fortify"],"relics":["Black Blood","InkBottle","DemoMod:PartiallyEatenCheese","DemoMod:Bottle","infinitespire:Eraser","infinitespire:ShieldingShard","DemoMod:WhiteGuonStone","Bloody Idol","NeowsBlessing","reliquary:Aerogel","DemoMod:Antibody","reliquary:SilkGlove","Shuriken","Happy Flower","Bag of Preparation","Charon\u0027s Ashes","Frozen Egg 2","Busted Crown","Frozen Eye","StoneCalendar","Tiny House","Sundial","infinitespire:Burning Sword","infinitespire:Beetle Shell","Calipers","DemoMod:GlassGuonStoneRelic","DemoMod:Orange","PrismaticShard","Coffee Dripper","Chemical X","Unceasing Top"],"acts_visited":["Exordium","TheCity","TheBeyond","Exordium","TheCity","TheBeyond"],"potions_floor_usage":[],"damage_taken":[{"damage":0.0,"enemies":"Small Slimes","floor":1.0,"turns":1.0},{"damage":0.0,"enemies":"Jaw Worm","floor":2.0,"turns":1.0},{"damage":0.0,"enemies":"Cultist","floor":3.0,"turns":1.0},{"damage":0.0,"enemies":"Large Slime","floor":6.0,"turns":6.0},{"damage":47.0,"enemies":"Gremlin Nob","floor":7.0,"turns":6.0},{"damage":8.0,"enemies":"Lots of Slimes","floor":10.0,"turns":8.0},{"damage":13.0,"enemies":"3 Sentries","floor":11.0,"turns":7.0},{"damage":4.0,"enemies":"Looter","floor":13.0,"turns":4.0},{"damage":15.0,"enemies":"3 Louse","floor":14.0,"turns":3.0},{"damage":8.0,"enemies":"The Guardian","floor":16.0,"turns":8.0},{"damage":18.0,"enemies":"Spheric Guardian","floor":18.0,"turns":7.0},{"damage":18.0,"enemies":"Shell Parasite","floor":21.0,"turns":6.0},{"damage":39.0,"enemies":"Snake Plant","floor":24.0,"turns":6.0},{"damage":5.0,"enemies":"Shelled Parasite and Fungi","floor":27.0,"turns":5.0},{"damage":12.0,"enemies":"3 Cultists","floor":28.0,"turns":6.0},{"damage":8.0,"enemies":"Book of Stabbing","floor":29.0,"turns":5.0},{"damage":27.0,"enemies":"Colosseum Slavers","floor":30.0,"turns":6.0},{"damage":1.0,"enemies":"Colosseum Nobs","floor":30.0,"turns":3.0},{"damage":67.0,"enemies":"Champ","floor":33.0,"turns":12.0},{"damage":23.0,"enemies":"3 Darklings","floor":35.0,"turns":4.0},{"damage":1.0,"enemies":"Orb Walker","floor":36.0,"turns":4.0},{"damage":16.0,"enemies":"infinitespire:Three Voidlings","floor":38.0,"turns":4.0},{"damage":59.0,"enemies":"Nightmare_Alpha","floor":38.0,"turns":8.0},{"damage":4.0,"enemies":"Transient","floor":39.0,"turns":5.0},{"damage":4.0,"enemies":"Reptomancer","floor":40.0,"turns":7.0},{"damage":28.0,"enemies":"4 Shapes","floor":41.0,"turns":5.0},{"damage":8.0,"enemies":"Spire Growth","floor":44.0,"turns":5.0},{"damage":2.0,"enemies":"Nemesis","floor":46.0,"turns":6.0},{"damage":0.0,"enemies":"Jaw Worm Horde","floor":48.0,"turns":5.0},{"damage":21.0,"enemies":"Awakened One","floor":50.0,"turns":10.0},{"damage":3.0,"enemies":"2 Louse","floor":52.0,"turns":3.0},{"damage":5.0,"enemies":"Jaw Worm","floor":53.0,"turns":3.0},{"damage":12.0,"enemies":"Small Slimes","floor":54.0,"turns":3.0},{"damage":0.0,"enemies":"Blue Slaver","floor":56.0,"turns":3.0},{"damage":0.0,"enemies":"Lagavulin","floor":58.0,"turns":4.0},{"damage":9.0,"enemies":"Lots of Slimes","floor":64.0,"turns":4.0},{"damage":4.0,"enemies":"Hexaghost","floor":67.0,"turns":6.0},{"damage":0.0,"enemies":"Spheric Guardian","floor":69.0,"turns":2.0},{"damage":0.0,"enemies":"Chosen","floor":70.0,"turns":3.0},{"damage":27.0,"enemies":"Centurion and Healer","floor":72.0,"turns":5.0},{"damage":0.0,"enemies":"Snake Plant","floor":73.0,"turns":2.0},{"damage":0.0,"enemies":"Slavers","floor":78.0,"turns":3.0},{"damage":0.0,"enemies":"3 Cultists","floor":81.0,"turns":5.0},{"damage":0.0,"enemies":"Chosen and Byrds","floor":82.0,"turns":3.0},{"damage":1.0,"enemies":"Automaton","floor":84.0,"turns":6.0},{"damage":0.0,"enemies":"3 Shapes","floor":86.0,"turns":3.0},{"damage":0,"enemies":"Mind Bloom Boss Battle","floor":89,"turns":4}],"seed_played":"5943241649157911398","potions_obtained":[{"floor":2.0,"key":"Explosive Potion"},{"floor":7.0,"key":"SkillPotion"},{"floor":11.0,"key":"Dexterity Potion"},{"floor":13.0,"key":"LiquidMemories"},{"floor":14.0,"key":"ColorlessPotion"},{"floor":27.0,"key":"Swift Potion"},{"floor":28.0,"key":"Regen Potion"},{"floor":33.0,"key":"Explosive Potion"},{"floor":39.0,"key":"DistilledChaos"},{"floor":40.0,"key":"Strength Potion"},{"floor":41.0,"key":"Swift Potion"},{"floor":48.0,"key":"GamblersBrew"},{"floor":50.0,"key":"Ancient Potion"},{"floor":51.0,"key":"Regen Potion"},{"floor":52.0,"key":"DistilledChaos"},{"floor":64.0,"key":"DemoMod:LeadSkinPotion"},{"floor":69.0,"key":"GamblersBrew"},{"floor":73.0,"key":"Dexterity Potion"},{"floor":78.0,"key":"ColorlessPotion"},{"floor":81.0,"key":"BloodPotion"},{"floor":82.0,"key":"Swift Potion"}],"is_trial":false,"path_per_floor":["M","M","M","?","?","M","E","$","T","M","E","R","M","M","R","B",null,"M","$","?","M","AVR","R","M","R","T","M","M","E","?","?","R","B",null,"M","M","AVR","?","M","E","M","R","T","M","?","E","R","M","R","B",null,"M","M","M","?","M","R","E","?","T","R","AVR","?","M","?","R","B",null,"M","M","$","M","M","R","?","AVR","T","E","$","R","M","M","R","B",null,"M","AVR","T","?","$","M"],"character_chosen":"IRONCLAD","items_purchased":["Rampage","reliquary:SilkGlove","Shrug It Off","Good Instincts","infinitespire:Beetle Shell","PrismaticShard","True Grit"],"campfire_rested":0,"item_purchase_floors":[8,19,19,71,71,79,79],"current_hp_per_floor":[80,80,80,60,60,66,25,25,25,23,16,16,24,15,15,13,80,80,80,80,80,80,80,53,53,53,60,60,76,80,80,80,42,80,80,80,80,36,54,79,68,68,68,85,85,85,85,85,85,85,90,90,90,90,81,90,90,90,95,95,95,95,76,95,95,95,95,95,95,95,95,95,95,95,95,95,95,107,107,107,107,107,107,107,107,107,107,107,107,107,107,107],"gold":188,"neow_bonus":"THREE_ENEMY_KILL","is_daily":false,"chose_seed":false,"campfire_upgraded":14,"win_rate":0.0,"timestamp":1612410357,"path_taken":["M","M","M","?","?","M","E","$","T","?","E","R","M","M","R","BOSS","M","$","?","M","AVR","R","M","R","T","M","M","E","?","?","R","BOSS","M","M","AVR","?","M","E","M","R","T","M","?","E","R","?","R","BOSS","M","?","M","?","?","R","E","?","T","R","AVR","?","M","?","R","BOSS","M","M","$","?","?","R","?","AVR","T","E","?","R","?","M","R","BOSS","M","AVR","?","?","$","M"],"items_purchased_type":["Card","Relic","Card","Card","Relic","Relic","Card"],"build_version":"2020-12-22","purchased_purges":10,"victory":false,"max_hp_per_floor":[80,80,80,80,80,80,80,80,80,80,80,80,80,80,80,80,80,80,80,80,80,80,80,80,80,80,80,80,80,80,80,80,80,80,80,80,80,85,85,85,85,85,85,85,85,85,85,85,85,85,90,90,90,90,90,90,90,90,95,95,95,95,95,95,95,95,95,95,95,95,95,95,95,95,95,95,95,107,107,107,107,107,107,107,107,107,107,107,107,107,107,107],"card_choices":[{"not_picked":["Armaments","Sword Boomerang"],"picked":"Body Slam","floor":1.0},{"not_picked":["Intimidate","Clothesline"],"picked":"Shrug It Off","floor":2.0},{"not_picked":["Anger","Combust"],"picked":"Metallicize","floor":3.0},{"not_picked":["Dark Embrace","Armaments"],"picked":"Ghostly Armor","floor":6.0},{"not_picked":["Bloodletting","Clothesline"],"picked":"Shrug It Off","floor":7.0},{"not_picked":["Combust","Perfected Strike"],"picked":"Headbutt","floor":10.0},{"not_picked":["Pummel","Sword Boomerang","Body Slam"],"picked":"SKIP","floor":11.0},{"not_picked":["Whirlwind","Sword Boomerang","Pummel"],"picked":"SKIP","floor":13.0},{"not_picked":["Intimidate","Feed"],"picked":"Thunderclap","floor":14.0},{"not_picked":["Bludgeon","Double Tap"],"picked":"Brutality","floor":16.0},{"not_picked":["Clothesline","Warcry","Anger"],"picked":"SKIP","floor":18.0},{"not_picked":["Pummel+1","Infernal Blade","Anger"],"picked":"SKIP","floor":21.0},{"not_picked":["Perfected Strike","Rampage","Thunderclap"],"picked":"SKIP","floor":24.0},{"not_picked":["Anger","Entrench"],"picked":"Flex","floor":27.0},{"not_picked":["Cleave+1","Entrench+1"],"picked":"Iron Wave+1","floor":28.0},{"not_picked":["Sword Boomerang","Fiend Fire"],"picked":"Body Slam","floor":29.0},{"not_picked":["Berserk+1","Double Tap"],"picked":"Barricade+1","floor":33.0},{"not_picked":["Clothesline+1"],"picked":"SKIP","floor":35.0},{"not_picked":["Disarm"],"picked":"SKIP","floor":36.0},{"not_picked":["infinitespire:Starlight","infinitespire:Oblivion"],"picked":"infinitespire:Menacing","floor":38.0},{"not_picked":["Thunderclap"],"picked":"SKIP","floor":39.0},{"not_picked":["Combust+1"],"picked":"SKIP","floor":40.0},{"not_picked":["Thunderclap+1"],"picked":"SKIP","floor":41.0},{"not_picked":["Sword Boomerang+1"],"picked":"SKIP","floor":44.0},{"not_picked":["Armaments+1"],"picked":"SKIP","floor":46.0},{"not_picked":["Rage"],"picked":"SKIP","floor":48.0},{"not_picked":["Cleave"],"picked":"SKIP","floor":52.0},{"not_picked":[],"picked":"Shrug It Off","floor":53.0},{"not_picked":["Thunderclap"],"picked":"SKIP","floor":54.0},{"not_picked":["Thunderclap"],"picked":"SKIP","floor":54.0},{"not_picked":[],"picked":"Metallicize+1","floor":56.0},{"not_picked":["Uppercut"],"picked":"SKIP","floor":58.0},{"not_picked":["Battle Trance"],"picked":"SKIP","floor":64.0},{"not_picked":[],"picked":"Pommel Strike+1","floor":69.0},{"not_picked":["Sever Soul"],"picked":"SKIP","floor":70.0},{"not_picked":["Clash"],"picked":"SKIP","floor":72.0},{"not_picked":["DemoMod:WhiteBlade"],"picked":"SKIP","floor":73.0},{"not_picked":["Barricade+1"],"picked":"SKIP","floor":78.0},{"not_picked":[],"picked":"hermit:CalledShot","floor":81.0},{"not_picked":["ats:Very Hot Blade"],"picked":"SKIP","floor":82.0},{"not_picked":["infinitespire:Punishment","infinitespire:Collect"],"picked":"infinitespire:Fortify","floor":86.0},{"not_picked":["Armaments+1"],"picked":"SKIP","floor":86.0}],"player_experience":0,"relics_obtained":[{"floor":7.0,"key":"DemoMod:PartiallyEatenCheese"},{"floor":9.0,"key":"reliquary:Aerogel"},{"floor":11.0,"key":"DemoMod:Antibody"},{"floor":26.0,"key":"Happy Flower"},{"floor":29.0,"key":"Bag of Preparation"},{"floor":30.0,"key":"Charon\u0027s Ashes"},{"floor":30.0,"key":"Frozen Egg 2"},{"floor":38.0,"key":"StoneCalendar"},{"floor":40.0,"key":"infinitespire:Eraser"},{"floor":43.0,"key":"infinitespire:ShieldingShard"},{"floor":46.0,"key":"DemoMod:WhiteGuonStone"},{"floor":58.0,"key":"DemoMod:Bottle"},{"floor":60.0,"key":"Sundial"},{"floor":77.0,"key":"Calipers"},{"floor":78.0,"key":"DemoMod:Orange"},{"floor":88,"key":"InkBottle"},{"floor":89,"key":"Unceasing Top"}],"event_choices":[{"damage_healed":0.0,"max_hp_gain":0.0,"max_hp_loss":0.0,"gold_gain":0.0,"event_name":"Golden Idol","player_choice":"Take Damage","floor":4.0,"gold_loss":0.0,"damage_taken":20.0,"relics_obtained":["Golden Idol"]},{"cards_removed":["Strike_R"],"damage_healed":0.0,"max_hp_gain":0.0,"max_hp_loss":0.0,"gold_gain":0.0,"event_name":"Bonfire Elementals","player_choice":"Offered Basic","floor":5.0,"gold_loss":0.0,"damage_taken":0.0},{"cards_removed":["Brutality"],"damage_healed":0.0,"max_hp_gain":0.0,"max_hp_loss":0.0,"gold_gain":0.0,"event_name":"betterNote:BetterNote","player_choice":"Give","floor":20.0,"gold_loss":0.0,"damage_taken":0.0,"cards_obtained":["None"]},{"damage_healed":0.0,"max_hp_gain":0.0,"max_hp_loss":0.0,"gold_gain":0.0,"event_name":"Colosseum","player_choice":"Fight","floor":30.0,"gold_loss":0.0,"damage_taken":0.0},{"damage_healed":0.0,"max_hp_gain":0.0,"max_hp_loss":0.0,"gold_gain":0.0,"event_name":"Colosseum","player_choice":"Fought Nobs","floor":30.0,"gold_loss":0.0,"damage_taken":0.0},{"damage_healed":0.0,"max_hp_gain":0.0,"max_hp_loss":0.0,"gold_gain":0.0,"event_name":"Forgotten Altar","player_choice":"Gave Idol","floor":31.0,"relics_lost":["Golden Idol"],"gold_loss":0.0,"damage_taken":0.0,"relics_obtained":["Bloody Idol"]},{"damage_healed":0.0,"max_hp_gain":5.0,"max_hp_loss":0.0,"gold_gain":0.0,"event_name":"Forgotten Altar","player_choice":"Shed Blood","floor":38.0,"gold_loss":0.0,"damage_taken":20.0},{"damage_healed":0.0,"max_hp_gain":0.0,"max_hp_loss":0.0,"gold_gain":0.0,"event_name":"Duplicator","player_choice":"Copied","floor":45.0,"gold_loss":0.0,"damage_taken":0.0,"cards_obtained":["Iron Wave"]},{"damage_healed":0.0,"max_hp_gain":0.0,"max_hp_loss":0.0,"gold_gain":75.0,"event_name":"FaceTrader","player_choice":"Touch","floor":55.0,"gold_loss":0.0,"damage_taken":9.0},{"damage_healed":0.0,"max_hp_gain":5.0,"max_hp_loss":0.0,"gold_gain":0.0,"event_name":"Big Fish","player_choice":"Donut","floor":59.0,"gold_loss":0.0,"damage_taken":0.0},{"damage_healed":95.0,"max_hp_gain":0.0,"max_hp_loss":95.0,"gold_gain":0.0,"event_name":"betterThird:BetterShining","player_choice":"Upgrade","floor":63.0,"gold_loss":0.0,"damage_taken":19.0,"cards_upgraded":["Headbutt","Defend_R"]},{"damage_healed":0.0,"max_hp_gain":0.0,"max_hp_loss":0.0,"gold_gain":0.0,"event_name":"Match and Keep!","player_choice":"1 cards matched","floor":65.0,"gold_loss":0.0,"damage_taken":0.0,"cards_obtained":["Brutality"]},{"damage_healed":0.0,"max_hp_gain":0.0,"max_hp_loss":0.0,"gold_gain":0.0,"event_name":"Match and Keep!","player_choice":"1 cards matched","floor":65.0,"gold_loss":0.0,"damage_taken":0.0,"cards_obtained":["Brutality"]},{"damage_healed":0.0,"max_hp_gain":0.0,"max_hp_loss":0.0,"gold_gain":0.0,"cards_transformed":["Defend_R"],"event_name":"Transmorgrifier","player_choice":"Transformed","floor":75.0,"gold_loss":0.0,"damage_taken":0.0,"cards_obtained":["Ghostly Armor"]},{"damage_healed":0,"gold_gain":0,"player_choice":"Fight","damage_taken":0,"max_hp_gain":0,"max_hp_loss":0,"event_name":"MindBloom","floor":89,"gold_loss":0}],"is_beta":false,"boss_relics":[{"not_picked":["SacredBark","reliquary:RedCape"],"picked":"Black Blood"},{"not_picked":["reliquary:WritOfMandamus","Philosopher\u0027s Stone"],"picked":"Busted Crown"},{"not_picked":["Runic Dome","Velvet Choker"],"picked":"Tiny House"},{"not_picked":["infinitespire:Cupcake","Velvet Choker"],"picked":"infinitespire:Burning Sword"},{"not_picked":["reliquary:KinkedSpring","Fusion Hammer"],"picked":"Coffee Dripper"}],"items_purged_floors":[8,19,22,37,62,71,76,79,87,90],"is_endless":true,"potions_floor_spawned":[2,7,11,13,14,27,28,33,38,39,40,41,48,50,52,56,64,69,73,78,81,82,86],"killed_by":"3 Darklings","ascension_level":0}}