{"host":"kdt6w7ix8lwe69i9","time":1612459296,"event":{"mods":["100% Spire Juice","BaseMod","ChefMod","Evolution","Minty Spire (QoL Compilation)","Poor People Problems","Reimu（博丽灵梦）","Robot Space Explorer","Shade Mod","StSLib","The Druid","The Gatherer","TheSurvivalist"],"gold_per_floor":[116,116,191,0,20,20,83,83,132,149,149,149,180,196,196,196,196],"floor_reached":16,"language":"ENG","playtime":1124,"items_purged":[],"score":98,"play_id":"6aa6a58e-d6d8-4f5d-b631-964915903b56","local_time":"20210204122136","is_ascension_mode":false,"campfire_choices":[{"data":"theDruid:NaturalAgility","floor":6,"key":"SMITH"},{"floor":8,"key":"REST"},{"floor":12,"key":"REST"},{"data":"theDruid:TakeShelter","floor":15,"key":"SMITH"}],"circlet_count":0,"master_deck":["theDruid:Strike_O","theDruid:Strike_O","theDruid:Strike_O+1","theDruid:Strike_O","theDruid:Defend_O","theDruid:Defend_O","theDruid:Defend_O","theDruid:Defend_O","theDruid:BriarArmor","theDruid:WildSlash","theDruid:Gore+1","theDruid:Slingshot","theDruid:NaturalAgility+1","theDruid:Slingshot","theDruid:PlagueClaw","theDruid:PlagueClaw","theDruid:BristlingDefense","theDruid:TakeShelter+1"],"relics":["theDruid:CrownOfTheWilds","EVO:Axolotl","Potion Belt","Membership Card","Sundial","Strawberry","theDruid:ArmillarySphere","Whetstone"],"acts_visited":["Exordium"],"potions_floor_usage":[13,14],"damage_taken":[{"damage":0,"enemies":"2 Louse","floor":1,"turns":3},{"damage":3,"enemies":"Jaw Worm","floor":5,"turns":3},{"damage":37,"enemies":"3 Sentries","floor":7,"turns":10},{"damage":10,"enemies":"Small Slimes","floor":10,"turns":3},{"damage":25,"enemies":"Gremlin Nob","floor":13,"turns":4},{"damage":0,"enemies":"Blue Slaver","floor":14,"turns":2},{"damage":36,"enemies":"Slime Boss","floor":16,"turns":8}],"seed_played":"-869526481495605579","potions_obtained":[{"floor":10,"key":"CultistPotion"},{"floor":13,"key":"SteroidPotion"}],"is_trial":false,"path_per_floor":["M","?","?","$","M","R","?","R","T","M","?","R","E","M","R","B"],"character_chosen":"DRUID","items_purchased":["Membership Card","theDruid:Slingshot","theDruid:NaturalAgility"],"campfire_rested":2,"item_purchase_floors":[4,4,4],"current_hp_per_floor":[75,75,64,64,61,61,24,46,53,43,31,55,30,30,30,0,0],"gold":196,"neow_bonus":"RANDOM_COMMON_RELIC","is_daily":false,"chose_seed":false,"campfire_upgraded":2,"win_rate":0.0,"timestamp":1612459296,"path_taken":["M","?","?","$","M","R","?","R","T","M","?","R","E","?","R","BOSS"],"items_purchased_type":["Relic","Card","Card"],"build_version":"2020-12-22","purchased_purges":0,"victory":false,"max_hp_per_floor":[75,75,75,75,75,75,75,75,82,82,82,82,82,82,82,82,82],"card_choices":[{"not_picked":["theDruid:BloodiedFur","theDruid:Swipe"],"picked":"theDruid:Gore","floor":1},{"not_picked":["theDruid:IronClaw","theDruid:Untamed"],"picked":"theDruid:Slingshot","floor":5},{"not_picked":["theDruid:Eclipse","theDruid:ExposingSlash"],"picked":"theDruid:PlagueClaw","floor":7},{"not_picked":["theDruid:Starburst","theDruid:WallofRoots"],"picked":"theDruid:PlagueClaw","floor":10},{"not_picked":["theDruid:Starburst","theDruid:Fortitude"],"picked":"theDruid:BristlingDefense","floor":13},{"not_picked":["theDruid:FuriousSlash","theDruid:ThickHide"],"picked":"theDruid:TakeShelter","floor":14}],"player_experience":1235582,"relics_obtained":[{"floor":7,"key":"Sundial"},{"floor":9,"key":"Strawberry"},{"floor":13,"key":"Whetstone"}],"event_choices":[{"damage_healed":0,"gold_gain":0,"player_choice":"Leave","damage_taken":0,"max_hp_gain":0,"max_hp_loss":0,"event_name":"The Cleric","floor":2,"gold_loss":0},{"damage_healed":0,"gold_gain":75,"player_choice":"Gather Gold","damage_taken":11,"max_hp_gain":0,"max_hp_loss":0,"event_name":"World of Goop","floor":3,"gold_loss":0},{"damage_healed":0,"gold_gain":30,"player_choice":"Searched \u00272\u0027 times","damage_taken":0,"max_hp_gain":0,"max_hp_loss":0,"event_name":"Dead Adventurer","floor":7,"gold_loss":0},{"damage_healed":0,"gold_gain":0,"player_choice":"Success","damage_taken":12,"relics_obtained":["theDruid:ArmillarySphere"],"max_hp_gain":0,"max_hp_loss":0,"event_name":"Scrap Ooze","floor":11,"gold_loss":0}],"is_beta":false,"boss_relics":[],"items_purged_floors":[],"is_endless":false,"potions_floor_spawned":[10,13],"killed_by":"Slime Boss","ascension_level":0}}