{"host":"vyjryxuuuxkt43k4","time":1612422543,"event":{"mods":["AchievementEnabler","BaseMod","Colored Map","DeckTracker","Keyboard Shortcuts","Minty Spire (QoL Compilation)","Permanent Neow","Quick Restart","Relic Stats","StSLib","SuperFastMode","everything is the same but u backflip on backflip"],"gold_per_floor":[20,20,32,43,61,61,88,149,149,149,179,179,208,219,219,324,324,339,27,43,43,55,55,82,82,150,163,163,180,206,219,219,317,317,331,349,349,368,386,386,14,47,74,74,74,101,101,115,115,115],"floor_reached":51,"language":"KOR","playtime":4810,"items_purged":["Redo"],"score":1150,"play_id":"b654535b-6b5c-4fc6-b49e-3c105b7ad2dc","local_time":"20210204160903","is_ascension_mode":true,"campfire_choices":[{"data":"Creative AI","floor":6.0,"key":"SMITH"},{"floor":10.0,"key":"REST"},{"floor":12.0,"key":"REST"},{"floor":15.0,"key":"REST"},{"data":"Dualcast","floor":23.0,"key":"SMITH"},{"floor":28.0,"key":"REST"},{"floor":32.0,"key":"REST"},{"floor":40.0,"key":"REST"},{"data":"Double Energy","floor":44.0,"key":"SMITH"},{"floor":47.0,"key":"REST"},{"data":"Seek","floor":49.0,"key":"SMITH"}],"circlet_count":0,"master_deck":["AscendersBane","Zap+1","Dualcast+1","Creative AI+1","Turbo","Coolheaded","FTL+1","Double Energy+1","Core Surge","Seek+1","Force Field","Machine Learning","Defragment","Chill","Coolheaded","Lockon","Skim","Conserve Battery","Reinforced Body","Self Repair","Blizzard+1","Heatsinks+1","Capacitor+1","Stack+1","Hologram+1","White Noise+1","Electrodynamics","Redo+1"],"relics":["Cracked Core","Shuriken","War Paint","Blue Candle","Mango","Torii","StoneCalendar","Pandora\u0027s Box","Ice Cream","Blood Vial","Pantograph","Toxic Egg 2","Empty Cage","TungstenRod","Whetstone","Vajra","Orichalcum"],"acts_visited":["Exordium","TheCity","TheBeyond"],"potions_floor_usage":[50],"damage_taken":[{"damage":6.0,"enemies":"Cultist","floor":1.0,"turns":3.0},{"damage":3.0,"enemies":"2 Louse","floor":3.0,"turns":3.0},{"damage":20.0,"enemies":"Jaw Worm","floor":4.0,"turns":5.0},{"damage":6.0,"enemies":"Looter","floor":5.0,"turns":4.0},{"damage":10.0,"enemies":"3 Sentries","floor":7.0,"turns":6.0},{"damage":9.0,"enemies":"Gremlin Nob","floor":8.0,"turns":4.0},{"damage":48.0,"enemies":"Gremlin Nob","floor":11.0,"turns":6.0},{"damage":24.0,"enemies":"Lagavulin","floor":13.0,"turns":7.0},{"damage":0.0,"enemies":"2 Fungi Beasts","floor":14.0,"turns":2.0},{"damage":29.0,"enemies":"The Guardian","floor":16.0,"turns":9.0},{"damage":18.0,"enemies":"3 Byrds","floor":18.0,"turns":5.0},{"damage":1.0,"enemies":"Spheric Guardian","floor":20.0,"turns":3.0},{"damage":1.0,"enemies":"Cultist and Chosen","floor":22.0,"turns":7.0},{"damage":29.0,"enemies":"Gremlin Leader","floor":24.0,"turns":8.0},{"damage":25.0,"enemies":"Shelled Parasite and Fungi","floor":27.0,"turns":7.0},{"damage":1.0,"enemies":"3 Cultists","floor":29.0,"turns":4.0},{"damage":29.0,"enemies":"Slavers","floor":30.0,"turns":3.0},{"damage":18.0,"enemies":"Snake Plant","floor":31.0,"turns":4.0},{"damage":47.0,"enemies":"Automaton","floor":33.0,"turns":9.0},{"damage":7.0,"enemies":"Orb Walker","floor":35.0,"turns":5.0},{"damage":29.0,"enemies":"3 Darklings","floor":36.0,"turns":6.0},{"damage":0.0,"enemies":"Transient","floor":37.0,"turns":1.0},{"damage":32.0,"enemies":"4 Shapes","floor":38.0,"turns":7.0},{"damage":29.0,"enemies":"3 Darklings","floor":39.0,"turns":5.0},{"damage":18.0,"enemies":"Nemesis","floor":42.0,"turns":7.0},{"damage":38.0,"enemies":"Reptomancer","floor":46.0,"turns":8.0},{"damage":6.0,"enemies":"Spire Growth","floor":48.0,"turns":7.0},{"damage":30,"enemies":"Donu and Deca","floor":50,"turns":10}],"seed_played":"-2144854569059436415","potions_obtained":[{"floor":4.0,"key":"Block Potion"},{"floor":5.0,"key":"AttackPotion"},{"floor":7.0,"key":"DistilledChaos"},{"floor":14.0,"key":"Strength Potion"},{"floor":16.0,"key":"Explosive Potion"},{"floor":24.0,"key":"LiquidMemories"},{"floor":29.0,"key":"SmokeBomb"},{"floor":30.0,"key":"EssenceOfSteel"},{"floor":33.0,"key":"SkillPotion"},{"floor":38.0,"key":"FocusPotion"},{"floor":46.0,"key":"LiquidBronze"},{"floor":48.0,"key":"FearPotion"}],"is_trial":false,"path_per_floor":["M","T","M","M","M","R","E","?","T","R","E","R","E","M","R","B",null,"M","$","M","?","M","R","E","?","T","M","R","M","E","M","R","B",null,"M","M","M","M","M","R","$","E","T","R","?","E","R","M","R","B",null],"character_chosen":"DEFECT","items_purchased":["Ice Cream","TungstenRod"],"campfire_rested":7,"item_purchase_floors":[19,41],"current_hp_per_floor":[62,62,59,39,33,33,23,14,28,54,6,32,8,8,34,5,68,50,50,49,49,48,48,19,48,48,25,51,59,32,23,49,36,76,78,58,67,44,24,50,50,41,41,41,41,12,38,41,41,38],"gold":115,"neow_bonus":"THREE_RARE_CARDS","is_daily":false,"chose_seed":false,"campfire_upgraded":4,"win_rate":0.0,"timestamp":1612422543,"path_taken":["M","?","M","M","M","R","E","?","T","R","E","R","E","M","R","BOSS","M","$","M","?","M","R","E","?","T","M","R","M","E","M","R","BOSS","M","M","M","M","M","R","$","E","T","R","?","E","R","M","R","BOSS"],"items_purchased_type":["Relic","Relic"],"build_version":"2020-12-22","purchased_purges":1,"victory":true,"max_hp_per_floor":[75,75,75,75,75,75,75,75,89,89,89,89,89,89,89,89,89,89,89,89,89,89,89,89,89,89,89,89,89,89,89,89,89,89,89,89,89,89,89,89,89,89,89,89,89,89,89,89,89,89],"relic_stats":{"Torii":45,"counters":[28,154],"Blue Candle":[0],"StoneCalendar":[372],"Whetstone":["FTL","Blizzard"],"War Paint":["Zap","Defend_B"],"Orichalcum":[12],"Blood Vial":28,"Shuriken":[22],"Pantograph":50,"Pandora\u0027s Box":["Creative AI","Defragment","Chill","Coolheaded","Hyperbeam","Lockon","Redo","Skim"],"obtain_stats":[{"Ice Cream":19,"Torii":11,"Blue Candle":8,"Vajra":43,"Mango":9,"StoneCalendar":13,"Whetstone":42,"War Paint":7,"Orichalcum":46,"Empty Cage":34,"Blood Vial":24,"Shuriken":2,"Pantograph":26,"Pandora\u0027s Box":17,"Toxic Egg 2":30,"Cracked Core":0,"TungstenRod":41},{"Ice Cream":11,"Torii":7,"Blue Candle":6,"Vajra":25,"Mango":6,"StoneCalendar":8,"Whetstone":25,"War Paint":5,"Orichalcum":26,"Empty Cage":19,"Blood Vial":14,"Shuriken":1,"Pantograph":14,"Pandora\u0027s Box":10,"Toxic Egg 2":17,"Cracked Core":0,"TungstenRod":24},{"Ice Cream":53,"Torii":31,"Blue Candle":25,"Vajra":129,"Mango":25,"StoneCalendar":38,"Whetstone":129,"War Paint":21,"Orichalcum":137,"Empty Cage":98,"Blood Vial":71,"Shuriken":3,"Pantograph":71,"Pandora\u0027s Box":48,"Toxic Egg 2":85,"Cracked Core":0,"TungstenRod":122}],"TungstenRod":19},"card_choices":[{"not_picked":["Buffer","All For One"],"picked":"Creative AI","floor":0.0},{"not_picked":["Leap","Hologram"],"picked":"Sweeping Beam","floor":1.0},{"not_picked":["Leap","Creative AI"],"picked":"Turbo","floor":3.0},{"not_picked":["Compile Driver","Rebound"],"picked":"Coolheaded","floor":4.0},{"not_picked":["Capacitor","Streamline"],"picked":"FTL","floor":5.0},{"not_picked":["Gash","Coolheaded"],"picked":"Double Energy","floor":7.0},{"not_picked":["Redo","Streamline"],"picked":"Core Surge","floor":11.0},{"not_picked":["Recycle","Aggregate"],"picked":"Seek","floor":13.0},{"not_picked":["Streamline","Hologram"],"picked":"Force Field","floor":14.0},{"not_picked":["Thunder Strike","Creative AI"],"picked":"Machine Learning","floor":16.0},{"not_picked":["Go for the Eyes","Turbo"],"picked":"Conserve Battery","floor":18.0},{"not_picked":["Stack","Rebound"],"picked":"Reinforced Body","floor":20.0},{"not_picked":["Consume","Ball Lightning","Auto Shields"],"picked":"SKIP","floor":22.0},{"not_picked":["Tempest","Redo","Lockon"],"picked":"SKIP","floor":24.0},{"not_picked":["Tempest","Steam Power"],"picked":"Self Repair","floor":27.0},{"not_picked":["Auto Shields","Cold Snap"],"picked":"Blizzard","floor":29.0},{"not_picked":["Leap+1","Redo+1","Go for the Eyes"],"picked":"SKIP","floor":30.0},{"not_picked":["Melter","Compile Driver"],"picked":"Heatsinks+1","floor":31.0},{"not_picked":["Force Field+1","Gash"],"picked":"Capacitor+1","floor":35.0},{"not_picked":["Compile Driver+1","Storm"],"picked":"Stack+1","floor":36.0},{"not_picked":["Beam Cell+1","Ball Lightning"],"picked":"Hologram+1","floor":38.0},{"not_picked":["All For One","Sweeping Beam"],"picked":"White Noise+1","floor":39.0},{"not_picked":["Compile Driver","Steam Power+1","Sunder"],"picked":"SKIP","floor":42.0},{"not_picked":["Aggregate+1","Doom and Gloom"],"picked":"Electrodynamics","floor":46.0},{"not_picked":["Sweeping Beam+1","Beam Cell"],"picked":"Redo+1","floor":48.0}],"player_experience":692948,"relics_obtained":[{"floor":2.0,"key":"Shuriken"},{"floor":7.0,"key":"War Paint"},{"floor":8.0,"key":"Blue Candle"},{"floor":9.0,"key":"Mango"},{"floor":11.0,"key":"Torii"},{"floor":13.0,"key":"StoneCalendar"},{"floor":24.0,"key":"Blood Vial"},{"floor":26.0,"key":"Pantograph"},{"floor":30.0,"key":"Toxic Egg 2"},{"floor":42.0,"key":"Whetstone"},{"floor":43.0,"key":"Vajra"},{"floor":46.0,"key":"Orichalcum"}],"event_choices":[{"damage_healed":0.0,"max_hp_gain":0.0,"max_hp_loss":0.0,"gold_gain":0.0,"event_name":"Dead Adventurer","player_choice":"Searched \u00271\u0027 times","floor":8.0,"gold_loss":0.0,"damage_taken":0.0},{"cards_removed":["Creative AI"],"damage_healed":0.0,"max_hp_gain":0.0,"max_hp_loss":0.0,"gold_gain":0.0,"event_name":"Back to Basics","player_choice":"Elegance","floor":21.0,"gold_loss":0.0,"damage_taken":0.0},{"damage_healed":29.0,"max_hp_gain":0.0,"max_hp_loss":0.0,"gold_gain":0.0,"event_name":"The Library","player_choice":"Heal","floor":25.0,"gold_loss":0.0,"damage_taken":0.0},{"damage_healed":0.0,"max_hp_gain":0.0,"max_hp_loss":0.0,"gold_gain":0.0,"event_name":"Mysterious Sphere","player_choice":"Ignored","floor":45.0,"gold_loss":0.0,"damage_taken":0.0}],"is_beta":false,"boss_relics":[{"not_picked":["FrozenCore","Inserter"],"picked":"Pandora\u0027s Box"},{"not_picked":["Tiny House","SlaversCollar"],"picked":"Empty Cage"}],"items_purged_floors":[41],"is_endless":false,"potions_floor_spawned":[4,5,7,14,16,24,29,30,33,37,38,46,48],"ascension_level":12}}