{"host":"e3jr8cs0hrgde9ri","time":1612400862,"event":{"mods":["2.2 Compatiblity","BaseMod","Highlight Path","Minty Spire (QoL Compilation)","Permanent Neow","Quick Restart","SuperFastMode"],"gold_per_floor":[110,122,138,155,155,155,183,194,276,309,6,6,106,124,124,225,225,242,242,242,256,29,62,75,103,103,103,115,115,126,151,151,252,252,265,284,284,284,304,304,34,46,46,46,71,71,21,21,21,21],"floor_reached":51,"language":"ENG","playtime":1501,"items_purged":["Strike_P","Strike_P"],"score":1169,"play_id":"400775f5-50b3-45ff-b73e-81f42965b34f","local_time":"20210203170742","is_ascension_mode":true,"campfire_choices":[{"data":"Protect","floor":6.0,"key":"SMITH"},{"data":"1","floor":12.0,"key":"LIFT"},{"data":"2","floor":15.0,"key":"LIFT"},{"data":"3","floor":27,"key":"LIFT"},{"floor":32,"key":"REST"},{"floor":40,"key":"REST"},{"floor":44,"key":"REST"},{"floor":46,"key":"REST"},{"floor":49,"key":"REST"}],"circlet_count":0,"master_deck":["Defend_P","Defend_P","Defend_P","Defend_P","Eruption","Vigilance","Protect","Protect+1","EmptyFist+1","Meditate","SandsOfTime","WaveOfTheHand+1","Pray+1","DevaForm","Halt+1","WreathOfFlame+1","Swivel+1","TalkToTheHand+1","Swivel+1","ConjureBlade+1","Wallop+1","Swivel+1","SpiritShield+1","Master of Strategy+1","The Bomb+1","Protect+1"],"relics":["Snecko Eye","Orichalcum","Toxic Egg 2","Torii","Girya","Fusion Hammer","Nilry\u0027s Codex","Centennial Puzzle","Bronze Scales","Dream Catcher","Bottled Tornado","Gremlin Horn","SlaversCollar","Membership Card","TeardropLocket","Blue Candle","Ice Cream"],"acts_visited":["Exordium","TheCity","TheBeyond"],"potions_floor_usage":[25],"damage_taken":[{"damage":0.0,"enemies":"2 Louse","floor":1.0,"turns":4.0},{"damage":0.0,"enemies":"Cultist","floor":2.0,"turns":3.0},{"damage":0.0,"enemies":"Small Slimes","floor":3.0,"turns":3.0},{"damage":0.0,"enemies":"Blue Slaver","floor":4.0,"turns":4.0},{"damage":0.0,"enemies":"Gremlin Nob","floor":7.0,"turns":3.0},{"damage":0.0,"enemies":"Looter","floor":8.0,"turns":5.0},{"damage":0.0,"enemies":"3 Sentries","floor":10.0,"turns":4.0},{"damage":0.0,"enemies":"Lots of Slimes","floor":14.0,"turns":2.0},{"damage":0.0,"enemies":"Slime Boss","floor":16.0,"turns":4.0},{"damage":0.0,"enemies":"Chosen","floor":18.0,"turns":2.0},{"damage":0.0,"enemies":"Shell Parasite","floor":21.0,"turns":4.0},{"damage":3.0,"enemies":"Book of Stabbing","floor":23.0,"turns":7.0},{"damage":0.0,"enemies":"Snake Plant","floor":24.0,"turns":2.0},{"damage":10,"enemies":"Slavers","floor":25,"turns":5},{"damage":0,"enemies":"Snecko","floor":28,"turns":3},{"damage":0,"enemies":"Chosen and Byrds","floor":30,"turns":3},{"damage":0,"enemies":"Gremlin Leader","floor":31,"turns":4},{"damage":7,"enemies":"Champ","floor":33,"turns":8},{"damage":0,"enemies":"3 Darklings","floor":35,"turns":4},{"damage":1,"enemies":"Orb Walker","floor":36,"turns":3},{"damage":1,"enemies":"Transient","floor":39,"turns":5},{"damage":0,"enemies":"3 Darklings","floor":42,"turns":4},{"damage":0,"enemies":"Reptomancer","floor":45,"turns":3},{"damage":0,"enemies":"Donu and Deca","floor":50,"turns":8}],"seed_played":"-6552545365281940730","potions_obtained":[{"floor":2.0,"key":"Fire Potion"},{"floor":3.0,"key":"Dexterity Potion"},{"floor":8.0,"key":"EssenceOfSteel"},{"floor":21.0,"key":"Regen Potion"},{"floor":28,"key":"Fire Potion"}],"is_trial":false,"path_per_floor":["M","M","M","M","?","R","E","M","T","E","$","R","?","M","R","B",null,"M","?","?","M","$","E","M","E","T","R","M","?","M","E","R","B",null,"M","M","?","?","M","R","$","M","T","R","E","R","$","?","R","B",null],"character_chosen":"WATCHER","items_purchased":["Girya","Centennial Puzzle","Membership Card","TeardropLocket"],"campfire_rested":5,"item_purchase_floors":[11,22,41,41],"current_hp_per_floor":[72,72,72,72,72,72,72,72,72,72,72,72,72,72,72,72,72,72,72,56,56,56,53,53,43,43,43,43,43,43,43,64,57,68,68,67,67,67,66,72,72,72,72,72,72,72,72,62,72,72],"gold":21,"neow_bonus":"BOSS_RELIC","is_daily":false,"chose_seed":false,"campfire_upgraded":1,"win_rate":0.0,"timestamp":1612400862,"path_taken":["M","M","M","M","?","R","E","M","T","E","?","R","?","?","R","BOSS","M","?","?","M","$","E","M","E","T","R","M","?","?","E","R","BOSS","M","M","?","?","M","R","$","?","T","R","E","R","$","?","R","BOSS"],"items_purchased_type":["Relic","Relic","Relic","Relic"],"build_version":"2020-12-22","purchased_purges":2,"victory":true,"max_hp_per_floor":[72,72,72,72,72,72,72,72,72,72,72,72,72,72,72,72,72,72,72,72,72,72,72,72,72,72,72,72,72,72,72,72,72,72,72,72,72,72,72,72,72,72,72,72,72,72,72,72,72,72],"card_choices":[{"not_picked":["CrushJoints","SashWhip","BattleHymn"],"picked":"SKIP","floor":1.0},{"not_picked":["SashWhip","SignatureMove"],"picked":"Protect","floor":2.0},{"not_picked":["SashWhip","WreathOfFlame"],"picked":"Protect","floor":3.0},{"not_picked":["FlurryOfBlows","ForeignInfluence"],"picked":"EmptyFist","floor":4.0},{"not_picked":["BowlingBash","MentalFortress"],"picked":"Meditate","floor":7.0},{"not_picked":["ClearTheMind","FlyingSleeves"],"picked":"SandsOfTime","floor":8.0},{"not_picked":["Fasting2","Brilliance"],"picked":"WaveOfTheHand+1","floor":10.0},{"not_picked":["EmptyBody+1","EmptyFist"],"picked":"Pray+1","floor":14.0},{"not_picked":["Blasphemy+1","ConjureBlade+1"],"picked":"DevaForm","floor":16.0},{"not_picked":["Crescendo+1","CutThroughFate","WaveOfTheHand+1"],"picked":"SKIP","floor":18.0},{"not_picked":["EmptyBody+1","EmptyFist","JustLucky+1"],"picked":"SKIP","floor":21.0},{"not_picked":["FearNoEvil","EmptyMind+1","EmptyFist"],"picked":"SKIP","floor":23.0},{"not_picked":["MentalFortress","Weave+1","WreathOfFlame+1"],"picked":"SKIP","floor":24},{"not_picked":["FlurryOfBlows","BattleHymn+1"],"picked":"Swivel+1","floor":25},{"not_picked":["Consecrate+1","ForeignInfluence+1"],"picked":"TalkToTheHand+1","floor":28},{"not_picked":["BowlingBash","Evaluate+1","Swivel+1"],"picked":"SKIP","floor":30},{"not_picked":["JustLucky+1","EmptyFist","DeceiveReality+1"],"picked":"SKIP","floor":31},{"not_picked":["Study+1","Consecrate"],"picked":"ConjureBlade+1","floor":32},{"not_picked":["Evaluate+1","CrushJoints","Sanctity+1"],"picked":"SKIP","floor":35},{"not_picked":["Halt+1","Weave+1"],"picked":"Wallop+1","floor":36},{"not_picked":["PathToVictory+1","Evaluate+1","EmptyFist"],"picked":"SKIP","floor":39},{"not_picked":["Prostrate+1","ThirdEye+1","FlyingSleeves+1"],"picked":"SKIP","floor":42},{"not_picked":["CrushJoints","BowlingBash+1"],"picked":"Swivel+1","floor":45},{"not_picked":["Evaluate+1","Crescendo+1"],"picked":"SpiritShield+1","floor":46},{"not_picked":["Purity+1","Secret Technique+1"],"picked":"Master of Strategy+1","floor":48},{"not_picked":["Chrysalis+1","Impatience+1"],"picked":"The Bomb+1","floor":48},{"not_picked":["WreathOfFlame+1","CutThroughFate+1"],"picked":"Protect+1","floor":49}],"player_experience":1436310,"relics_obtained":[{"floor":7.0,"key":"Orichalcum"},{"floor":9.0,"key":"Toxic Egg 2"},{"floor":10.0,"key":"Torii"},{"floor":20.0,"key":"Nilry\u0027s Codex"},{"floor":23.0,"key":"Bronze Scales"},{"floor":25,"key":"Dream Catcher"},{"floor":26,"key":"Bottled Tornado"},{"floor":31,"key":"Gremlin Horn"},{"floor":43,"key":"Blue Candle"},{"floor":45,"key":"Ice Cream"}],"event_choices":[{"damage_healed":0.0,"max_hp_gain":0.0,"max_hp_loss":0.0,"gold_gain":0.0,"event_name":"Upgrade Shrine","player_choice":"Upgraded","floor":5.0,"gold_loss":0.0,"damage_taken":0.0,"cards_upgraded":["EmptyFist"]},{"damage_healed":0.0,"max_hp_gain":0.0,"max_hp_loss":0.0,"gold_gain":100.0,"event_name":"Wheel of Change","player_choice":"Gold","floor":13.0,"gold_loss":0.0,"damage_taken":0.0},{"damage_healed":0.0,"max_hp_gain":0.0,"max_hp_loss":0.0,"gold_gain":0.0,"cards_transformed":["Strike_P","Strike_P"],"event_name":"Drug Dealer","player_choice":"Became Test Subject","floor":19.0,"gold_loss":0.0,"damage_taken":0.0,"cards_obtained":["Halt","WreathOfFlame"]},{"damage_healed":0.0,"max_hp_gain":0.0,"max_hp_loss":0.0,"gold_gain":0.0,"event_name":"Cursed Tome","player_choice":"Obtained Book","floor":20.0,"gold_loss":0.0,"damage_taken":16.0},{"damage_healed":0,"gold_gain":0,"player_choice":"1 cards matched","damage_taken":0,"max_hp_gain":0,"max_hp_loss":0,"event_name":"Match and Keep!","floor":29,"gold_loss":0,"cards_obtained":["Swivel"]},{"damage_healed":0,"gold_gain":0,"player_choice":"Ignored","damage_taken":0,"max_hp_gain":0,"max_hp_loss":0,"event_name":"Tomb of Lord Red Mask","floor":37,"gold_loss":0},{"damage_healed":0,"gold_gain":0,"player_choice":"Bought 0 Potions","damage_taken":0,"max_hp_gain":0,"max_hp_loss":0,"event_name":"The Woman in Blue","floor":38,"gold_loss":0},{"damage_healed":0,"gold_gain":0,"player_choice":"Memory 3","damage_taken":10,"max_hp_gain":0,"max_hp_loss":0,"event_name":"SensoryStone","floor":48,"gold_loss":0}],"is_beta":false,"boss_relics":[{"not_picked":["Busted Crown","Black Star"],"picked":"Fusion Hammer"},{"not_picked":["SacredBark","Philosopher\u0027s Stone"],"picked":"SlaversCollar"}],"items_purged_floors":[22,47],"is_endless":false,"potions_floor_spawned":[2,3,8,14,18,21,28,35],"ascension_level":5}}