{"host":"yg1n0qads92lo9wl","time":1612445191,"event":{"mods":["BaseMod","Downfall","Luminous","Minty Spire (QoL Compilation)","StSLib"],"gold_per_floor":[99,119,119,2,17,36,36,21,36,47,497,527,527,543,562,658,658,658,671,39,51,151,170,170,198,198,226,226,226,29,29,49,154,154,154,165,180,180,180,180,251,264,64,77,77,92,92,107,107,107],"floor_reached":49,"language":"ZHS","playtime":15651,"items_purged":["downfall:Icky","Luminous:Defend_Luminous"],"score":604,"play_id":"e0670044-7a33-4e1d-9451-f61c498e1aaa","local_time":"20210204212631","is_ascension_mode":true,"campfire_choices":[{"floor":1.0,"key":"RECALL"},{"floor":13.0,"key":"REST"},{"data":"Luminous:Armageddon_Luminous","floor":18.0,"key":"SMITH"},{"floor":26.0,"key":"REST"},{"data":"Luminous:Accumulation_Luminous","floor":28.0,"key":"SMITH"},{"data":"Luminous:Freud_Wisdom1_Luminous","floor":35.0,"key":"SMITH"},{"data":"Luminous:Mirror_Force_Luminous","floor":45,"key":"SMITH"},{"floor":47,"key":"REST"}],"circlet_count":0,"master_deck":["Luminous:Light_Flash_Shower+1","Luminous:Light_Flash_Shower","Luminous:Dark_Abyssal_Drop","Luminous:Dark_Abyssal_Drop","Luminous:Dark_Abyssal_Drop","Luminous:Defend_Luminous","Luminous:Defend_Luminous","Luminous:Switch_Luminous","CurseOfTheBell","Luminous:Dark_Raid","Luminous:Fast_Spell_Luminous","Luminous:Arcane_Rage_Luminous","Luminous:Freud_Wisdom1_Luminous+1","Luminous:Accumulation_Luminous+1","Luminous:Concentrate_Luminous","Luminous:Dark_Pressure_Void","Luminous:Darks_Surge_Luminous","Luminous:Armageddon_Luminous+1","Luminous:Light_Wash_Luminous","Luminous:Dark_Dim_Erosion","Luminous:Light_Gather","Luminous:Light_Sylvan_Lance","Luminous:Dark_Arcane_Pitch","Luminous:Concentrate_Luminous","Luminous:Mirror_Force_Luminous","Luminous:Light_Sylvan_Lance+1","Luminous:Light_Ray_of_Redemption","expansioncontent:AwakenDeath","Luminous:Light_Ray_of_Redemption","Luminous:Magic_Accelerate_Luminous","Luminous:Lights_Protection_Luminous+1","Luminous:Light_Glare","Luminous:Mana_Well_Luminous","Luminous:Dark_Moonlight_Spear","Luminous:Ethereal_Form_Luminous+1","Luminous:Mirror_Force_Luminous+1","Luminous:Accumulation_Luminous+1","downfall:Haunted","Decay","Luminous:Accumulation_Luminous+1","Luminous:Concentrate_Luminous","Luminous:Erosion_Luminous"],"relics":["Calling Bell","Art of War","Prayer Wheel","Luminous:BlackBlessingRelic","Tiny Chest","Mercury Hourglass","Empty Cage","Bottled Lightning","downfall:GremlinWheel","Potion Belt","Frozen Egg 2","Pen Nib","downfall:HeartBlessingRed","downfall:HeartBlessingGreen","Sundial","Whetstone","Regal Pillow","MutagenicStrength","Cursed Key","TungstenRod","Omamori"],"acts_visited":["Exordium","TheCity","TheBeyond"],"potions_floor_usage":[44,48,48,49],"damage_taken":[{"damage":0.0,"enemies":"2 Louse","floor":2.0,"turns":2.0},{"damage":0.0,"enemies":"downfall:FleeingMerchant","floor":4.0,"turns":4.0},{"damage":0.0,"enemies":"Cultist","floor":5.0,"turns":3.0},{"damage":0.0,"enemies":"Jaw Worm","floor":6.0,"turns":2.0},{"damage":0.0,"enemies":"downfall:FleeingMerchant","floor":8.0,"turns":5.0},{"damage":0.0,"enemies":"3 Louse","floor":9.0,"turns":3.0},{"damage":24.0,"enemies":"Lots of Slimes","floor":10.0,"turns":7.0},{"damage":34.0,"enemies":"3 Sentries","floor":12.0,"turns":13.0},{"damage":6.0,"enemies":"Exordium Thugs","floor":14.0,"turns":6.0},{"damage":2.0,"enemies":"Large Slime","floor":15.0,"turns":4.0},{"damage":16.0,"enemies":"DF_ARCHETYPE_STREAMLINE","floor":16.0,"turns":9.0},{"damage":4.0,"enemies":"Chosen","floor":19.0,"turns":4.0},{"damage":2.0,"enemies":"downfall:FleeingMerchant","floor":20.0,"turns":6.0},{"damage":15.0,"enemies":"Shell Parasite","floor":21.0,"turns":6.0},{"damage":11.0,"enemies":"Shell Parasite","floor":22.0,"turns":4.0},{"damage":16.0,"enemies":"Snecko","floor":23.0,"turns":6.0},{"damage":62.0,"enemies":"Slavers","floor":25.0,"turns":5.0},{"damage":0.0,"enemies":"Gremlin Leader","floor":27.0,"turns":6.0},{"damage":10.0,"enemies":"downfall:FleeingMerchant","floor":30.0,"turns":5.0},{"damage":0.0,"enemies":"Snake Plant","floor":32.0,"turns":6.0},{"damage":15.0,"enemies":"WA_ARCHETYPE_CALM","floor":33.0,"turns":10.0},{"damage":7.0,"enemies":"3 Shapes","floor":36.0,"turns":5.0},{"damage":3.0,"enemies":"Orb Walker","floor":37.0,"turns":4.0},{"damage":0,"enemies":"Maw","floor":42,"turns":8},{"damage":9,"enemies":"4 Shapes","floor":44,"turns":5},{"damage":59,"enemies":"3 Darklings","floor":46,"turns":7},{"damage":89,"enemies":"Writhing Mass","floor":48,"turns":8},{"damage":8,"enemies":"Transient","floor":49,"turns":2}],"seed_played":"8028838393676186551","potions_obtained":[{"floor":2.0,"key":"SkillPotion"},{"floor":10.0,"key":"Fire Potion"},{"floor":14.0,"key":"Guardian:BlockOnCardUsePotion"},{"floor":15.0,"key":"Energy Potion"},{"floor":25.0,"key":"CultistPotion"},{"floor":27.0,"key":"Weak Potion"},{"floor":32.0,"key":"Fruit Juice"},{"floor":36.0,"key":"DistilledChaos"},{"floor":42,"key":"LiquidMemories"},{"floor":44,"key":"Block Potion"}],"is_trial":false,"path_per_floor":["R","M","?","$","M","M","T","$","M","M","?","E","R","M","M","B",null,"R","M","$","M","?","M","T","E","R","E","R","T","$","?","M","B",null,"R","M","M","?","T","?","T","M","$","M","R","M","R","M","M"],"character_chosen":"LuminousClass","items_purchased":["Luminous:Accumulation_Luminous","PowerPotion","Bottled Lightning","FairyPotion","expansioncontent:AwakenDeath","Luminous:Light_Ray_of_Redemption","ColorlessPotion","Luminous:Mana_Well_Luminous","Luminous:Dark_Moonlight_Spear","Whetstone","Regal Pillow","Omamori","SkillPotion"],"campfire_rested":3,"item_purchase_floors":[4,4,20,20,20,20,20,30,30,30,30,43,43],"current_hp_per_floor":[75,75,75,75,75,75,75,75,75,51,51,21,43,41,43,31,75,75,71,75,64,58,47,47,12,34,38,38,38,43,43,58,52,80,80,80,80,80,80,80,80,80,80,79,79,30,69,8,0,0],"gold":107,"neow_bonus":"BOSS_RELIC","is_daily":false,"chose_seed":false,"campfire_upgraded":4,"win_rate":0.0,"timestamp":1612445191,"path_taken":["R","M","?","$","?","?","T","$","M","M","?","E","R","M","M","BOSS","R","M","$","M","?","?","T","E","R","E","R","?","?","?","M","BOSS","R","M","M","?","?","?","T","M","$","M","R","M","R","?","M"],"items_purchased_type":["Card","Potion","Relic","Potion","Card","Card","Potion","Card","Card","Relic","Relic","Relic","Potion"],"build_version":"2020-12-22","purchased_purges":2,"victory":false,"max_hp_per_floor":[75,75,75,75,75,75,75,75,75,75,75,75,75,75,75,75,75,75,75,75,75,75,75,75,75,75,75,75,75,75,75,75,80,80,80,80,80,80,80,80,80,80,80,80,80,80,80,80,80,80],"card_choices":[{"not_picked":["Luminous:Abyss_Heart_Luminous","Luminous:Light_Wash_Luminous"],"picked":"Luminous:Dark_Raid","floor":2.0},{"not_picked":["Luminous:Light_Disperse","Luminous:Blinding_Pillar_Luminous"],"picked":"Luminous:Fast_Spell_Luminous","floor":2.0},{"not_picked":["Luminous:Light_Wash_Luminous","Luminous:Dark_Morning_Star"],"picked":"Luminous:Freud_Wisdom1_Luminous","floor":4.0},{"not_picked":["Luminous:Light_Disperse","Luminous:Light_Gather"],"picked":"Luminous:Concentrate_Luminous","floor":5.0},{"not_picked":["Luminous:Dark_Raid","Luminous:Darkness_Mastery_Luminous"],"picked":"Luminous:Dark_Pressure_Void","floor":5.0},{"not_picked":["Luminous:Balance_Ender","Luminous:Accumulation_Luminous"],"picked":"Luminous:Darks_Surge_Luminous","floor":6.0},{"not_picked":["Luminous:Dark_Raid","Luminous:Light_Disperse","Luminous:Armageddon_Luminous"],"picked":"SKIP","floor":6.0},{"not_picked":["Luminous:Dark_Raid","Luminous:Light_Disperse"],"picked":"Luminous:Armageddon_Luminous","floor":6.0},{"not_picked":["Luminous:Dark_Pressure_Void","Luminous:Light_Disperse","Luminous:Darkness_Mastery_Luminous"],"picked":"SKIP","floor":8.0},{"not_picked":["Luminous:Concentrate_Luminous","Luminous:Light_Gather"],"picked":"Luminous:Light_Wash_Luminous","floor":9.0},{"not_picked":["Luminous:Concentrate_Luminous","Luminous:Light_Glare","Luminous:Shadow_Shell_Luminous"],"picked":"SKIP","floor":9.0},{"not_picked":["Luminous:Dark_Pressure_Void","Luminous:Light_Glare"],"picked":"Luminous:Dark_Dim_Erosion","floor":10.0},{"not_picked":["Luminous:Light_Gather","Luminous:Dusk_Guard_Luminous","Luminous:Balance_Baptism"],"picked":"SKIP","floor":10.0},{"not_picked":["Luminous:Dark_Dim_Erosion","Luminous:Dark_Raid"],"picked":"Luminous:Light_Gather","floor":12.0},{"not_picked":["Luminous:Dark_Dim_Erosion","Luminous:Dusk_Guard_Luminous"],"picked":"Luminous:Light_Sylvan_Lance","floor":14.0},{"not_picked":["Luminous:Light_Glare","Luminous:Sympathy_Luminous","Luminous:Dark_Raid"],"picked":"SKIP","floor":14.0},{"not_picked":["Luminous:Armageddon_Luminous","Luminous:Light_Wash_Luminous"],"picked":"Luminous:Dark_Arcane_Pitch","floor":15.0},{"not_picked":["Luminous:Dark_Raid","Luminous:Accumulation_Luminous"],"picked":"Luminous:Concentrate_Luminous","floor":15.0},{"not_picked":["Luminous:Equalize_Luminous","Luminous:Balance_Baptism"],"picked":"Luminous:Mirror_Force_Luminous","floor":16.0},{"not_picked":["Luminous:Dark_Arcane_Pitch","Luminous:Tune_Luminous"],"picked":"Luminous:Light_Sylvan_Lance","floor":19.0},{"not_picked":["Luminous:Dark_Raid","Luminous:Fast_Spell_Luminous"],"picked":"Luminous:Light_Ray_of_Redemption","floor":19.0},{"not_picked":["Luminous:Abyss_Heart_Luminous","Luminous:Dark_Dim_Erosion","Luminous:Light_Sylvan_Lance"],"picked":"SKIP","floor":20.0},{"not_picked":["Luminous:Mana_Overload_Luminous","Luminous:Dark_Dim_Erosion+1"],"picked":"Luminous:Magic_Accelerate_Luminous","floor":21.0},{"not_picked":["Luminous:Light_Sylvan_Lance","Luminous:Dark_Dim_Erosion","Luminous:Dark_Raid"],"picked":"SKIP","floor":21.0},{"not_picked":["Luminous:Dark_Dim_Erosion","Luminous:Accumulation_Luminous"],"picked":"Luminous:Lights_Protection_Luminous+1","floor":23.0},{"not_picked":["Luminous:Blinding_Pillar_Luminous","Luminous:Dark_Pressure_Void+1","Luminous:Light_Reflection+1"],"picked":"SKIP","floor":23.0},{"not_picked":["Luminous:Dark_Dim_Erosion","Luminous:Balance_Death_Scythe+1"],"picked":"Luminous:Light_Glare","floor":25.0},{"not_picked":["Luminous:Accumulation_Luminous","Luminous:Light_Spectral_Light","Luminous:Fast_Spell_Luminous"],"picked":"SKIP","floor":27.0},{"not_picked":["Luminous:Light_Gather+1","Luminous:Dark_Raid","Luminous:Light_Wash_Luminous+1"],"picked":"SKIP","floor":30.0},{"not_picked":["Luminous:Darkness_Mastery_Luminous+1","Luminous:Concentrate_Luminous"],"picked":"Luminous:Ethereal_Form_Luminous+1","floor":32.0},{"not_picked":["Luminous:Concentrate_Luminous","Luminous:Light_Glare","Luminous:Dark_Dim_Erosion"],"picked":"SKIP","floor":32.0},{"not_picked":["Luminous:Arcane_Rage_Luminous","Luminous:Ethereal_Form_Luminous+1"],"picked":"Luminous:Mirror_Force_Luminous","floor":33.0},{"not_picked":["Luminous:Balance_Ender","Luminous:Light_Disperse+1","Luminous:Dark_Raid"],"picked":"SKIP","floor":36.0},{"not_picked":["Luminous:Hero_Will_Luminous+1","Luminous:Photic_Meditation_Luminous+1","Luminous:Dark_Moonlight_Spear"],"picked":"SKIP","floor":36.0},{"not_picked":["Luminous:Light_Wash_Luminous+1","Luminous:Dark_Dim_Erosion+1"],"picked":"Luminous:Accumulation_Luminous+1","floor":37.0},{"not_picked":["Luminous:Dark_Raid+1","Luminous:Magic_Guard_Luminous+1","Luminous:Balance_Death_Scythe+1"],"picked":"SKIP","floor":37.0},{"not_picked":["Luminous:Dark_Raid","Luminous:Light_Glare+1","Luminous:Light_Track+1"],"picked":"SKIP","floor":42},{"not_picked":["Luminous:Light_Sylvan_Lance","Luminous:Accumulation_Luminous","Luminous:Ethereal_Form_Luminous+1"],"picked":"SKIP","floor":42},{"not_picked":["Luminous:Light_Disperse","Luminous:Light_Gather"],"picked":"Luminous:Accumulation_Luminous+1","floor":44},{"not_picked":["Luminous:Light_Sylvan_Lance","Luminous:Dark_Raid","Luminous:Magic_Boost_Luminous"],"picked":"SKIP","floor":44},{"not_picked":["Luminous:Blinding_Pillar_Luminous+1","Luminous:Dark_Raid"],"picked":"Luminous:Concentrate_Luminous","floor":46},{"not_picked":["Luminous:Light_Disperse","Luminous:Blinding_Pillar_Luminous","Luminous:Abyss_Heart_Luminous+1"],"picked":"SKIP","floor":46},{"not_picked":["Luminous:Light_Gather","Luminous:Darks_Surge_Luminous"],"picked":"Luminous:Erosion_Luminous","floor":48},{"not_picked":["Luminous:Light_Gather","Luminous:Light_Wash_Luminous+1","Luminous:Balance_Baptism"],"picked":"SKIP","floor":48}],"player_experience":318268,"relics_obtained":[{"floor":0.0,"key":"Art of War"},{"floor":0.0,"key":"Prayer Wheel"},{"floor":0.0,"key":"Luminous:BlackBlessingRelic"},{"floor":7.0,"key":"Tiny Chest"},{"floor":12.0,"key":"Mercury Hourglass"},{"floor":22.0,"key":"downfall:GremlinWheel"},{"floor":24.0,"key":"Potion Belt"},{"floor":25.0,"key":"Frozen Egg 2"},{"floor":27.0,"key":"Pen Nib"},{"floor":29.0,"key":"Sundial"},{"floor":39.0,"key":"TungstenRod"}],"event_choices":[{"damage_healed":0.0,"max_hp_gain":0.0,"max_hp_loss":0.0,"gold_gain":200.0,"event_name":"Wheel of Change","player_choice":"Gold","floor":28.0,"gold_loss":0.0,"damage_taken":0.0},{"damage_healed":0.0,"max_hp_gain":0.0,"max_hp_loss":0.0,"gold_gain":0.0,"event_name":"Drug Dealer","player_choice":"Inject Mutagens","floor":31.0,"gold_loss":0.0,"damage_taken":0.0,"relics_obtained":["MutagenicStrength"]}],"is_beta":false,"boss_relics":[{"not_picked":["Runic Pyramid","Astrolabe"],"picked":"Empty Cage"},{"not_picked":["bronze:MakeshiftBattery","Coffee Dripper"],"picked":"Cursed Key"}],"items_purged_floors":[20,30],"is_endless":false,"potions_floor_spawned":[2,10,14,15,22,25,27,32,36,42,44],"killed_by":"Transient","ascension_level":2}}