{"host":"1xo5g347e5o4auts","time":1612458555,"event":{"mods":["BaseMod","Minty Spire (QoL Compilation)","Permanent Neow","StSLib"],"gold_per_floor":[135,167,167,207,282,282,334,334,334,400,442,507,353,413,413,486,486,499,73,117,117,159,209,209,287,311,311,329,356,395,448,448,526,526,537,537,579,579,620,648,648,687,687,704,742,791,843,893,893,893,893,893,893,293,325,325],"floor_reached":57,"language":"ENG","playtime":2599,"items_purged":["Pain","Strike_R","Strike_R"],"score":2847,"play_id":"af5b9091-701b-4603-b92c-73487c831abb","local_time":"20210204190915","is_ascension_mode":true,"campfire_choices":[{"data":"HandOfGreed","floor":6.0,"key":"SMITH"},{"data":"Battle Trance","floor":15.0,"key":"SMITH"},{"data":"Corruption","floor":24.0,"key":"SMITH"},{"floor":27.0,"key":"REST"},{"data":"Bloodletting","floor":32.0,"key":"SMITH"},{"data":"Demon Form","floor":41.0,"key":"SMITH"},{"floor":49.0,"key":"RECALL"},{"data":"Entrench","floor":53.0,"key":"SMITH"}],"circlet_count":0,"master_deck":["AscendersBane","Strike_R","Strike_R+1","Defend_R+1","Defend_R","Defend_R","Bash","HandOfGreed+1","Anger","Shrug It Off","Cleave","Battle Trance+1","Corruption+1","Uppercut+1","Reaper+1","Body Slam+1","Fiend Fire+1","Exhume","Havoc+1","Bloodletting+1","Entrench+1","Immolate+1","Demon Form+1","Shrug It Off","Offering","Feel No Pain+1","Doubt","Body Slam+1","Reaper+1","Heavy Blade+1","Secret Technique","Evolve","Battle Trance"],"relics":["Burning Blood","TungstenRod","WarpedTongs","Letter Opener","Molten Egg 2","Runic Pyramid","Magic Flower","Ornamental Fan","Red Mask","MealTicket","Paper Frog","Anchor","Cursed Key","PreservedInsect","Lizard Tail","Kunai","Membership Card","Bronze Scales","Art of War","Incense Burner"],"acts_visited":["Exordium","TheCity","TheBeyond","TheEnding"],"potions_floor_usage":[56,56],"damage_taken":[{"damage":7.0,"enemies":"Jaw Worm","floor":1.0,"turns":3.0},{"damage":0.0,"enemies":"Cultist","floor":2.0,"turns":2.0},{"damage":0.0,"enemies":"Small Slimes","floor":4.0,"turns":2.0},{"damage":5.0,"enemies":"Gremlin Gang","floor":5.0,"turns":7.0},{"damage":7.0,"enemies":"Lagavulin","floor":7.0,"turns":5.0},{"damage":0.0,"enemies":"Exordium Wildlife","floor":10.0,"turns":5.0},{"damage":10.0,"enemies":"Large Slime","floor":11.0,"turns":7.0},{"damage":2.0,"enemies":"3 Louse","floor":12.0,"turns":4.0},{"damage":7.0,"enemies":"3 Sentries","floor":14.0,"turns":5.0},{"damage":19.0,"enemies":"Hexaghost","floor":16.0,"turns":8.0},{"damage":19.0,"enemies":"Shell Parasite","floor":18.0,"turns":6.0},{"damage":20.0,"enemies":"2 Thieves","floor":20.0,"turns":5.0},{"damage":0.0,"enemies":"Snecko","floor":22.0,"turns":4.0},{"damage":47.0,"enemies":"Slavers","floor":23.0,"turns":6.0},{"damage":17.0,"enemies":"Masked Bandits","floor":25.0,"turns":4.0},{"damage":13.0,"enemies":"Snake Plant","floor":28.0,"turns":4.0},{"damage":15.0,"enemies":"Book of Stabbing","floor":29.0,"turns":3.0},{"damage":15.0,"enemies":"Cultist and Chosen","floor":30.0,"turns":5.0},{"damage":19.0,"enemies":"Slavers","floor":31.0,"turns":6.0},{"damage":44.0,"enemies":"Champ","floor":33.0,"turns":13.0},{"damage":0.0,"enemies":"Orb Walker","floor":35.0,"turns":2.0},{"damage":30.0,"enemies":"3 Shapes","floor":37.0,"turns":5.0},{"damage":2.0,"enemies":"Maw","floor":39.0,"turns":6.0},{"damage":2.0,"enemies":"Giant Head","floor":40.0,"turns":5.0},{"damage":3.0,"enemies":"4 Shapes","floor":42.0,"turns":6.0},{"damage":10.0,"enemies":"Writhing Mass","floor":44.0,"turns":6.0},{"damage":2.0,"enemies":"3 Darklings","floor":45.0,"turns":3.0},{"damage":12.0,"enemies":"2 Orb Walkers","floor":46.0,"turns":4.0},{"damage":58.0,"enemies":"Nemesis","floor":47.0,"turns":7.0},{"damage":48.0,"enemies":"Time Eater","floor":50.0,"turns":7.0},{"damage":84.0,"enemies":"Awakened One","floor":51.0,"turns":12.0},{"damage":59,"enemies":"Shield and Spear","floor":55,"turns":8},{"damage":78,"enemies":"The Heart","floor":56,"turns":7}],"seed_played":"8234420658370628933","potions_obtained":[{"floor":1.0,"key":"FearPotion"},{"floor":7.0,"key":"Fire Potion"},{"floor":10.0,"key":"Dexterity Potion"},{"floor":16.0,"key":"Ancient Potion"},{"floor":28.0,"key":"Explosive Potion"},{"floor":31.0,"key":"HeartOfIron"}],"is_trial":false,"path_per_floor":["M","M","?","M","M","R","E","?","T","M","M","M","$","E","R","B",null,"M","$","M","?","M","E","R","?","T","R","M","E","M","E","R","B",null,"M","?","M","?","M","E","R","M","T","M","M","?","E","?","R","B","B",null,"R","$","E","B",null],"character_chosen":"IRONCLAD","items_purchased":["Corruption","Magic Flower","Membership Card","Bronze Scales","Art of War","PowerPotion","Weak Potion","Heavy Blade+1","Secret Technique","Evolve"],"campfire_rested":1,"item_purchase_floors":[13,19,54,54,54,54,54,54,54,54],"current_hp_per_floor":[67,68,48,54,55,55,54,54,54,60,56,60,60,59,59,46,63,57,57,48,30,50,27,27,19,19,40,47,41,35,37,37,22,60,73,73,70,70,73,73,73,73,73,72,73,73,73,73,73,73,73,73,73,73,52,73],"gold":325,"neow_bonus":"RANDOM_COLORLESS_2","is_daily":false,"chose_seed":false,"campfire_upgraded":6,"win_rate":0.0,"timestamp":1612458555,"path_taken":["M","M","?","M","M","R","E","?","T","?","M","M","?","E","R","BOSS","M","$","M","?","M","E","R","?","T","R","M","E","M","E","R","BOSS","M","?","?","?","M","E","R","M","T","M","M","?","E","?","R","BOSS","BOSS","R","$","E","BOSS"],"items_purchased_type":["Card","Relic","Relic","Relic","Relic","Potion","Potion","Card","Card","Card"],"build_version":"2020-12-22","purchased_purges":3,"victory":true,"max_hp_per_floor":[68,68,68,68,68,68,68,68,68,68,68,68,68,68,68,68,68,68,68,68,73,73,73,73,73,73,73,73,73,73,73,73,73,73,73,73,73,73,73,73,73,73,73,73,73,73,73,73,73,73,73,73,73,73,73,73],"card_choices":[{"not_picked":["Violence","Sadistic Nature"],"picked":"HandOfGreed","floor":0.0},{"not_picked":["Armaments","Body Slam","Flex"],"picked":"SKIP","floor":1.0},{"not_picked":["Pummel","Shockwave"],"picked":"Anger","floor":2.0},{"not_picked":["Thunderclap","True Grit"],"picked":"Shrug It Off","floor":4.0},{"not_picked":["Entrench","Pommel Strike"],"picked":"Cleave","floor":5.0},{"not_picked":["Flex","Heavy Blade","Clothesline"],"picked":"SKIP","floor":7.0},{"not_picked":["Sword Boomerang","Bloodletting"],"picked":"Battle Trance","floor":10.0},{"not_picked":["Fire Breathing","Warcry","Twin Strike"],"picked":"SKIP","floor":11.0},{"not_picked":["Rage","Iron Wave","Dropkick"],"picked":"SKIP","floor":12.0},{"not_picked":["Metallicize","Juggernaut"],"picked":"Uppercut+1","floor":14.0},{"not_picked":["Bludgeon+1","Berserk"],"picked":"Reaper+1","floor":16.0},{"not_picked":["Havoc","Anger+1"],"picked":"Body Slam+1","floor":18.0},{"not_picked":["Thunderclap+1","Pommel Strike+1"],"picked":"Fiend Fire+1","floor":20.0},{"not_picked":["Pommel Strike+1","Perfected Strike+1","Iron Wave+1"],"picked":"SKIP","floor":22.0},{"not_picked":["Headbutt+1","Pommel Strike+1"],"picked":"Exhume","floor":23.0},{"not_picked":["Anger+1","Searing Blow+1"],"picked":"Havoc+1","floor":25.0},{"not_picked":["Seeing Red","Shrug It Off"],"picked":"Bloodletting","floor":28.0},{"not_picked":["Rage","Anger+1"],"picked":"Entrench","floor":29.0},{"not_picked":["Evolve+1","Headbutt+1","Blood for Blood+1"],"picked":"SKIP","floor":30.0},{"not_picked":["Dark Embrace","Metallicize"],"picked":"Immolate+1","floor":31.0},{"not_picked":["Limit Break","Corruption"],"picked":"Demon Form","floor":33.0},{"not_picked":["Rampage+1","Armaments","Clothesline+1"],"picked":"SKIP","floor":35.0},{"not_picked":["Pummel+1","Power Through+1"],"picked":"Shrug It Off","floor":37.0},{"not_picked":["Carnage+1","Bloodletting","Rage"],"picked":"SKIP","floor":39.0},{"not_picked":["Anger+1","Sword Boomerang+1"],"picked":"Offering","floor":40.0},{"not_picked":["Pommel Strike+1","Hemokinesis+1"],"picked":"Feel No Pain+1","floor":42.0},{"not_picked":["True Grit","Perfected Strike+1","Clash+1"],"picked":"SKIP","floor":44.0},{"not_picked":["Second Wind+1","Fire Breathing"],"picked":"Body Slam+1","floor":45.0},{"not_picked":["Shrug It Off","Havoc+1"],"picked":"Reaper+1","floor":47.0},{"not_picked":["Combust","Anger+1"],"picked":"Battle Trance","floor":55}],"player_experience":1438522,"relics_obtained":[{"floor":7.0,"key":"TungstenRod"},{"floor":9.0,"key":"Letter Opener"},{"floor":14.0,"key":"Molten Egg 2"},{"floor":23.0,"key":"Ornamental Fan"},{"floor":25.0,"key":"Red Mask"},{"floor":26.0,"key":"MealTicket"},{"floor":29.0,"key":"Paper Frog"},{"floor":31.0,"key":"Anchor"},{"floor":40.0,"key":"PreservedInsect"},{"floor":46.0,"key":"Lizard Tail"},{"floor":47.0,"key":"Kunai"},{"floor":55,"key":"Incense Burner"}],"event_choices":[{"damage_healed":0.0,"max_hp_gain":0.0,"max_hp_loss":0.0,"gold_gain":0.0,"event_name":"Shining Light","player_choice":"Entered Light","floor":3.0,"gold_loss":0.0,"damage_taken":20.0,"cards_upgraded":["Defend_R","Strike_R"]},{"damage_healed":0.0,"max_hp_gain":0.0,"max_hp_loss":0.0,"gold_gain":0.0,"event_name":"Accursed Blacksmith","player_choice":"Rummage","floor":8.0,"gold_loss":0.0,"damage_taken":0.0,"relics_obtained":["WarpedTongs"],"cards_obtained":["Pain"]},{"damage_healed":0.0,"max_hp_gain":5.0,"max_hp_loss":0.0,"gold_gain":0.0,"event_name":"Forgotten Altar","player_choice":"Shed Blood","floor":21.0,"gold_loss":0.0,"damage_taken":24.0},{"damage_healed":0.0,"max_hp_gain":0.0,"max_hp_loss":0.0,"gold_gain":0.0,"event_name":"Masked Bandits","player_choice":"Fought Bandits","floor":25.0,"gold_loss":0.0,"damage_taken":0.0},{"cards_removed":["Strike_R"],"damage_healed":0.0,"max_hp_gain":0.0,"max_hp_loss":0.0,"gold_gain":0.0,"event_name":"Bonfire Elementals","player_choice":"Offered Basic","floor":36.0,"gold_loss":0.0,"damage_taken":0.0},{"cards_removed":["Defend_R"],"damage_healed":0.0,"max_hp_gain":0.0,"max_hp_loss":0.0,"gold_gain":0.0,"event_name":"Falling","player_choice":"Removed Skill","floor":38.0,"gold_loss":0.0,"damage_taken":0.0},{"damage_healed":0.0,"max_hp_gain":0.0,"max_hp_loss":0.0,"gold_gain":0.0,"event_name":"Mysterious Sphere","player_choice":"Fight","floor":46.0,"gold_loss":0.0,"damage_taken":0.0},{"damage_healed":0.0,"max_hp_gain":0.0,"max_hp_loss":0.0,"gold_gain":50.0,"event_name":"Golden Shrine","player_choice":"Pray","floor":48.0,"gold_loss":0.0,"damage_taken":0.0}],"is_beta":false,"boss_relics":[{"not_picked":["Mark of Pain","Runic Dome"],"picked":"Runic Pyramid"},{"not_picked":["Calling Bell","Pandora\u0027s Box"],"picked":"Cursed Key"}],"items_purged_floors":[13,19,54],"is_endless":false,"potions_floor_spawned":[1,7,10,11,16,18,28,29,31,33,35,42,45,46,47,55],"ascension_level":20}}