{"host":"h2gxemxa99wv6yfu","time":1612461390,"event":{"mods":["BaseMod","Better Note","BetterRewards","Block Reminder","Colored Powertips","Friendly Minions","Highlight Path","Infinite Spire","Minty Spire (QoL Compilation)","Permanent Neow","Quick Restart","Relic Sorter","Relic Stats","Reliquary","Replay The Spire","Shop Mod","StSLib","Uncapped"],"gold_per_floor":[115,115,115,131,150,150,75,89,165,224,70,70,70,87,87,183,183,202,162,181,196,214,214,214,54,78,122,153,183,183,183,183,201,201],"floor_reached":33,"language":"ENG","playtime":1052,"items_purged":["Bash","Strike_R","Languid"],"score":333,"play_id":"acbe1865-ac88-42ea-a6fe-e3384a02dcbe","local_time":"20210204115630","is_ascension_mode":true,"campfire_choices":[{"data":"Spot Weakness","floor":6.0,"key":"SMITH"},{"data":"infinitespire:OneForAll","floor":12.0,"key":"SMITH"},{"floor":15.0,"key":"REST"},{"floor":23.0,"key":"REST"},{"data":"Demon Form","floor":30.0,"key":"SMITH"}],"circlet_count":0,"master_deck":["Strike_R","Strike_R","Strike_R","Defend_R","Defend_R","Defend_R","Defend_R+1","Bash+1","Feed+1","Heavy Blade","Spot Weakness+1","infinitespire:OneForAll+1","Twin Strike","Flex+1","Exhume","Limit Break","Writhe","Demon Form+1","Sword Boomerang+1"],"relics":["Burning Blood","reliquary:RosewoodLute","Cursed Key","Replay:Bottled Snecko","Replay:Bandana","Replay:Wax Seal","Replay:Towering Pillar of Hats"],"acts_visited":["Exordium","TheCity"],"potions_floor_usage":[33],"damage_taken":[{"damage":7.0,"enemies":"2 Louse","floor":1.0,"turns":2.0},{"damage":10.0,"enemies":"Small Slimes","floor":4.0,"turns":3.0},{"damage":10.0,"enemies":"Cultist","floor":5.0,"turns":5.0},{"damage":18.0,"enemies":"Red Slaver","floor":8.0,"turns":5.0},{"damage":14.0,"enemies":"3 Louse","floor":14.0,"turns":3.0},{"damage":68.0,"enemies":"Fading Forest","floor":16.0,"turns":11.0},{"damage":26.0,"enemies":"3 Byrds","floor":18.0,"turns":5.0},{"damage":44.0,"enemies":"2 Thieves","floor":20.0,"turns":4.0},{"damage":9.0,"enemies":"Snake Plant","floor":21.0,"turns":2.0},{"damage":37.0,"enemies":"Centurion and Healer","floor":22.0,"turns":3.0},{"damage":33.0,"enemies":"Book of Stabbing","floor":27.0,"turns":4.0},{"damage":13.0,"enemies":"Snecko","floor":28.0,"turns":3.0},{"damage":33.0,"enemies":"Chosen and Byrds","floor":29.0,"turns":5.0},{"damage":78,"enemies":"Automaton","floor":33,"turns":6}],"seed_played":"-4777369654671304744","potions_obtained":[{"floor":4.0,"key":"BlessingOfTheForge"},{"floor":10.0,"key":"Death Potion"},{"floor":10.0,"key":"FearPotion"},{"floor":16.0,"key":"infinitespire:BlackPotion"},{"floor":18.0,"key":"EntropicBrew"},{"floor":21.0,"key":"Cursed Concoction"},{"floor":22.0,"key":"Energy Potion"},{"floor":28.0,"key":"Strength Potion"}],"is_trial":false,"path_per_floor":["M","?","?","M","M","R","$","M","T","?","$","R","?","M","R","B",null,"M","?","M","M","M","R","T","$","T","E","M","M","R","AVR","R","B"],"character_chosen":"IRONCLAD","items_purchased":["Flex","Limit Break"],"campfire_rested":2,"item_purchase_floors":[11,25],"current_hp_per_floor":[58,58,58,58,58,58,58,50,50,50,50,50,43,39,68,20,99,87,87,53,54,27,62,62,62,62,39,32,9,9,9,47,0,0],"gold":201,"neow_bonus":"THREE_RARE_CARDS","is_daily":false,"chose_seed":false,"campfire_upgraded":3,"win_rate":0.0,"timestamp":1612461390,"path_taken":["M","?","?","M","?","R","?","M","T","?","$","R","?","M","R","BOSS","M","?","?","M","M","R","?","?","T","E","?","M","R","AVR","R","BOSS"],"items_purchased_type":["Card","Card"],"build_version":"2020-12-22","purchased_purges":3,"victory":false,"max_hp_per_floor":[83,83,83,87,91,91,91,95,95,95,95,95,95,99,99,99,99,107,107,111,115,119,119,119,119,119,123,123,127,127,127,127,127,127],"relic_stats":{"counters":[14,61],"Cursed Key":2,"obtain_stats":[{"Replay:Bandana":26,"Replay:Towering Pillar of Hats":31,"Replay:Bottled Snecko":24,"reliquary:RosewoodLute":10,"Replay:Wax Seal":27,"Cursed Key":17,"Burning Blood":0},{"Replay:Bandana":10,"Replay:Towering Pillar of Hats":13,"Replay:Bottled Snecko":10,"reliquary:RosewoodLute":4,"Replay:Wax Seal":11,"Cursed Key":6,"Burning Blood":0},{"Replay:Bandana":43,"Replay:Towering Pillar of Hats":55,"Replay:Bottled Snecko":43,"reliquary:RosewoodLute":15,"Replay:Wax Seal":47,"Cursed Key":29,"Burning Blood":0}],"Burning Blood":78},"card_choices":[{"not_picked":["Hemogenesis","Brutality"],"picked":"Feed","floor":0.0},{"not_picked":["Body Slam","Abandon","Pommel Strike"],"picked":"SKIP","floor":1.0},{"not_picked":["Shrug It Off","Warcry"],"picked":"Heavy Blade","floor":4.0},{"not_picked":["Wild Strike","Hemokinesis"],"picked":"Spot Weakness","floor":5.0},{"not_picked":["Pommel Strike","Run Through"],"picked":"infinitespire:OneForAll","floor":8.0},{"not_picked":["Thunderclap","Pummel"],"picked":"Twin Strike","floor":10.0},{"not_picked":["Anger","Life Link","Rupture"],"picked":"SKIP","floor":14.0},{"not_picked":["Feed","Barricade"],"picked":"Exhume","floor":16.0},{"not_picked":["Fire Breathing","ReplayTheSpireMod:Strike From Hell+1","Rupture"],"picked":"SKIP","floor":18.0},{"not_picked":["Run Through","Headbutt","Havoc+1"],"picked":"SKIP","floor":20.0},{"not_picked":["Pommel Strike","Shrug It Off","Spot Weakness"],"picked":"SKIP","floor":21.0},{"not_picked":["Thunderclap","ReplayTheSpireMod:Corrosion Curse","ReplayTheSpireMod:Strike From Hell"],"picked":"SKIP","floor":22.0},{"not_picked":["infinitespire:OneForAll","Seeing Red"],"picked":"Demon Form","floor":27.0},{"not_picked":["ReplayTheSpireMod:Stacked","Thunderclap+1"],"picked":"Sword Boomerang+1","floor":28.0},{"not_picked":["Intimidate+1","Bloodletting","Searing Blow+1"],"picked":"SKIP","floor":29.0}],"player_experience":30928,"relics_obtained":[{"floor":10.0,"key":"reliquary:RosewoodLute"},{"floor":24.0,"key":"Replay:Bottled Snecko"},{"floor":26.0,"key":"Replay:Bandana"},{"floor":27.0,"key":"Replay:Wax Seal"}],"event_choices":[{"damage_healed":0.0,"max_hp_gain":0.0,"max_hp_loss":0.0,"gold_gain":0.0,"event_name":"Match and Keep!","player_choice":"1 cards matched","floor":3.0,"gold_loss":0.0,"damage_taken":0.0,"cards_obtained":["Bash"]},{"cards_removed":["Strike_R"],"damage_healed":0.0,"max_hp_gain":0.0,"max_hp_loss":0.0,"gold_gain":0.0,"event_name":"Golden Wing","player_choice":"Card Removal","floor":13.0,"gold_loss":0.0,"damage_taken":7.0},{"damage_healed":0.0,"max_hp_gain":0.0,"max_hp_loss":0.0,"gold_gain":0.0,"event_name":"Designer","player_choice":"Upgraded Two","floor":19.0,"gold_loss":40.0,"damage_taken":0.0,"cards_upgraded":["Defend_R","Bash"]}],"is_beta":false,"boss_relics":[{"not_picked":["Snecko Eye","Calling Bell"],"picked":"Cursed Key"}],"items_purged_floors":[7,11,31],"is_endless":false,"potions_floor_spawned":[4,16,18,21,22,28],"killed_by":"Automaton","ascension_level":2}}