{"host":"kbv0awskzx6xbc6p","time":1612464312,"event":{"mods":["Act Like it!","BaseMod","Colored Map","Downfall","Minty Spire (QoL Compilation)","StSLib"],"gold_per_floor":[99,99,99,99,99,133,133,27,44,70,87,87,72,172,187,187,187,187],"floor_reached":16,"language":"ENG","playtime":779,"items_purged":[],"score":138,"play_id":"9cfbcab4-d240-4e2a-858f-402a77595e01","local_time":"20210204104512","is_ascension_mode":true,"campfire_choices":[{"data":"champ:Execute","floor":1,"key":"SMITH"},{"data":"champ:FlashCut","floor":12,"key":"SMITH"}],"circlet_count":0,"master_deck":["champ:Strike","champ:Strike","champ:Strike","champ:Defend","champ:Defend","champ:Defend","champ:Defend","champ:Execute+1","champ:Taunt","champ:FlashCut","champ:Backstep+1","champ:EnragedBash","champ:FlashCut+1","champ:BerserkersShout","champ:RecklessLeap","champ:Duel","champ:BerserkersShout","champ:SwordThrow"],"relics":["champ:ChampionCrown","downfall:HeartsMalice","Matryoshka","Mercury Hourglass","Gremlin Horn"],"acts_visited":["Exordium"],"potions_floor_usage":[11,16,16,16],"damage_taken":[{"damage":0,"enemies":"Small Slimes","floor":2,"turns":1},{"damage":0,"enemies":"Jaw Worm","floor":3,"turns":1},{"damage":0,"enemies":"Gremlin Nob","floor":6,"turns":1},{"damage":20,"enemies":"downfall:FleeingMerchant","floor":8,"turns":4},{"damage":25,"enemies":"Cultist","floor":9,"turns":3},{"damage":38,"enemies":"3 Sentries","floor":10,"turns":5},{"damage":22,"enemies":"Lots of Slimes","floor":11,"turns":2},{"damage":45,"enemies":"downfall:FleeingMerchant","floor":13,"turns":4},{"damage":35,"enemies":"Large Slime","floor":15,"turns":3},{"damage":74,"enemies":"DF_ARCHETYPE_STREAMLINE","floor":16,"turns":6}],"seed_played":"-2570617184120442062","potions_obtained":[{"floor":9,"key":"SkillPotion"},{"floor":10,"key":"sneckomod:MuddlingPotion"},{"floor":11,"key":"champ:TechniquePotion"},{"floor":15,"key":"BlessingOfTheForge"}],"is_trial":false,"path_per_floor":["R","M","M","?","?","E","T","$","M","E","M","R","$","?","M","B"],"character_chosen":"THE_CHAMP","items_purchased":["champ:FlashCut","champ:BerserkersShout"],"campfire_rested":0,"item_purchase_floors":[8,8],"current_hp_per_floor":[90,90,90,90,90,90,90,90,90,87,80,80,65,65,65,0,0,0],"gold":187,"neow_bonus":"THREE_ENEMY_KILL","is_daily":false,"chose_seed":false,"campfire_upgraded":2,"win_rate":0.0,"timestamp":1612464312,"path_taken":["R","M","M","?","?","E","T","$","?","E","M","R","?","?","M","BOSS"],"items_purchased_type":["Card","Card"],"build_version":"2020-12-22","purchased_purges":0,"victory":false,"max_hp_per_floor":[90,90,90,90,90,90,90,90,90,90,90,90,90,90,90,90,90,90],"card_choices":[{"not_picked":["champ:DefensiveShout","champ:HeartStrike"],"picked":"champ:FlashCut","floor":2},{"not_picked":["champ:ShieldWall","champ:IronFortress"],"picked":"champ:Backstep","floor":3},{"not_picked":["champ:SwordThrow","champ:FanOfKnives","champ:ShieldSigil"],"picked":"SKIP","floor":6},{"not_picked":["champ:StanceDance","champ:FanOfKnives"],"picked":"champ:EnragedBash","floor":8},{"not_picked":["champ:AdrenalArmor","champ:BladeFlurry"],"picked":"champ:RecklessLeap","floor":9},{"not_picked":["champ:BladeFlurry","champ:BerserkersShout"],"picked":"champ:Duel","floor":10},{"not_picked":["champ:DefensiveShout","champ:RecklessLeap"],"picked":"champ:BerserkersShout","floor":11},{"not_picked":["champ:DefensiveShout","champ:Endure"],"picked":"champ:SwordThrow","floor":13},{"not_picked":["champ:BerserkersShout","champ:DefensiveShout","champ:FocusedBerserking"],"picked":"SKIP","floor":15}],"player_experience":433815,"relics_obtained":[{"floor":6,"key":"Matryoshka"},{"floor":7,"key":"Mercury Hourglass"},{"floor":10,"key":"Gremlin Horn"}],"event_choices":[{"cards_removed":["champ:Strike"],"damage_healed":0,"gold_gain":0,"player_choice":"Card Removal","damage_taken":0,"max_hp_gain":0,"max_hp_loss":0,"event_name":"The Cleric","floor":4,"gold_loss":0}],"is_beta":false,"boss_relics":[],"items_purged_floors":[],"is_endless":false,"potions_floor_spawned":[9,10,11,15],"killed_by":"DF_ARCHETYPE_STREAMLINE","ascension_level":1}}