{"host":"2se5dq1do2gp0x9k","time":1612453850,"event":{"mods":["AchievementEnabler","BaseMod","Block Reminder","Colored Map","Colored Powertips","Minty Spire (QoL Compilation)","Relic Stats","StSLib","SuperFastMode"],"gold_per_floor":[119,119,134,144,158,158,158,158],"floor_reached":7,"language":"ENG","playtime":248,"items_purged":[],"score":86,"play_id":"6f1b451f-d808-41bc-b33d-60a2ca47cb1d","local_time":"20210204075050","is_ascension_mode":true,"campfire_choices":[{"data":"Zap","floor":6,"key":"SMITH"}],"circlet_count":0,"master_deck":["AscendersBane","Strike_B","Strike_B","Strike_B","Strike_B","Defend_B","Defend_B","Defend_B","Defend_B","Zap+1","Dualcast","Leap","Genetic Algorithm","Cold Snap","Darkness"],"relics":["Nuclear Battery"],"acts_visited":["Exordium"],"potions_floor_usage":[7],"damage_taken":[{"damage":2,"enemies":"Cultist","floor":1,"turns":4},{"damage":12,"enemies":"Jaw Worm","floor":3,"turns":5},{"damage":4,"enemies":"Small Slimes","floor":4,"turns":4},{"damage":18,"enemies":"3 Louse","floor":5,"turns":6},{"damage":34,"enemies":"Gremlin Nob","floor":7,"turns":3}],"seed_played":"-5369145979645476746","potions_obtained":[{"floor":1,"key":"FocusPotion"},{"floor":3,"key":"DuplicationPotion"}],"is_trial":false,"path_per_floor":["M","?","M","M","M","R","E"],"character_chosen":"DEFECT","items_purchased":[],"campfire_rested":0,"item_purchase_floors":[],"current_hp_per_floor":[62,67,55,51,33,33,0,0],"gold":158,"neow_bonus":"BOSS_RELIC","is_daily":false,"chose_seed":false,"campfire_upgraded":1,"win_rate":0.0,"timestamp":1612453850,"path_taken":["M","?","M","M","M","R","E"],"items_purchased_type":[],"build_version":"2020-12-22","purchased_purges":0,"victory":false,"max_hp_per_floor":[71,76,76,76,76,76,76,76],"relic_stats":{"counters":[5,22],"obtain_stats":[{"Cracked Core":0,"Nuclear Battery":0},{"Cracked Core":0,"Nuclear Battery":0},{"Cracked Core":0,"Nuclear Battery":0}]},"card_choices":[{"not_picked":["Chill","Rebound"],"picked":"Leap","floor":1},{"not_picked":["Beam Cell","Cold Snap"],"picked":"Genetic Algorithm","floor":3},{"not_picked":["Steam","Streamline"],"picked":"Cold Snap","floor":4},{"not_picked":["Turbo","Heatsinks"],"picked":"Darkness","floor":5}],"player_experience":4069463,"relics_obtained":[],"event_choices":[{"damage_healed":0,"gold_gain":0,"player_choice":"Donut","damage_taken":0,"max_hp_gain":5,"max_hp_loss":0,"event_name":"Big Fish","floor":2,"gold_loss":0}],"is_beta":false,"boss_relics":[],"items_purged_floors":[],"is_endless":false,"potions_floor_spawned":[1,3],"killed_by":"Gremlin Nob","ascension_level":20}}