{"host":"19tvufa8xx4wr4o1","time":1612410424,"event":{"mods":["AchievementEnabler","BaseMod","Better Sensory Stone","Better Third Choice","Highlight Path","Minty Spire (QoL Compilation)","Relic Stats","StSLib"],"gold_per_floor":[363,376,376,393,407,407,739,429,497,511,511,511],"floor_reached":11,"language":"ENG","playtime":350,"items_purged":[],"score":135,"play_id":"34572ac6-b5df-48b2-b201-5344deb89e36","local_time":"20210203214704","is_ascension_mode":true,"campfire_choices":[{"floor":6,"key":"REST"}],"circlet_count":0,"master_deck":["AscendersBane","Strike_R","Strike_R","Strike_R","Strike_R","Defend_R","Defend_R+1","Defend_R+1","Defend_R","Bash","Pummel","Hemokinesis","Flame Barrier","Immolate"],"relics":["Burning Blood","Old Coin","War Paint","Toxic Egg 2"],"acts_visited":["Exordium"],"potions_floor_usage":[11,11],"damage_taken":[{"damage":15,"enemies":"Cultist","floor":1,"turns":5},{"damage":9,"enemies":"2 Louse","floor":2,"turns":2},{"damage":5,"enemies":"Small Slimes","floor":4,"turns":3},{"damage":11,"enemies":"Looter","floor":5,"turns":3},{"damage":48,"enemies":"3 Sentries","floor":7,"turns":11},{"damage":0,"enemies":"Gremlin Gang","floor":10,"turns":2},{"damage":36,"enemies":"Lagavulin","floor":11,"turns":6}],"seed_played":"6702516114088959949","potions_obtained":[{"floor":4,"key":"BlessingOfTheForge"},{"floor":7,"key":"Weak Potion"}],"is_trial":false,"path_per_floor":["M","M","?","M","M","R","E","$","T","M","E"],"character_chosen":"IRONCLAD","items_purchased":["Immolate","War Paint"],"campfire_rested":1,"item_purchase_floors":[8,8],"current_hp_per_floor":[41,38,38,39,34,56,14,14,14,20,0,0],"gold":511,"neow_bonus":"TWO_FIFTY_GOLD","is_daily":false,"chose_seed":false,"campfire_upgraded":0,"win_rate":0.0,"timestamp":1612410424,"path_taken":["M","M","?","?","M","R","E","$","T","M","E"],"items_purchased_type":["Card","Relic"],"build_version":"2020-12-22","purchased_purges":0,"victory":false,"max_hp_per_floor":[75,75,75,75,75,75,75,75,75,75,75,75],"relic_stats":{"counters":[7,32],"War Paint":["Defend_R","Defend_R"],"obtain_stats":[{"War Paint":8,"Toxic Egg 2":9,"Burning Blood":0,"Old Coin":7},{"War Paint":5,"Toxic Egg 2":5,"Burning Blood":0,"Old Coin":5},{"War Paint":24,"Toxic Egg 2":24,"Burning Blood":0,"Old Coin":24}],"Burning Blood":36},"card_choices":[{"not_picked":["Headbutt","Armaments"],"picked":"Pummel","floor":1},{"not_picked":["Thunderclap","Sword Boomerang","Reckless Charge"],"picked":"SKIP","floor":2},{"not_picked":["Pommel Strike","Headbutt"],"picked":"Hemokinesis","floor":4},{"not_picked":["Exhume","Searing Blow","Twin Strike"],"picked":"SKIP","floor":5},{"not_picked":["Thunderclap","Perfected Strike"],"picked":"Flame Barrier","floor":7},{"not_picked":["Clash","Body Slam","Sword Boomerang"],"picked":"SKIP","floor":10}],"player_experience":619316,"relics_obtained":[{"floor":7,"key":"Old Coin"},{"floor":9,"key":"Toxic Egg 2"}],"event_choices":[{"cards_removed":["Strike_R"],"damage_healed":0,"gold_gain":0,"player_choice":"Purged","damage_taken":0,"max_hp_gain":0,"max_hp_loss":0,"event_name":"Purifier","floor":3,"gold_loss":0}],"is_beta":false,"boss_relics":[],"items_purged_floors":[],"is_endless":false,"potions_floor_spawned":[4,7],"killed_by":"Lagavulin","ascension_level":16}}