{"host":"6pfj0wha12yu6wq3","time":1612399714,"event":{"mods":["AchievementEnabler","BaseMod","Colored Map","Colored Powertips","Curses Come First","DeckTracker","Minty Spire (QoL Compilation)","RNG Fix","Relic Sorter","Relic Stats","StSLib","UnlockEverythingMod","ojb\u0027s Better Paths Mod","ojb\u0027s Info Mod"],"gold_per_floor":[115,115,134,149,159,188,205,205,505,519,550,569,569,601,601,601,601],"floor_reached":16,"language":"ENG","playtime":1305,"items_purged":[],"score":248,"play_id":"b33b30b8-f91b-4771-83b2-d3fbb0a84ac2","local_time":"20210203194834","is_ascension_mode":true,"campfire_choices":[{"floor":8,"key":"REST"},{"floor":13,"key":"REST"},{"floor":15,"key":"REST"}],"circlet_count":0,"master_deck":["AscendersBane","Strike_G","Strike_G","Strike_G","Strike_G","Strike_G","Defend_G","Defend_G","Defend_G","Defend_G","Defend_G","Survivor","Neutralize","Quick Slash","Regret","Backflip","Dagger Throw","Quick Slash","Acrobatics","Dash","Eviscerate","Underhanded Strike","Tactician","After Image"],"relics":["Fusion Hammer","Ninja Scroll","Anchor","Old Coin","Boot","Meat on the Bone"],"acts_visited":["Exordium"],"potions_floor_usage":[6,14,16,16],"damage_taken":[{"damage":2.0,"enemies":"Jaw Worm","floor":1.0,"turns":4.0},{"damage":2.0,"enemies":"2 Louse","floor":3.0,"turns":3.0},{"damage":1,"enemies":"Small Slimes","floor":4,"turns":2},{"damage":2,"enemies":"3 Louse","floor":5,"turns":5},{"damage":30,"enemies":"Lagavulin","floor":6,"turns":8},{"damage":7,"enemies":"Large Slime","floor":7,"turns":6},{"damage":0,"enemies":"Blue Slaver","floor":10,"turns":3},{"damage":25,"enemies":"Gremlin Nob","floor":11,"turns":4},{"damage":0,"enemies":"Exordium Wildlife","floor":12,"turns":3},{"damage":25,"enemies":"Lagavulin","floor":14,"turns":7},{"damage":24,"enemies":"Hexaghost","floor":16,"turns":9}],"seed_played":"6978406686152807436","potions_obtained":[{"floor":5,"key":"Ancient Potion"},{"floor":11,"key":"Strength Potion"},{"floor":12,"key":"EssenceOfSteel"},{"floor":14,"key":"SkillPotion"}],"is_trial":false,"path_per_floor":["M","?","M","M","M","E","M","R","T","M","E","M","R","E","R","B"],"character_chosen":"THE_SILENT","items_purchased":[],"campfire_rested":3,"item_purchase_floors":[],"current_hp_per_floor":[57,57,55,54,52,22,15,34,34,34,9,9,28,3,22,0,0],"gold":601,"neow_bonus":"BOSS_RELIC","is_daily":false,"chose_seed":false,"campfire_upgraded":0,"win_rate":0.0,"timestamp":1612399714,"path_taken":["M","?","M","M","M","E","M","R","T","M","E","M","R","E","R","BOSS"],"items_purchased_type":[],"build_version":"2020-12-22","purchased_purges":0,"victory":false,"max_hp_per_floor":[66,66,66,66,66,66,66,66,66,66,66,66,66,66,66,66,66],"relic_stats":{"counters":[11,54],"Boot":[15],"obtain_stats":[{"Anchor":6,"Ninja Scroll":2,"Fusion Hammer":0,"Boot":11,"Ring of the Snake":0,"Old Coin":9,"Meat on the Bone":14},{"Anchor":5,"Ninja Scroll":1,"Fusion Hammer":0,"Boot":8,"Ring of the Snake":0,"Old Coin":6,"Meat on the Bone":10},{"Anchor":22,"Ninja Scroll":4,"Fusion Hammer":0,"Boot":35,"Ring of the Snake":0,"Old Coin":28,"Meat on the Bone":45}],"Meat on the Bone":0},"card_choices":[{"not_picked":["PiercingWail","Deadly Poison"],"picked":"Quick Slash","floor":1.0},{"not_picked":["Deflect","Cloak And Dagger"],"picked":"Backflip","floor":3.0},{"not_picked":["Dodge and Roll","Slice"],"picked":"Dagger Throw","floor":4},{"not_picked":["Tactician","Well Laid Plans"],"picked":"Quick Slash","floor":5},{"not_picked":["Dagger Throw","Crippling Poison"],"picked":"Acrobatics","floor":6},{"not_picked":["All Out Attack","Quick Slash"],"picked":"Dash","floor":7},{"not_picked":["Endless Agony","Skewer"],"picked":"Eviscerate","floor":10},{"not_picked":["Cloak And Dagger","Masterful Stab"],"picked":"Underhanded Strike","floor":11},{"not_picked":["PiercingWail","Sucker Punch"],"picked":"Tactician","floor":12},{"not_picked":["Backflip","Outmaneuver"],"picked":"After Image","floor":14}],"player_experience":612405,"relics_obtained":[{"floor":6,"key":"Anchor"},{"floor":9,"key":"Old Coin"},{"floor":11,"key":"Boot"},{"floor":14,"key":"Meat on the Bone"}],"event_choices":[{"damage_healed":0.0,"max_hp_gain":0.0,"max_hp_loss":0.0,"gold_gain":0.0,"event_name":"Big Fish","player_choice":"Box","floor":2.0,"gold_loss":0.0,"damage_taken":0.0,"relics_obtained":["Ninja Scroll"],"cards_obtained":["Regret"]}],"is_beta":false,"boss_relics":[],"items_purged_floors":[],"is_endless":false,"potions_floor_spawned":[5,11,12,14],"killed_by":"Hexaghost","ascension_level":20}}