{"host":"oor112x12afcc54z","time":1612433793,"event":{"mods":["AchievementEnabler","BaseMod","DeckTracker","Keyboard Shortcuts","Minty Spire (QoL Compilation)","SuperFastMode"],"gold_per_floor":[115,290,33,47,62,62,395,395,421,452,452,472,59,73,73,73,73,92,17,17,17,17,17,37,37,37],"floor_reached":25,"language":"KOR","playtime":510,"items_purged":["Doubt","Defend_P"],"score":334,"play_id":"291235d0-f5ad-4efc-95f9-4f3ca37d7b88","local_time":"20210204191633","is_ascension_mode":true,"campfire_choices":[{"data":"Eruption","floor":6.0,"key":"SMITH"},{"floor":11.0,"key":"REST"},{"data":"Adaptation","floor":15.0,"key":"SMITH"},{"data":"Bandage Up","floor":23,"key":"SMITH"}],"circlet_count":0,"master_deck":["AscendersBane","Strike_P","Strike_P","Defend_P","Eruption+1","Vigilance","Adaptation+1","Bandage Up+1","CurseOfTheBell"],"relics":["Black Star","PrismaticShard","Oddly Smooth Stone","Old Coin","Centennial Puzzle","StrikeDummy","Lizard Tail","Incense Burner","Calling Bell","MealTicket","Sundial","WingedGreaves"],"acts_visited":["Exordium","TheCity"],"potions_floor_usage":[25],"damage_taken":[{"damage":12.0,"enemies":"2 Louse","floor":1.0,"turns":4.0},{"damage":10.0,"enemies":"Small Slimes","floor":4.0,"turns":6.0},{"damage":1.0,"enemies":"Cultist","floor":5.0,"turns":3.0},{"damage":17.0,"enemies":"Lagavulin","floor":7.0,"turns":4.0},{"damage":16.0,"enemies":"Gremlin Nob","floor":10.0,"turns":3.0},{"damage":0.0,"enemies":"Looter","floor":12.0,"turns":2.0},{"damage":12.0,"enemies":"Large Slime","floor":14.0,"turns":3.0},{"damage":65.0,"enemies":"The Guardian","floor":16.0,"turns":10.0},{"damage":16,"enemies":"Spheric Guardian","floor":18,"turns":3},{"damage":6,"enemies":"3 Byrds","floor":24,"turns":5},{"damage":50,"enemies":"Slavers","floor":25,"turns":1}],"seed_played":"3409033340214531911","potions_obtained":[{"floor":4.0,"key":"FearPotion"},{"floor":5.0,"key":"DistilledChaos"},{"floor":7.0,"key":"StancePotion"},{"floor":10.0,"key":"Fire Potion"},{"floor":24,"key":"Block Potion"}],"is_trial":false,"path_per_floor":["M","?","$","M","M","R","E","?","T","E","R","M","$","M","R","B",null,"M","?","?","?","?","R","M","E"],"character_chosen":"WATCHER","items_purchased":["Adaptation","PrismaticShard","Incense Burner"],"campfire_rested":1,"item_purchase_floors":[3,3,13],"current_hp_per_floor":[53,53,53,43,42,42,25,25,25,9,30,30,30,22,22,1,54,42,42,42,42,42,42,42,0,0],"gold":37,"neow_bonus":"BOSS_RELIC","is_daily":false,"chose_seed":false,"campfire_upgraded":3,"win_rate":0.0,"timestamp":1612433793,"path_taken":["M","?","$","M","M","R","E","?","T","E","R","M","$","?","R","BOSS","M","?","?","?","?","R","M","E"],"items_purchased_type":["Card","Relic","Relic"],"build_version":"2020-12-22","purchased_purges":2,"victory":false,"max_hp_per_floor":[72,72,72,72,72,72,72,72,72,72,72,72,72,72,72,72,72,72,72,72,72,72,72,72,72,72],"card_choices":[{"not_picked":["BowlingBash","PathToVictory","CrushJoints"],"picked":"SKIP","floor":1.0},{"not_picked":["Gash","Protect","Swift Strike"],"picked":"SKIP","floor":4.0},{"not_picked":["Steam","ForeignInfluence","Collect"],"picked":"SKIP","floor":5.0},{"not_picked":["Turbo","Worship","Blood for Blood"],"picked":"SKIP","floor":7.0},{"not_picked":["Body Slam","CutThroughFate","Pummel"],"picked":"SKIP","floor":10.0},{"not_picked":["Sucker Punch","Prostrate"],"picked":"Bandage Up","floor":12.0},{"not_picked":["Heatsinks","Anger","Sweeping Beam"],"picked":"SKIP","floor":14.0},{"not_picked":["Iron Wave","Genetic Algorithm+1","PathToVictory"],"picked":"SKIP","floor":18},{"not_picked":["Deflect","ClearTheMind","Crescendo"],"picked":"SKIP","floor":24}],"player_experience":442879,"relics_obtained":[{"floor":7.0,"key":"Oddly Smooth Stone"},{"floor":7.0,"key":"Old Coin"},{"floor":9.0,"key":"Centennial Puzzle"},{"floor":10.0,"key":"StrikeDummy"},{"floor":10.0,"key":"Lizard Tail"},{"floor":17,"key":"MealTicket"},{"floor":17,"key":"Sundial"},{"floor":17,"key":"WingedGreaves"}],"event_choices":[{"damage_healed":0.0,"max_hp_gain":0.0,"max_hp_loss":0.0,"gold_gain":175.0,"event_name":"Liars Game","player_choice":"AGREE","floor":2.0,"gold_loss":0.0,"damage_taken":0.0,"cards_obtained":["Doubt"]},{"cards_removed":["Defend_P"],"damage_healed":0.0,"max_hp_gain":0.0,"max_hp_loss":0.0,"gold_gain":0.0,"event_name":"Wheel of Change","player_choice":"Card Removal","floor":8.0,"gold_loss":0.0,"damage_taken":0.0},{"cards_removed":["Strike_P"],"damage_healed":0,"gold_gain":0,"player_choice":"Gave Gold","damage_taken":0,"max_hp_gain":0,"max_hp_loss":0,"event_name":"Beggar","floor":19,"gold_loss":75},{"cards_removed":["Strike_P"],"damage_healed":0,"gold_gain":0,"player_choice":"Elegance","damage_taken":0,"max_hp_gain":0,"max_hp_loss":0,"event_name":"Back to Basics","floor":20,"gold_loss":0},{"damage_healed":0,"gold_gain":0,"player_choice":"Ignored","damage_taken":0,"max_hp_gain":0,"max_hp_loss":0,"event_name":"Vampires","floor":21,"gold_loss":0},{"cards_removed":["Defend_P"],"damage_healed":0,"gold_gain":0,"player_choice":"Offered Basic","damage_taken":0,"max_hp_gain":0,"max_hp_loss":0,"event_name":"Bonfire Elementals","floor":22,"gold_loss":0}],"is_beta":false,"boss_relics":[{"not_picked":["Philosopher\u0027s Stone","Busted Crown"],"picked":"Calling Bell"}],"items_purged_floors":[3,13],"is_endless":false,"potions_floor_spawned":[4,5,7,10,16,24],"killed_by":"Slavers","ascension_level":12}}