{"host":"4rvk26w7t08d5zdj","time":1612402541,"event":{"mods":["AchievementEnabler","BaseMod","Challenge The Spire","Colored Powertips","Conspire","Energized Spire","GifTheSpireLib","Minty Spire (QoL Compilation)","Rare Cards Sparkle","Relic Filter Mod","Reliquary","Spire Arcade","StSLib","The Animator","The Blue Laboratory"],"gold_per_floor":[252,252,284,316,347,347,211,211,237,271,304,304,11,11,42,73,105,133],"floor_reached":19,"language":"ENG","playtime":1858,"items_purged":[],"score":395,"play_id":"4661351b-0f9e-41bf-87de-efd5cdc66025","local_time":"20210203173541","daily_mods":["challengethespire:Bronze Difficulty","challengethespire:Modded Elite Rush","Uncertain Future"],"is_ascension_mode":true,"campfire_choices":[{"data":"animator:Aqua","floor":2,"key":"SMITH"},{"data":"animator:Witch","floor":8,"key":"SMITH"},{"data":"animator:Aqua","floor":14,"key":"SMITH"}],"circlet_count":0,"master_deck":["animator:Strike_Konosuba","animator:Defend_Konosuba","animator:Strike+1","animator:Strike","animator:Strike","animator:Defend","animator:Defend","animator:Defend","animator:Kazuma","animator:Aqua+1","animator:Shizu","animator:Yuuichirou","animator:WinryRockbell+1","animator:Shuna+1","animator:Kaijin+1","animator:Rimuru","animator:Witch+1","animator:ElricEdward","animator:WinryRockbell+1","animator:ElricAlphonse","animator:Aqua+1","animator:PandorasActor","animator:Albedo","animator:Arpeggio+1","animator:ElricAlphonse+1","animator:ElricEdward","animator:Priestess","animator:Lancer","animator:Hans+1","animator:FeridBathory+1"],"relics":["animator:LivingPicture","animator:TheMissingPiece","Black Star","Sling","PreservedInsect","animator:PurgingStone","Frozen Egg 2","reliquary:TuningFork","Mercury Hourglass","Lizard Tail","MealTicket","Gambling Chip","reliquary:WeakTea","Bottled Lightning","SlaversCollar","reliquary:Stiletto","Charon\u0027s Ashes","Ginger","Bottled Tornado","reliquary:Knoch","reliquary:SharkskinSheath","Mark of Pain","HandDrill","reliquary:Buckler","Calipers","Red Skull","animator:HallowedScabbard","reliquary:Firecrackers","animator:Buoy","Happy Flower","Lantern"],"acts_visited":["Exordium"],"potions_floor_usage":[10,11,15,16,17,18],"damage_taken":[{"damage":0,"enemies":"Gremlin Nob","floor":3,"turns":4},{"damage":6,"enemies":"3 Sentries","floor":4,"turns":5},{"damage":5,"enemies":"Lagavulin","floor":5,"turns":6},{"damage":5,"enemies":"animator:HornedBat","floor":9,"turns":6},{"damage":0,"enemies":"conspire:Head Lice","floor":10,"turns":2},{"damage":0,"enemies":"conspire:SneckoGhost","floor":11,"turns":5},{"damage":0,"enemies":"Giant Head","floor":15,"turns":7},{"damage":13,"enemies":"Reptomancer","floor":16,"turns":6},{"damage":23,"enemies":"Nemesis","floor":17,"turns":7},{"damage":44,"enemies":"Shield and Spear","floor":18,"turns":6}],"seed_played":"-8347250019632582278","potions_obtained":[{"floor":3,"key":"AttackPotion"},{"floor":5,"key":"blueLaboratory:SavagePotion"},{"floor":11,"key":"blueLaboratory:CorrosionFlask"},{"floor":15,"key":"Explosive Potion"},{"floor":18,"key":"ColorlessPotion"}],"is_trial":true,"path_per_floor":["$","R","E","E","E","T","$","R","E","E","E","T","$","R","E","E","E","E",null],"character_chosen":"THE_ANIMATOR","items_purchased":["Frozen Egg 2","animator:Shizu","reliquary:TuningFork","animator:Yuuichirou","animator:WinryRockbell+1","animator:Shuna","animator:ElricEdward","animator:WinryRockbell+1","animator:ElricAlphonse","animator:Arpeggio+1","animator:ElricAlphonse","animator:ElricEdward","HandDrill"],"campfire_rested":0,"item_purchase_floors":[1,1,1,1,1,1,7,7,7,13,13,13,13],"current_hp_per_floor":[66,66,66,63,61,61,66,66,61,66,66,66,66,66,66,59,51,25],"gold":133,"neow_bonus":"","is_daily":false,"chose_seed":false,"campfire_upgraded":3,"win_rate":0.0,"timestamp":1612402541,"path_taken":["$","R","E","E","E","T","$","R","E","E","E","T","$","R","E","E","E","E"],"items_purchased_type":["Relic","Card","Relic","Card","Card","Card","Card","Card","Card","Card","Card","Card","Relic"],"build_version":"2020-12-22","purchased_purges":0,"victory":true,"max_hp_per_floor":[66,66,66,66,66,66,66,66,66,66,66,66,66,66,66,66,66,66],"card_choices":[],"player_experience":1086434,"relics_obtained":[{"floor":3,"key":"Mercury Hourglass"},{"floor":3,"key":"Lizard Tail"},{"floor":4,"key":"MealTicket"},{"floor":4,"key":"Gambling Chip"},{"floor":5,"key":"reliquary:WeakTea"},{"floor":5,"key":"Bottled Lightning"},{"floor":9,"key":"reliquary:Stiletto"},{"floor":9,"key":"Charon\u0027s Ashes"},{"floor":10,"key":"Ginger"},{"floor":10,"key":"Bottled Tornado"},{"floor":11,"key":"reliquary:Knoch"},{"floor":11,"key":"reliquary:SharkskinSheath"},{"floor":15,"key":"reliquary:Buckler"},{"floor":15,"key":"Calipers"},{"floor":16,"key":"Red Skull"},{"floor":16,"key":"animator:HallowedScabbard"},{"floor":17,"key":"reliquary:Firecrackers"},{"floor":17,"key":"animator:Buoy"},{"floor":18,"key":"Happy Flower"},{"floor":18,"key":"Lantern"}],"event_choices":[],"is_beta":false,"boss_relics":[{"not_picked":["Cursed Key","animator:HolyGrailRelic"],"picked":"SlaversCollar"},{"not_picked":["animator:RacePiece","animator:CursedBlade"],"picked":"Mark of Pain"}],"items_purged_floors":[],"is_endless":false,"potions_floor_spawned":[3,5,11,15,18],"ascension_level":0}}