{"host":"hjajo0rafoe1e6c4","time":1612447499,"event":{"mods":["AchievementEnabler","BaseMod","Bestiary","Colored Map","Colored Powertips","Downfall","Highlight Path","Minty Spire (QoL Compilation)","Relic Stats","StSLib"],"gold_per_floor":[99,118,293,293,312,312,312,325,325,339,353,453,71,96,117,224,224,224,250,250,250,98,437,437,474,494,494,494,505,405,416,434,532,532,532,550,550,564,577,577,601,601,603,503,522,522,11,28,39,39],"floor_reached":51,"language":"ENG","playtime":3314,"items_purged":["Doubt","hexamod:ThirdSeal","hexamod:ThirdSeal"],"score":756,"play_id":"8c6ee4c0-9166-44dc-86bf-d2d81f4089e6","local_time":"20210204090459","is_ascension_mode":false,"campfire_choices":[{"floor":1.0,"key":"RECALL"},{"data":"hexamod:RetreatToShadows","floor":6.0,"key":"SMITH"},{"data":"hexamod:GhostShield","floor":9.0,"key":"SMITH"},{"data":"hexamod:UnleashSpirits","floor":18.0,"key":"SMITH"},{"data":"hexamod:RainOfEmbers","floor":30,"key":"SMITH"},{"data":"Ghostly","floor":35,"key":"SMITH"},{"data":"Ghostly","floor":44,"key":"SMITH"},{"data":"hexamod:HeatShield","floor":46,"key":"SMITH"}],"circlet_count":0,"master_deck":["hexamod:Sear","hexamod:Float+1","hexamod:RetreatToShadows+1","hexamod:FlamesFromBeyond","hexamod:VolcanoVisage","hexamod:FlamesFromBeyond","hexamod:GhostShield+1","hexamod:RainOfEmbers+1","hexamod:AdvancingGuard","hexamod:Hexaguard","hexamod:NightmareStrike","hexamod:GhostShield","hexamod:FlamesFromBeyond","hexamod:FlamesFromBeyond","hexamod:Hexaguard","hexamod:UnleashSpirits+1","hexamod:EtherealExpedition+1","hexamod:GhostLash","RitualDagger+1","hexamod:GiftsFromTheDead","hexamod:Haunt","hexamod:Haunt","hexamod:FirstSeal","hexamod:Hexaguard","hexamod:GhostflameBarrier","hexamod:FastForward+1","hexamod:TimeWarp","hexamod:FlamesFromBeyond","hexamod:CouncilsJustice","hexamod:CouncilsJustice","hexamod:CouncilsJustice","Ghostly+1","Ghostly+1","Ghostly","hexamod:ThermalTransfer","hexamod:PhantomFireball+1","hexamod:UnleashSpirits+1","hexamod:ThermalTransfer","hexamod:GiftsFromTheDead","hexamod:ChargedBarrage+1","hexamod:FlamesFromBeyond+1","hexamod:GhostLash","hexamod:GhostShield+1","expansioncontent:LastStand","expansioncontent:YouAreMine","hexamod:RainOfEmbers","hexamod:HeatShield+1","hexamod:RecurringNightmare+1"],"relics":["Velvet Choker","Pantograph","Torii","hexamod:IceCube","Old Coin","Incense Burner","hexamod:TheBrokenSeal","Ancient Tea Set","downfall:HeartBlessingRed","Runic Pyramid","Anchor","downfall:HeartBlessingBlue","OrangePellets","hexamod:InflammatoryLetter"],"acts_visited":["Exordium","TheCity","TheBeyond"],"potions_floor_usage":[50],"damage_taken":[{"damage":0.0,"enemies":"Cultist","floor":2.0,"turns":3.0},{"damage":0.0,"enemies":"Small Slimes","floor":5.0,"turns":3.0},{"damage":5.0,"enemies":"Jaw Worm","floor":8.0,"turns":3.0},{"damage":0.0,"enemies":"2 Fungi Beasts","floor":10.0,"turns":3.0},{"damage":26.0,"enemies":"Lots of Slimes","floor":11.0,"turns":4.0},{"damage":0.0,"enemies":"downfall:FleeingMerchant","floor":13.0,"turns":4.0},{"damage":8.0,"enemies":"3 Louse","floor":14.0,"turns":4.0},{"damage":0.0,"enemies":"Red Slaver","floor":15.0,"turns":3.0},{"damage":14.0,"enemies":"IC_STATUS_ARCHETYPE","floor":16.0,"turns":5.0},{"damage":2.0,"enemies":"Chosen","floor":19.0,"turns":5.0},{"damage":5.0,"enemies":"downfall:FleeingMerchant","floor":22.0,"turns":4.0},{"damage":49.0,"enemies":"Gremlin Leader","floor":23.0,"turns":6.0},{"damage":48.0,"enemies":"Book of Stabbing","floor":25.0,"turns":8.0},{"damage":1,"enemies":"3 Byrds","floor":26,"turns":4},{"damage":1,"enemies":"Snecko","floor":29,"turns":3},{"damage":1,"enemies":"Centurion and Healer","floor":31,"turns":4},{"damage":0,"enemies":"Snake Plant","floor":32,"turns":2},{"damage":1,"enemies":"SI_MIRROR_ARCHETYPE","floor":33,"turns":5},{"damage":0,"enemies":"3 Darklings","floor":36,"turns":5},{"damage":0,"enemies":"Orb Walker","floor":38,"turns":3},{"damage":5,"enemies":"Sphere and 2 Shapes","floor":39,"turns":3},{"damage":0,"enemies":"downfall:FleeingMerchant","floor":43,"turns":4},{"damage":0,"enemies":"Maw","floor":45,"turns":6},{"damage":0,"enemies":"Jaw Worm Horde","floor":48,"turns":3},{"damage":9,"enemies":"Spire Growth","floor":49,"turns":4},{"damage":39,"enemies":"DF_ARCHETYPE_ORBS","floor":50,"turns":7}],"seed_played":"4200794959740950438","potions_obtained":[{"floor":11.0,"key":"Slimebound:ThreeZeroPotion"},{"floor":15.0,"key":"CultistPotion"},{"floor":16.0,"key":"FairyPotion"},{"floor":20.0,"key":"CultistPotion"},{"floor":23.0,"key":"GamblersBrew"},{"floor":25,"key":"SneckoOil"},{"floor":26,"key":"DistilledChaos"},{"floor":33,"key":"ColorlessPotion"}],"is_trial":false,"path_per_floor":["R","M","?","?","M","R","T","M","R","M","M","?","$","M","M","B",null,"R","M","?","?","$","E","T","E","M","?","?","M","R","M","M","B",null,"R","M","?","M","M","?","T","?","$","R","M","R","$","M","M","B",null],"character_chosen":"THE_SPIRIT","items_purchased":["hexamod:ThirdSeal","Torii","hexamod:Haunt","hexamod:RainOfEmbers","Anchor","OrangePellets","hexamod:InflammatoryLetter"],"campfire_rested":0,"item_purchase_floors":[13,13,22,43,43,47,47],"current_hp_per_floor":[70,70,70,70,70,70,70,65,65,65,39,39,39,31,31,42,70,70,68,68,68,70,21,21,69,75,40,40,39,39,40,40,40,40,40,40,40,40,40,35,35,35,40,50,50,50,50,50,48,11],"gold":39,"neow_bonus":"BOSS_RELIC","is_daily":false,"chose_seed":false,"campfire_upgraded":7,"win_rate":0.0,"timestamp":1612447499,"path_taken":["R","M","?","?","M","R","T","M","R","?","M","?","$","M","M","BOSS","R","M","?","?","$","E","T","E","M","?","?","M","R","?","M","BOSS","R","M","?","?","M","?","T","?","$","R","M","R","?","M","M","BOSS"],"items_purchased_type":["Card","Relic","Card","Card","Relic","Relic","Relic"],"build_version":"2020-12-22","purchased_purges":3,"victory":true,"max_hp_per_floor":[70,70,70,70,70,70,70,70,70,70,70,70,70,70,70,70,70,70,70,70,70,70,70,70,80,80,40,40,40,40,40,40,40,40,40,40,40,40,40,40,40,40,40,50,50,50,50,50,50,50],"relic_stats":{"OrangePellets":[0],"Torii":20,"counters":[26,108],"Pantograph":27,"obtain_stats":[{"Torii":13,"downfall:HeartBlessingRed":30,"Velvet Choker":0,"hexamod:TheBrokenSeal":25,"hexamod:InflammatoryLetter":47,"Incense Burner":24,"Ancient Tea Set":25,"Old Coin":23,"OrangePellets":47,"Anchor":43,"downfall:HeartBlessingBlue":44,"Pantograph":7,"hexamod:SpiritBrand":0,"hexamod:IceCube":17,"Runic Pyramid":34},{"Torii":6,"downfall:HeartBlessingRed":15,"Velvet Choker":0,"hexamod:TheBrokenSeal":13,"hexamod:InflammatoryLetter":23,"Incense Burner":12,"Ancient Tea Set":13,"Old Coin":12,"OrangePellets":23,"Anchor":22,"downfall:HeartBlessingBlue":22,"Pantograph":2,"hexamod:SpiritBrand":0,"hexamod:IceCube":9,"Runic Pyramid":18},{"Torii":20,"downfall:HeartBlessingRed":62,"Velvet Choker":0,"hexamod:TheBrokenSeal":53,"hexamod:InflammatoryLetter":94,"Incense Burner":47,"Ancient Tea Set":55,"Old Coin":47,"OrangePellets":94,"Anchor":88,"downfall:HeartBlessingBlue":88,"Pantograph":6,"hexamod:SpiritBrand":0,"hexamod:IceCube":32,"Runic Pyramid":73}]},"card_choices":[{"not_picked":["hexamod:SwordOfDarkness","hexamod:FlamesFromBeyond"],"picked":"hexamod:ThirdSeal","floor":2.0},{"not_picked":["hexamod:SwordOfDarkness","hexamod:HeatShield"],"picked":"hexamod:FlamesFromBeyond","floor":5.0},{"not_picked":["hexamod:ShieldOfDarkness","hexamod:SpectersWail"],"picked":"hexamod:VolcanoVisage","floor":5.0},{"not_picked":["hexamod:Firestarter","hexamod:NightmareStrike"],"picked":"hexamod:FlamesFromBeyond","floor":8.0},{"not_picked":["hexamod:GhostShield","hexamod:ShieldOfDarkness","hexamod:SpectersWail"],"picked":"SKIP","floor":8.0},{"not_picked":["hexamod:ShieldOfDarkness","hexamod:SpectersWail"],"picked":"hexamod:GhostShield","floor":8.0},{"not_picked":["hexamod:StepThrough","hexamod:BurningTouch"],"picked":"hexamod:RainOfEmbers","floor":10.0},{"not_picked":["hexamod:Haunt","hexamod:NightmareGuise"],"picked":"hexamod:AdvancingGuard","floor":11.0},{"not_picked":["hexamod:HeatMetal","hexamod:Firestarter"],"picked":"hexamod:Hexaguard","floor":11.0},{"not_picked":["hexamod:BacktrackSmack","hexamod:GhostOfSpirePresent"],"picked":"hexamod:NightmareStrike","floor":13.0},{"not_picked":["hexamod:StepThrough","hexamod:NightmareGuise"],"picked":"hexamod:SecondSeal","floor":13.0},{"not_picked":["hexamod:NightmareGuise","hexamod:HeatMetal"],"picked":"hexamod:GhostShield","floor":14.0},{"not_picked":["hexamod:BacktrackSmack","hexamod:TimeWarp"],"picked":"hexamod:FlamesFromBeyond","floor":14.0},{"not_picked":["hexamod:HeatMetal","hexamod:NightmareGuise"],"picked":"hexamod:FlamesFromBeyond","floor":14.0},{"not_picked":["hexamod:NightmareGuise","hexamod:SkipABeat"],"picked":"hexamod:Hexaguard","floor":15.0},{"not_picked":["hexamod:ThermalTransfer","hexamod:BacktrackSmack","hexamod:NightmareStrike"],"picked":"SKIP","floor":15.0},{"not_picked":["hexamod:InspiringFlames","hexamod:HeatMetal","hexamod:SpectersWail"],"picked":"SKIP","floor":15.0},{"not_picked":["hexamod:ForkedFlame","hexamod:UnleashSpirits"],"picked":"hexamod:FifthSeal","floor":16.0},{"not_picked":["hexamod:UnlimitedPower","hexamod:TurnItUp"],"picked":"hexamod:UnleashSpirits","floor":16.0},{"not_picked":["hexamod:Rewind","hexamod:Haunt"],"picked":"hexamod:EtherealExpedition","floor":19.0},{"not_picked":["hexamod:ThirdSeal","hexamod:FirstSeal"],"picked":"hexamod:SixthSeal","floor":19.0},{"not_picked":["hexamod:GhostOfSpireFuture","hexamod:Incineration"],"picked":"hexamod:GhostLash","floor":19.0},{"not_picked":["hexamod:ThermalTransfer","hexamod:HeatMetal+1"],"picked":"hexamod:ThirdSeal","floor":19.0},{"not_picked":["hexamod:BurningTouch","hexamod:GhostLash"],"picked":"hexamod:GiftsFromTheDead","floor":22.0},{"not_picked":["hexamod:SixthSeal","hexamod:FirstSeal"],"picked":"hexamod:FourthSeal","floor":22.0},{"not_picked":["hexamod:ShieldOfDarkness","hexamod:InspiringFlames"],"picked":"hexamod:Haunt","floor":22.0},{"not_picked":["hexamod:SkipABeat","hexamod:HeatShield","hexamod:SecondSeal"],"picked":"SKIP","floor":22.0},{"not_picked":["hexamod:FourthSeal","hexamod:ThirdSeal"],"picked":"hexamod:FirstSeal","floor":23.0},{"not_picked":["hexamod:ThermalTransfer","hexamod:SoulSteal"],"picked":"hexamod:Hexaguard","floor":23.0},{"not_picked":["hexamod:InspiringFlames","hexamod:Firestarter","hexamod:AdvancingGuard+1"],"picked":"SKIP","floor":23.0},{"not_picked":["hexamod:FastForward","hexamod:HeatMetal","hexamod:GhostflameBarrier+1"],"picked":"SKIP","floor":23.0},{"not_picked":["hexamod:AdvancingGuard","hexamod:InspiringFlames+1"],"picked":"hexamod:GhostflameBarrier","floor":25},{"not_picked":["hexamod:DynamicBlow","hexamod:NightmareStrike"],"picked":"hexamod:FastForward+1","floor":26},{"not_picked":["hexamod:FlamesFromBeyond+1","hexamod:BacktrackSmack"],"picked":"hexamod:TimeWarp","floor":26},{"not_picked":["hexamod:FastForward+1","hexamod:NightmareStrike"],"picked":"hexamod:FlamesFromBeyond","floor":26},{"not_picked":["hexamod:FourthSeal","hexamod:SwordOfDarkness"],"picked":"hexamod:ThermalTransfer","floor":29},{"not_picked":["hexamod:AdvancingGuard+1","hexamod:GhostOfSpirePast+1"],"picked":"hexamod:PhantomFireball+1","floor":31},{"not_picked":["hexamod:StepThrough+1","hexamod:FlamesFromBeyond"],"picked":"hexamod:UnleashSpirits","floor":31},{"not_picked":["hexamod:FlamesFromBeyond","hexamod:BacktrackSmack+1"],"picked":"hexamod:ThermalTransfer","floor":32},{"not_picked":["hexamod:ShieldOfDarkness+1","hexamod:Rewind","hexamod:InspiringFlames"],"picked":"SKIP","floor":32},{"not_picked":["hexamod:GhostflameInferno","hexamod:SearingWound"],"picked":"hexamod:GiftsFromTheDead","floor":33},{"not_picked":["hexamod:SpectralAdrenaline","hexamod:FirstSeal"],"picked":"hexamod:ChargedBarrage+1","floor":36},{"not_picked":["hexamod:BacktrackSmack+1","hexamod:SpectersWail+1"],"picked":"hexamod:FlamesFromBeyond+1","floor":38},{"not_picked":["hexamod:Firestarter","hexamod:FlamesFromBeyond"],"picked":"hexamod:GhostLash","floor":38},{"not_picked":["hexamod:FlamesFromBeyond+1","hexamod:UnlimitedPower"],"picked":"hexamod:GhostShield+1","floor":39},{"not_picked":["expansioncontent:HyperBeam","expansioncontent:InvincibleStrength"],"picked":"expansioncontent:LastStand","floor":40},{"not_picked":["expansioncontent:AwakenDeath","expansioncontent:PrepareCrush"],"picked":"expansioncontent:YouAreMine","floor":40},{"not_picked":["hexamod:InspiringFlames","hexamod:AdvancingGuard","hexamod:EmpoweredFlame+1"],"picked":"SKIP","floor":43},{"not_picked":["hexamod:ChargedBarrage","hexamod:Incineration"],"picked":"hexamod:HeatShield","floor":45},{"not_picked":["hexamod:FourthSeal","hexamod:CatchUp","hexamod:ShieldOfDarkness"],"picked":"SKIP","floor":45},{"not_picked":["hexamod:Hexaguard+1","hexamod:BacktrackSmack+1"],"picked":"hexamod:RecurringNightmare+1","floor":48},{"not_picked":["hexamod:ForkedFlame","hexamod:FastForward","hexamod:Firestarter"],"picked":"SKIP","floor":49}],"player_experience":226465,"relics_obtained":[{"floor":7.0,"key":"Pantograph"},{"floor":23.0,"key":"Old Coin"},{"floor":24.0,"key":"Incense Burner"},{"floor":25,"key":"Ancient Tea Set"}],"event_choices":[{"damage_healed":0.0,"max_hp_gain":0.0,"max_hp_loss":0.0,"gold_gain":0.0,"event_name":"The Library","player_choice":"Read","floor":21.0,"gold_loss":0.0,"damage_taken":0.0,"cards_obtained":["hexamod:FirstSeal"]},{"damage_healed":0,"gold_gain":0,"player_choice":"Ignored","damage_taken":0,"max_hp_gain":0,"max_hp_loss":0,"event_name":"NoteForYourself","floor":28,"gold_loss":0},{"damage_healed":0,"gold_gain":0,"player_choice":"Forge","damage_taken":0,"max_hp_gain":0,"max_hp_loss":0,"event_name":"Accursed Blacksmith","floor":37,"gold_loss":0,"cards_upgraded":["hexamod:UnleashSpirits"]}],"is_beta":false,"boss_relics":[{"not_picked":["Sozu","Snecko Eye"],"picked":"hexamod:IceCube"},{"not_picked":["Black Star","Philosopher\u0027s Stone"],"picked":"Runic Pyramid"}],"items_purged_floors":[22,43,47],"is_endless":false,"potions_floor_spawned":[11,15,16,25,26,33,39,48],"ascension_level":0}}