{"host":"iy54rgx5egu9t31x","time":1612443536,"event":{"mods":["2.2 Compatiblity","Act Like it!","Always Whale","BaseMod","Downfall","Gensokyo","Koishi","Marisa£®ÏF”Í°°ƒß¿Ì…≥£©","Minty Spire (QoL Compilation)","Quick Restart","StSLib","SuperFastMode"],"gold_per_floor":[99,109,121,51,67,114,114,114,99,1,18,18,43,256,269,370,370,170,186,436,436,455,469,469,482,499,515,14,56,56,81,294,394,394,394,411,454,464,482,507,556,52,66,66,66,400,300,10,29,29,29,62,12,12,12,12],"floor_reached":57,"language":"ZHS","playtime":3738,"items_purged":["downfall:Aged","Decay"],"score":1371,"play_id":"d62e1d85-6911-4233-98f5-1abb6a8d7a71","local_time":"20210204205856","is_ascension_mode":true,"campfire_choices":[{"floor":1.0,"key":"RECALL"},{"data":"Transmutation","floor":8.0,"key":"SMITH"},{"data":"Guardian:DecasProtection","floor":12.0,"key":"SMITH"},{"data":"Guardian:SpikerProtocol","floor":18.0,"key":"SMITH"},{"floor":30.0,"key":"REST"},{"data":"Guardian:RefractedBeam","floor":35.0,"key":"SMITH"},{"data":"Guardian:RefractedBeam+1","floor":47,"key":"SMITH"},{"data":"Guardian:RefractedBeam+2","floor":54,"key":"SMITH"}],"circlet_count":0,"master_deck":["Guardian:Strike_Guardian","Guardian:Strike_Guardian","Guardian:Strike_Guardian","Guardian:Strike_Guardian","Guardian:Defend_Guardian","Guardian:Defend_Guardian","Guardian:Defend_Guardian","Guardian:Defend_Guardian","Guardian:CurlUp","Guardian:TwinSlam","Transmutation+1","Guardian:RollAttack","Guardian:DecasProtection+1","Guardian:FloatingOrbs","Guardian:SpikerProtocol+1","Guardian:VentSteam+1","Guardian:BronzeOrb","Guardian:WalkerClaw","Guardian:AncientConstruct","Apotheosis+1","Guardian:RefractedBeam+3","Guardian:TemporalShield+1","Guardian:Reroute+1","Guardian:Repulse+1","Guardian:ShieldSpikes","Guardian:StasisField","Guardian:Incinerate","Guardian:PrimingBeam","Guardian:RevengeProtocol","Guardian:PiercingHide+1","Guardian:MultiBeam+1","Guardian:BronzeArmor+1","Guardian:SpikerProtocol+1","Gensokyo:UnhurriedMind+1","Guardian:FierceBash","expansioncontent:DashGenerateEvil","Guardian:PolyBeam+1","Guardian:CrystalBeam+1"],"relics":["Guardian:ModeShifter","Centennial Puzzle","Lizard Tail","MealTicket","TungstenRod","Cursed Key","downfall:HeartBlessingRed","downfall:HeartBlessingBlue","Lantern","Guardian:BottledStasis","ClockworkSouvenir","Oddly Smooth Stone","Anchor","SlaversCollar","Ice Cream","Omamori","Smiling Mask","Chemical X","Meat on the Bone","Orichalcum","downfall:HeartBlessingGreen","Nunchaku","Letter Opener","White Beast Statue"],"acts_visited":["Gensokyo:Gensokyo","Gensokyo:Gensokyoer","Gensokyo:Gensokyoest","TheEnding"],"potions_floor_usage":[45,50,55],"damage_taken":[{"damage":12.0,"enemies":"Gensokyo:Gryphon","floor":2.0,"turns":5.0},{"damage":10.0,"enemies":"Gensokyo:3_Fairies","floor":3.0,"turns":5.0},{"damage":2.0,"enemies":"Gensokyo:2_Kodama","floor":5.0,"turns":6.0},{"damage":19.0,"enemies":"Gensokyo:Aya","floor":6.0,"turns":6.0},{"damage":10.0,"enemies":"downfall:FleeingMerchant","floor":9.0,"turns":4.0},{"damage":20.0,"enemies":"Gensokyo:Kitsune","floor":11.0,"turns":5.0},{"damage":12.0,"enemies":"Gensokyo:Cirno","floor":13.0,"turns":9.0},{"damage":0.0,"enemies":"Gensokyo:LivingMonolith","floor":14.0,"turns":3.0},{"damage":5.0,"enemies":"Gensokyo:Python_and_Kodama","floor":15.0,"turns":5.0},{"damage":20.0,"enemies":"IC_STATUS_ARCHETYPE","floor":16.0,"turns":7.0},{"damage":0.0,"enemies":"Gensokyo:AngelMirror","floor":19.0,"turns":1.0},{"damage":2.0,"enemies":"Gensokyo:3_Dogs","floor":22.0,"turns":5.0},{"damage":2.0,"enemies":"Gensokyo:Wraith","floor":23.0,"turns":4.0},{"damage":6.0,"enemies":"Gensokyo:Monolith_and_Dog","floor":25.0,"turns":5.0},{"damage":13.0,"enemies":"Gensokyo:Slime_Group","floor":26.0,"turns":4.0},{"damage":17.0,"enemies":"Gensokyo:Swordslinger","floor":27.0,"turns":3.0},{"damage":14.0,"enemies":"Gensokyo:3_Gloops","floor":29.0,"turns":6.0},{"damage":0.0,"enemies":"Gensokyo:Reisen","floor":31.0,"turns":7.0},{"damage":0.0,"enemies":"Gensokyo:Wraith","floor":32.0,"turns":4.0},{"damage":24.0,"enemies":"DF_ARCHETYPE_CLAW","floor":33.0,"turns":8.0},{"damage":0.0,"enemies":"Gensokyo:3_Bats","floor":36.0,"turns":6.0},{"damage":10.0,"enemies":"Gensokyo:3_Boulders","floor":37.0,"turns":7.0},{"damage":38.0,"enemies":"Gensokyo:Rafflesia","floor":38.0,"turns":8.0},{"damage":5.0,"enemies":"Gensokyo:SeedOfUnknown","floor":39.0,"turns":6.0},{"damage":0.0,"enemies":"Gensokyo:Doremy","floor":40.0,"turns":6.0},{"damage":4.0,"enemies":"Gensokyo:3_Boulders","floor":43.0,"turns":6.0},{"damage":8,"enemies":"Gensokyo:3_Boulders","floor":45,"turns":7},{"damage":29,"enemies":"Gensokyo:Kasen","floor":46,"turns":7},{"damage":0,"enemies":"downfall:FleeingMerchant","floor":48,"turns":4},{"damage":0,"enemies":"Gensokyo:Dusk_and_Dawn","floor":49,"turns":3},{"damage":19,"enemies":"SI_POISON_ARCHETYPE","floor":50,"turns":8},{"damage":43,"enemies":"downfall:CharBossMerchant","floor":52,"turns":8},{"damage":0,"enemies":"downfall:NeowBoss","floor":55,"turns":9},{"damage":11,"enemies":"downfall:NeowBossFinal","floor":56,"turns":10}],"seed_played":"5031811215931739343","potions_obtained":[{"floor":2.0,"key":"Dexterity Potion"},{"floor":11.0,"key":"Fire Potion"},{"floor":14.0,"key":"Fire Potion"},{"floor":16.0,"key":"Dexterity Potion"},{"floor":23.0,"key":"Dexterity Potion"},{"floor":25.0,"key":"Fire Potion"},{"floor":26.0,"key":"PowerPotion"},{"floor":32.0,"key":"Energy Potion"},{"floor":37.0,"key":"BlessingOfTheForge"},{"floor":38.0,"key":"Weak Potion"},{"floor":43.0,"key":"Regen Potion"},{"floor":52,"key":"SteroidPotion"}],"is_trial":false,"path_per_floor":["R","M","M","?","M","E","T","R","$","COS","M","R","E","M","M","B",null,"R","M","?","?","M","M","T","M","M","M","COS","M","R","E","M","B",null,"R","M","M","M","M","E","T","COS","M","?","?","E","R","$","M","B",null,"E","$","R","B","B",null],"character_chosen":"GUARDIAN","items_purchased":["Letter Opener","expansioncontent:DashGenerateEvil"],"campfire_rested":1,"item_purchase_floors":[48,48],"current_hp_per_floor":[80,68,58,58,56,37,37,37,27,27,7,7,39,39,34,14,80,90,90,85,85,83,81,81,75,62,45,45,31,56,56,56,32,85,85,85,75,37,32,32,32,32,40,40,40,23,23,50,50,46,85,54,69,69,75,66],"gold":12,"neow_bonus":"RANDOM_COLORLESS_2","is_daily":false,"chose_seed":false,"campfire_upgraded":6,"win_rate":0.0,"timestamp":1612443536,"path_taken":["R","M","M","?","M","E","T","R","?","COS","?","R","E","M","M","BOSS","R","M","?","?","M","M","T","M","M","M","COS","M","R","E","M","BOSS","R","M","M","M","M","E","T","COS","M","?","?","E","R","$","M","BOSS","E","$","R","BOSS","BOSS"],"items_purchased_type":["Relic","Card"],"build_version":"2020-12-22","purchased_purges":2,"victory":true,"max_hp_per_floor":[80,80,80,80,80,80,80,80,80,80,80,80,80,80,80,80,80,90,90,85,85,85,85,85,85,85,85,85,85,85,85,85,85,85,85,85,85,85,85,85,85,85,85,85,85,85,85,85,85,85,85,85,85,85,85,85],"card_choices":[{"not_picked":["Secret Weapon","Magnetism"],"picked":"Transmutation","floor":0.0},{"not_picked":["Guardian:ChargeCore","Guardian:Clone"],"picked":"Guardian:RollAttack","floor":2.0},{"not_picked":["Guardian:Gem_Lightblue","Guardian:Gem_Red"],"picked":"Guardian:DecasProtection","floor":3.0},{"not_picked":["Guardian:RollAttack","Guardian:TemporalStrike"],"picked":"Guardian:FloatingOrbs","floor":5.0},{"not_picked":["Guardian:ChargeCore","Guardian:Reroute"],"picked":"Guardian:Gem_Purple","floor":6.0},{"not_picked":["Guardian:Recover","Guardian:Planning"],"picked":"Guardian:SpikerProtocol","floor":9.0},{"not_picked":["Guardian:TemporalShield+1","Guardian:Recover+1"],"picked":"Guardian:VentSteam+1","floor":11.0},{"not_picked":["Guardian:CrystalBeam","Guardian:PrimingBeam"],"picked":"Guardian:BronzeOrb","floor":11.0},{"not_picked":["Guardian:ExploitGems","Guardian:ShieldCharger"],"picked":"Guardian:Gem_Fragmented","floor":13.0},{"not_picked":["Guardian:Harden","Guardian:BronzeOrb"],"picked":"Guardian:Gem_Purple","floor":14.0},{"not_picked":["Guardian:Repulse","Guardian:Reroute"],"picked":"Guardian:WalkerClaw","floor":15.0},{"not_picked":["Guardian:HyperBeam_Guardian","Guardian:TimeSifter"],"picked":"Guardian:AncientConstruct","floor":16.0},{"not_picked":["Guardian:Gem_Blue","Guardian:WalkerClaw"],"picked":"Guardian:Gem_Cyan","floor":19.0},{"not_picked":["Guardian:ChargeCore","Guardian:Planning+1"],"picked":"Guardian:RefractedBeam","floor":22.0},{"not_picked":["Guardian:Repulse","Guardian:GuardianWhirl"],"picked":"Guardian:TemporalShield+1","floor":23.0},{"not_picked":["Guardian:ShieldCharger","Guardian:FloatingOrbs"],"picked":"Guardian:Reroute+1","floor":25.0},{"not_picked":["Guardian:ShieldCharger","Guardian:ChargeCore"],"picked":"Guardian:Repulse+1","floor":26.0},{"not_picked":["Guardian:Gem_Lightblue","Guardian:MultiBeam"],"picked":"Guardian:ShieldSpikes","floor":27.0},{"not_picked":["Guardian:Recover","Guardian:Gem_Lightblue"],"picked":"Guardian:SpikerProtocol+1","floor":29.0},{"not_picked":["Guardian:BaubleBeam","Guardian:ExploitGems"],"picked":"Guardian:StasisField","floor":31.0},{"not_picked":["Guardian:TemporalStrike","Guardian:TimeCapacitor"],"picked":"Guardian:Incinerate","floor":31.0},{"not_picked":["Guardian:SpikerProtocol","Guardian:PrismaticBarrier"],"picked":"Guardian:PrimingBeam","floor":32.0},{"not_picked":["Guardian:AncientConstruct","Guardian:GatlingBeam"],"picked":"Guardian:RevengeProtocol","floor":33.0},{"not_picked":["Guardian:PrismaticBeam+1","Guardian:SpikerProtocol"],"picked":"Guardian:PiercingHide+1","floor":36.0},{"not_picked":["Guardian:VentSteam","Guardian:BodySlam"],"picked":"Guardian:Gem_White","floor":37.0},{"not_picked":["Guardian:PrimingBeam","Guardian:RollAttack+1"],"picked":"Guardian:MultiBeam+1","floor":38.0},{"not_picked":["Guardian:PrismaticBeam+1","Guardian:TemporalStrike"],"picked":"Guardian:BronzeArmor+1","floor":39.0},{"not_picked":["Guardian:Harden+1","Guardian:GuardianWhirl"],"picked":"Guardian:Gem_Yellow","floor":40.0},{"not_picked":["Guardian:SentryBeam","Guardian:TemporalStrike+1"],"picked":"Guardian:SpikerProtocol+1","floor":43.0},{"not_picked":["Gensokyo:UnlikelyAid+1","Gensokyo:RisingWorld+1"],"picked":"Gensokyo:UnhurriedMind+1","floor":45},{"not_picked":["Guardian:Suspension","Guardian:RollAttack+1"],"picked":"Guardian:Gem_Cyan","floor":46},{"not_picked":["Guardian:ChargeCore","Guardian:Gem_Blue"],"picked":"Guardian:FierceBash","floor":48},{"not_picked":["Guardian:Repulse","Guardian:PrismaticBeam+1"],"picked":"Guardian:PolyBeam+1","floor":49},{"not_picked":["Guardian:Emergency+1","Guardian:RevengeProtocol"],"picked":"Guardian:CrystalBeam+1","floor":52}],"player_experience":1138274,"relics_obtained":[{"floor":6.0,"key":"Lizard Tail"},{"floor":13.0,"key":"TungstenRod"},{"floor":24.0,"key":"Lantern"},{"floor":31.0,"key":"Anchor"},{"floor":40.0,"key":"Omamori"},{"floor":41.0,"key":"Smiling Mask"},{"floor":46,"key":"Orichalcum"},{"floor":52,"key":"White Beast Statue"}],"event_choices":[],"is_beta":false,"boss_relics":[{"not_picked":["Runic Dome","SacredBark"],"picked":"Cursed Key"},{"not_picked":["Guardian:ModeShifterPlus","Calling Bell"],"picked":"SlaversCollar"}],"items_purged_floors":[48,53],"is_endless":false,"potions_floor_spawned":[2,11,14,16,23,25,26,32,37,38,43,52],"ascension_level":1}}