{"host":"r91i8wii3z9p67t1","time":1612433360,"event":{"mods":["BaseMod","Minty Spire (QoL Compilation)","Relic Stats","Reliquary","StSLib"],"gold_per_floor":[114,125,24,41,41,66,66,82,107,107,107,127,143,143,143],"floor_reached":14,"language":"ENG","playtime":771,"items_purged":["Strike_R"],"score":184,"play_id":"6fc089d5-5465-46f4-94d1-e731e3a9e740","local_time":"20210204180920","is_ascension_mode":true,"campfire_choices":[{"data":"Flex","floor":7,"key":"SMITH"},{"floor":10,"key":"REST"}],"circlet_count":0,"master_deck":["AscendersBane","Strike_R","Strike_R","Defend_R","Defend_R","Defend_R","Bash","Flex+1","Heavy Blade","Sword Boomerang","Twin Strike","Rage","Shrug It Off"],"relics":["Burning Blood","reliquary:ExpiredCoupon","Lantern"],"acts_visited":["Exordium"],"potions_floor_usage":[6,14],"damage_taken":[{"damage":7.0,"enemies":"Jaw Worm","floor":1.0,"turns":4.0},{"damage":11.0,"enemies":"Cultist","floor":2.0,"turns":4.0},{"damage":0,"enemies":"2 Louse","floor":4,"turns":2},{"damage":46,"enemies":"Lagavulin","floor":6,"turns":7},{"damage":8,"enemies":"Blue Slaver","floor":8,"turns":4},{"damage":0,"enemies":"3 Louse","floor":12,"turns":2},{"damage":3,"enemies":"Red Slaver","floor":13,"turns":2},{"damage":55,"enemies":"3 Sentries","floor":14,"turns":9}],"seed_played":"-4189187034230857403","potions_obtained":[{"floor":2.0,"key":"SpeedPotion"},{"floor":4,"key":"Dexterity Potion"},{"floor":12,"key":"Weak Potion"}],"is_trial":false,"path_per_floor":["M","M","$","M","?","E","R","M","T","R","?","M","M","E"],"character_chosen":"IRONCLAD","items_purchased":["Sword Boomerang"],"campfire_rested":1,"item_purchase_floors":[3],"current_hp_per_floor":[67,62,62,68,68,28,28,26,26,46,46,52,55,0,0],"gold":143,"neow_bonus":"REMOVE_TWO","is_daily":false,"chose_seed":false,"campfire_upgraded":1,"win_rate":0.0,"timestamp":1612433360,"path_taken":["M","M","$","M","?","E","R","M","T","R","?","M","M","E"],"items_purchased_type":["Card"],"build_version":"2020-12-22","purchased_purges":1,"victory":false,"max_hp_per_floor":[68,68,68,68,68,68,68,68,68,68,68,68,68,68,68],"relic_stats":{"counters":[8,34],"obtain_stats":[{"reliquary:ExpiredCoupon":6,"Lantern":9,"Burning Blood":0},{"reliquary:ExpiredCoupon":4,"Lantern":5,"Burning Blood":0},{"reliquary:ExpiredCoupon":17,"Lantern":21,"Burning Blood":0}],"Burning Blood":42},"card_choices":[{"not_picked":["True Grit","Rupture"],"picked":"Flex","floor":1.0},{"not_picked":["Headbutt","Reckless Charge"],"picked":"Heavy Blade","floor":2.0},{"not_picked":["Clash","Seeing Red"],"picked":"Twin Strike","floor":4},{"not_picked":["Cleave","Brutality"],"picked":"Rage","floor":6},{"not_picked":["Sentinel","Flex"],"picked":"Shrug It Off","floor":8},{"not_picked":["Body Slam","Bloodletting","Shrug It Off"],"picked":"SKIP","floor":12},{"not_picked":["Perfected Strike","Flex","Anger"],"picked":"SKIP","floor":13}],"player_experience":972759,"relics_obtained":[{"floor":6,"key":"reliquary:ExpiredCoupon"},{"floor":9,"key":"Lantern"}],"event_choices":[{"damage_healed":0,"gold_gain":0,"player_choice":"Ignored","damage_taken":0,"max_hp_gain":0,"max_hp_loss":0,"event_name":"Liars Game","floor":5,"gold_loss":0},{"cards_removed":["Strike_R"],"damage_healed":0,"gold_gain":0,"player_choice":"Offered Basic","damage_taken":0,"max_hp_gain":0,"max_hp_loss":0,"event_name":"Bonfire Elementals","floor":11,"gold_loss":0}],"is_beta":false,"boss_relics":[],"items_purged_floors":[3],"is_endless":false,"potions_floor_spawned":[2,4,12],"killed_by":"3 Sentries","ascension_level":20}}