{"host":"qgrlfjrqk9z96gfi","time":1612414124,"event":{"mods":["BaseMod","Block Reminder","Colored Map","Custom Start","DeckTracker","Minty Spire (QoL Compilation)"],"gold_per_floor":[114,114,133,17,28,28,28,28,28,62,76,106,125,125,125,202,202,217,230,230,230],"floor_reached":20,"language":"ENG","playtime":550,"items_purged":["Strike_G"],"score":368,"play_id":"a350ab13-aaae-4ac6-bd43-304391919b3f","local_time":"20210203184844","is_ascension_mode":true,"campfire_choices":[{"data":"Accuracy","floor":6.0,"key":"SMITH"},{"floor":15.0,"key":"REST"}],"circlet_count":0,"master_deck":["AscendersBane","Strike_G","Strike_G","Defend_G","Defend_G","Defend_G","Defend_G","Defend_G","Survivor","Neutralize","Blade Dance+1","Dagger Spray+1","Accuracy+1","Endless Agony","After Image","Predator+1","Phantasmal Killer","Infinite Blades+1","Acrobatics+1"],"relics":["Ring of the Snake","NeowsBlessing","The Specimen","Pocketwatch","Happy Flower","Whetstone","Black Star"],"acts_visited":["Exordium","TheCity"],"potions_floor_usage":[20],"damage_taken":[{"damage":0.0,"enemies":"Small Slimes","floor":1.0,"turns":1.0},{"damage":0.0,"enemies":"Cultist","floor":3.0,"turns":1.0},{"damage":0.0,"enemies":"Jaw Worm","floor":5.0,"turns":1.0},{"damage":15.0,"enemies":"3 Sentries","floor":10.0,"turns":7.0},{"damage":9.0,"enemies":"3 Louse","floor":11.0,"turns":3.0},{"damage":3.0,"enemies":"Lagavulin","floor":12.0,"turns":5.0},{"damage":0.0,"enemies":"Looter","floor":13.0,"turns":2.0},{"damage":18.0,"enemies":"The Guardian","floor":16.0,"turns":16.0},{"damage":10.0,"enemies":"Spheric Guardian","floor":18.0,"turns":4.0},{"damage":26.0,"enemies":"2 Thieves","floor":19.0,"turns":3.0},{"damage":18,"enemies":"Snecko","floor":20,"turns":3}],"seed_played":"-6286525440120187246","potions_obtained":[{"floor":1.0,"key":"Swift Potion"},{"floor":11.0,"key":"Swift Potion"}],"is_trial":false,"path_per_floor":["M","?","M","$","M","R","?","?","T","E","M","E","M","?","R","B",null,"M","M","M"],"character_chosen":"THE_SILENT","items_purchased":["Accuracy"],"campfire_rested":1,"item_purchase_floors":[4],"current_hp_per_floor":[59,59,59,59,59,59,41,34,34,19,10,7,7,7,26,8,52,42,16,0,0],"gold":230,"neow_bonus":"THREE_ENEMY_KILL","is_daily":false,"chose_seed":false,"campfire_upgraded":1,"win_rate":0.0,"timestamp":1612414124,"path_taken":["M","?","M","$","?","R","?","?","T","E","M","E","M","?","R","BOSS","M","?","M"],"items_purchased_type":["Card"],"build_version":"2020-12-22","purchased_purges":1,"victory":false,"max_hp_per_floor":[66,66,66,66,66,66,66,66,66,66,66,66,66,66,66,66,66,66,66,66,66],"card_choices":[{"not_picked":["Reflex","Quick Slash"],"picked":"Blade Dance","floor":1.0},{"not_picked":["Cloak And Dagger","Expertise"],"picked":"Dagger Spray","floor":3.0},{"not_picked":["Quick Slash","Poisoned Stab"],"picked":"Endless Agony","floor":5.0},{"not_picked":["Eviscerate","Calculated Gamble"],"picked":"After Image","floor":10.0},{"not_picked":["Noxious Fumes","Prepared"],"picked":"Predator","floor":11.0},{"not_picked":["Deflect","Caltrops","Slice"],"picked":"SKIP","floor":12.0},{"not_picked":["Underhanded Strike","Skewer","Distraction"],"picked":"SKIP","floor":13.0},{"not_picked":["Glass Knife","Adrenaline"],"picked":"Phantasmal Killer","floor":16.0},{"not_picked":["Dodge and Roll","Distraction"],"picked":"Infinite Blades+1","floor":18.0},{"not_picked":["Crippling Poison","Setup"],"picked":"Acrobatics+1","floor":19}],"player_experience":1106566,"relics_obtained":[{"floor":9.0,"key":"Pocketwatch"},{"floor":10.0,"key":"Happy Flower"},{"floor":12.0,"key":"Whetstone"}],"event_choices":[{"cards_removed":["Strike_G"],"damage_healed":0.0,"max_hp_gain":0.0,"max_hp_loss":0.0,"gold_gain":0.0,"event_name":"Bonfire Elementals","player_choice":"Offered Basic","floor":2.0,"gold_loss":0.0,"damage_taken":0.0},{"damage_healed":0.0,"max_hp_gain":0.0,"max_hp_loss":0.0,"gold_gain":0.0,"event_name":"Scrap Ooze","player_choice":"Success","floor":7.0,"gold_loss":0.0,"damage_taken":18.0,"relics_obtained":["The Specimen"]},{"cards_removed":["Strike_G"],"damage_healed":0.0,"max_hp_gain":0.0,"max_hp_loss":0.0,"gold_gain":0.0,"event_name":"Golden Wing","player_choice":"Card Removal","floor":8.0,"gold_loss":0.0,"damage_taken":7.0},{"damage_healed":0.0,"max_hp_gain":0.0,"max_hp_loss":0.0,"gold_gain":0.0,"event_name":"Upgrade Shrine","player_choice":"Upgraded","floor":14.0,"gold_loss":0.0,"damage_taken":0.0,"cards_upgraded":["Blade Dance"]}],"is_beta":false,"boss_relics":[{"not_picked":["Philosopher\u0027s Stone","Tiny House"],"picked":"Black Star"}],"items_purged_floors":[4],"is_endless":false,"potions_floor_spawned":[1,11],"killed_by":"Snecko","ascension_level":20}}