{"host":"rzpi613efy9j52u4","time":1612456383,"event":{"mods":["Aspiration","BaseMod","BetterRewards","Colored Powertips","Custom Start","Dio Mod","Downfall","Googly Eyes","Hubris","Infinite Spire","Jorbs\u0027s Wanderer Trilogy","Minty Spire (QoL Compilation)","Rare Cards Sparkle","Reliquary","Shop Mod","StSLib","The Cursed","The Disciple","The Hierophant","The Necromancer","The Poker Player","Waifu the Spire"],"gold_per_floor":[565,288,388,519,645,822,822,963,1018,1018,852,852,649,649,649,872,872,1026,1026,727,642,642,834,834,997,997,997,997,642,852,620,620,915,915,1103,1103,1103,1003,1003,1291,1291,1291,1291,1291,1045,1233,1482,1694,1694,1694],"floor_reached":51,"language":"ENG","playtime":4183,"items_purged":[],"score":980,"play_id":"43cba1ff-43f2-4b06-824e-60656eeb357b","local_time":"20210204113303","is_ascension_mode":false,"campfire_choices":[{"data":"1","floor":7,"key":"LIFT"},{"data":"2","floor":10,"key":"LIFT"},{"data":"3","floor":12,"key":"LIFT"},{"floor":32,"key":"DIG"},{"floor":44,"key":"DIG"},{"floor":49,"key":"DIG"}],"circlet_count":0,"master_deck":["hierophant:Determination+1","hierophant:Invocation+1","hierophant:HolyVerse+1","hierophant:HolyVerse+1","hierophant:Patience+1","hierophant:Community","hierophant:Levitation","hierophant:Invocation","hierophant:Charity","hierophant:BulkyChest","hierophant:DivineIntervention","hierophant:DivineIntervention","hierophant:Rebuild","hierophant:SecretStash","hierophant:Exaltation","hierophant:TollTheBells","hierophant:RecallFunds","hierophant:Repentance","hierophant:Repentance","hierophant:Embezzle","hierophant:PristineSoul","hierophant:PristineSoul","hierophant:ConvertCurrency","hierophant:MorningPrayer+1","hierophant:HolyVerse+1","hierophant:HolyVerse","hierophant:HolyVerse","hierophant:HolyVerse","hierophant:Doubloon","hierophant:Doubloon","hierophant:Doubloon","hierophant:Doubloon","hierophant:RustyCrate","hierophant:RustyCrate","hierophant:Anathema","hierophant:Upheaval","hierophant:CoinFling","hierophant:Purify","hierophant:SealAway","hierophant:PassingBell+1","hierophant:PassingBell","hierophant:Smite+1","hierophant:Smite","hierophant:Zeal","hierophant:ChurchCoffers+1","hierophant:Defend_Hierophant","hierophant:Defend_Hierophant","hierophant:Defend_Hierophant","hierophant:Defend_Hierophant","hierophant:Defend_Hierophant","hierophant:Defend_Hierophant","hierophant:Strike_Hierophant","hierophant:Strike_Hierophant","hierophant:Strike_Hierophant","hierophant:Strike_Hierophant","hierophant:Strike_Hierophant","hierophant:Strike_Hierophant","hierophant:Community+1","Master of Strategy+1","hierophant:HolyVerse+1","hierophant:Doubloon+1","hierophant:Charity+1","hierophant:MorningPrayer+1","hierophant:Doubloon+1","hierophant:RecallFunds+1","hierophant:Doubloon+1","hierophant:PassingBell","hierophant:Rebuild+1","hierophant:LocustPlague","hierophant:Kindle+1","hierophant:Zeal+1","hierophant:Doubloon+1","hierophant:Charity+1","hierophant:EyeForCoin+1","hierophant:FaithHealing+1","hierophant:Charity+1","hierophant:Doubloon+1","hierophant:Doubloon+1","hierophant:Racketeering+1","hierophant:Doubloon+1","hierophant:Smite","hierophant:DivineIntervention+1","hierophant:Doubloon+1","hierophant:Flagellation+1","hubris:Insight+1","hierophant:HammerAndAnvil+1","hierophant:HolyVerse+1","Bandage Up+1","hierophant:SealAway","hierophant:Doubloon+1","hierophant:ThreeLashes","hierophant:Doubloon+1","hierophant:HolyVerse+1","hierophant:HolyVerse+1"],"relics":["hierophant:PropheticMaskRelic","hubris:TenFootPole","aspiration:AnachronicSnailShell","stsjorbsmod:AlchemistsFireRelic","Anchor","Ancient Tea Set","Bag of Preparation","Burning Blood","hubris:CuriousFeather","hierophant:DonationBoxRelic","Dream Catcher","PokerPlayerMod:EnergeticBat","aspiration:FetidBarrel","champ:FightingForDummies","aspiration:HummingbirdHeart","Ice Cream","HoveringKite","HornCleat","reliquary:HotPoker","hubris:HollowSoul","hubris:IronBody","reliquary:JackalopeAntler","Lizard Tail","Lee\u0027s Waffle","Letter Opener","Lantern","Kunai","reliquary:Knoch","Gremlin Horn","CaptainsWheel","infinitespire:EmpoweringShard","Ginger","Girya","Happy Flower","Incense Burner","Medical Kit","hubris:MedicalManual","Meat on the Bone","Matryoshka","Mango","Pear","Orichalcum","Ornamental Fan","Omamori","Old Coin","hubris:OldNail","Oddly Smooth Stone","Nunchaku","Pantograph","Paper Crane","Paper Frog","Paper Turtyl","Pen Nib","hierophant:PropheticMaskRelic","PreservedInsect","Potion Belt","reliquary:RadioactivePellet","Toxic Egg 2","WristBlade","WingedGreaves","White Beast Statue","Whetstone","Vampire_Amulet","dioMod:VampireBlood","Vajra","Torii","Boot","SacredBark","hubris:ScarierMask","infinitespire:Satchel","Red Skull","Regal Pillow","Membership Card","MealTicket","MawBank","aspiration:HatOfInfinitePower","Black Star","Calipers","hubris:CrystalStatue","hubris:EmptyBottle","infinitespire:ShieldingShard","The Specimen","TwistedFunnel","Guardian:StasisSlotReductionRelic","hexamod:IceCube","infinitespire:WardingShard","TungstenRod","reliquary:TuningFork","Tiny Chest","Thread and Needle","reliquary:Stiletto","StoneCalendar","hubris:TerracottaHorce","Smiling Mask","Shuriken","Philosopher\u0027s Stone","FossilizedHelix","infinitespire:FocusingShard","Frozen Egg 2","Magic Flower","aspiration:Lifesprig","Chemical X","Blood Vial","TheCursedMod:BloodyHarpoon","Bird Faced Urn","champ:BerserkersGuideToSlaughter","Bag of Marbles","aspiration:ArtOfWarUpgrade","Question Card","reliquary:Buckler","reliquary:RosewoodLute","Slimebound:PreparedRelic","hubris:ToyBattleship","Shovel","aspiration:TomeofQuesting","reliquary:Bookmark","infinitespire:Cupcake","infinitespire:Lucky Rock","Bottled Lightning","hubris:64BitClover","Centennial Puzzle","aspiration:Nostalgia","Chronometer","hubris:MobiusCoin","bronze:BronzeIdol","bronze:DecasWashers","Juzu Bracelet","infinitespire:CheckeredPen","War Paint","reliquary:BrokenClock","reliquary:PurpleTingedLeaf","Akabeko","Unceasing Top","Guardian:PocketSentry","hubris:BottledRain","Slimebound:StickyStick","reliquary:WritOfMandamus","hexamod:CandleOfCauterizing","infinitespire:Joker Card","hubris:Teleporter","Bronze Scales","Mercury Hourglass","infinitespire:Beetle Shell","reliquary:PartyBalloon","Toolbox","reliquary:SilkGlove"],"acts_visited":["Exordium","TheCity","TheBeyond"],"potions_floor_usage":[],"damage_taken":[{"damage":0,"enemies":"Jaw Worm","floor":1,"turns":2},{"damage":0,"enemies":"infinitespire:Voidling","floor":4,"turns":1},{"damage":0,"enemies":"Cultist","floor":5,"turns":2},{"damage":0,"enemies":"Gremlin Nob","floor":6,"turns":2},{"damage":0,"enemies":"Lots of Slimes","floor":8,"turns":1},{"damage":0,"enemies":"Slime Boss","floor":16,"turns":2},{"damage":0,"enemies":"Spheric Guardian","floor":18,"turns":2},{"damage":0,"enemies":"Slavers","floor":23,"turns":1},{"damage":0,"enemies":"Shell Parasite","floor":25,"turns":1},{"damage":0,"enemies":"Gremlin Leader","floor":30,"turns":2},{"damage":0,"enemies":"Automaton","floor":33,"turns":2},{"damage":0,"enemies":"3 Shapes","floor":35,"turns":1},{"damage":0,"enemies":"Giant Head","floor":40,"turns":1},{"damage":0,"enemies":"Orb Walker","floor":46,"turns":1},{"damage":0,"enemies":"Sphere and 2 Shapes","floor":47,"turns":1},{"damage":0,"enemies":"3 Darklings","floor":48,"turns":1},{"damage":0,"enemies":"Awakened One","floor":50,"turns":1}],"seed_played":"-8734934217312248079","potions_obtained":[{"floor":1,"key":"sneckomod:MuddlingPotion"},{"floor":4,"key":"GamblersBrew"},{"floor":5,"key":"FearPotion"},{"floor":6,"key":"DuplicationPotion"},{"floor":8,"key":"ColorlessPotion"},{"floor":16,"key":"PowerPotion"},{"floor":23,"key":"LiquidBronze"},{"floor":47,"key":"Block Potion"},{"floor":48,"key":"LiquidMemories"}],"is_trial":true,"path_per_floor":["M","$","?","M","M","E","R","M","T","R","$","R","$","?","R","B",null,"M","T","$","?","?","E","R","M","T","?","T","$","E","$","R","B",null,"M","?","?","NS","T","E","AVR","R","T","R","$","M","M","M","R","B",null],"character_chosen":"HIEROPHANT","items_purchased":["Art of War","Question Card","Master of Strategy+1","Shovel","hierophant:Doubloon+1","aspiration:TomeofQuesting","hierophant:PassingBell","hierophant:Rebuild+1","reliquary:Bookmark","hubris:64BitClover","Centennial Puzzle","aspiration:Nostalgia","War Paint","reliquary:BrokenClock","reliquary:PurpleTingedLeaf","hierophant:FaithHealing+1","hierophant:Charity+1","Guardian:PocketSentry","hubris:BottledRain","hierophant:Doubloon+1","hierophant:Smite","reliquary:PartyBalloon","Toolbox","hierophant:HolyVerse+1","Bandage Up+1","hierophant:SealAway"],"campfire_rested":0,"item_purchase_floors":[2,2,2,11,11,13,13,13,13,20,20,20,29,29,29,29,29,31,31,31,31,45,45,45,45,45],"current_hp_per_floor":[106,106,106,106,106,106,106,106,106,106,106,106,106,106,106,106,106,106,106,106,106,106,106,106,106,106,106,106,106,106,106,106,106,106,106,106,106,106,106,106,106,106,106,106,106,106,106,106,106,106],"gold":1694,"neow_bonus":"","is_daily":false,"chose_seed":false,"campfire_upgraded":0,"win_rate":0.0,"timestamp":1612456383,"path_taken":["M","$","?","M","?","E","R","M","T","R","$","R","$","?","R","BOSS","M","?","$","?","?","E","R","M","T","?","?","$","E","?","R","BOSS","M","?","?","NS","?","E","AVR","R","T","R","?","M","M","M","R","BOSS"],"items_purchased_type":["Relic","Relic","Card","Relic","Card","Relic","Card","Card","Relic","Relic","Relic","Relic","Relic","Relic","Relic","Card","Card","Relic","Relic","Card","Card","Relic","Relic","Card","Card","Card"],"build_version":"2020-12-13","purchased_purges":0,"victory":true,"max_hp_per_floor":[106,106,106,106,106,106,106,106,106,106,106,106,106,106,106,106,106,106,106,106,106,106,106,106,106,106,106,106,106,106,106,106,106,106,106,106,106,106,106,106,106,106,106,106,106,106,106,106,106,106],"card_choices":[{"not_picked":["hierophant:Endure+1","hierophant:RustyCrate+1"],"picked":"hierophant:Community+1","floor":1},{"not_picked":["hierophant:TollTheBells+1","hierophant:Community+1","hierophant:AuricShield+1"],"picked":"hierophant:HolyVerse+1","floor":4},{"not_picked":["hierophant:Community+1","hierophant:OrnateBuckler+1","hierophant:ThreeLashes"],"picked":"hierophant:Charity+1","floor":5},{"not_picked":["hierophant:Purify","hierophant:Determination+1","hierophant:Blessing+1"],"picked":"hierophant:MorningPrayer+1","floor":6},{"not_picked":["hierophant:SealAway","hierophant:TollTheBells+1","hierophant:WrathOfGod"],"picked":"hierophant:RecallFunds+1","floor":8},{"not_picked":["hierophant:Cornucopia+1","hierophant:MintersHammer","hierophant:LocustPlague"],"picked":"hierophant:Kindle+1","floor":16},{"not_picked":["hierophant:CursedGold+1","hierophant:FlamingChariot","hierophant:Encroach+1"],"picked":"hierophant:Zeal+1","floor":18},{"not_picked":["hierophant:OrnateBuckler+1","hierophant:Sermon+1","hierophant:PristineSoul+1"],"picked":"hierophant:Charity+1","floor":23},{"not_picked":["hierophant:Martyrdom+1","hierophant:Remorse+1","hierophant:Embezzle+1"],"picked":"hierophant:EyeForCoin+1","floor":25},{"not_picked":["hierophant:Dazzle+1","hierophant:Shelter+1","hierophant:PassingBell"],"picked":"hierophant:Racketeering+1","floor":30},{"not_picked":["hierophant:MintersHammer","hierophant:Anathema","hierophant:Kindle+1"],"picked":"hierophant:DivineIntervention+1","floor":33},{"not_picked":["hierophant:Racketeering+1","hierophant:ThreeLashes+1","hierophant:Refuge+1"],"picked":"hierophant:Flagellation+1","floor":35},{"not_picked":["Forethought+1","Madness+1","Transmutation+1"],"picked":"hubris:Insight+1","floor":37},{"not_picked":["hierophant:DisplayOfPower+1","hierophant:Racketeering+1","hierophant:SealAway+1"],"picked":"hierophant:HammerAndAnvil+1","floor":40},{"not_picked":["hierophant:FlamingChariot","hierophant:DisplayOfPower+1","hierophant:ArchangelShield+1"],"picked":"hierophant:ThreeLashes","floor":46},{"not_picked":["hierophant:RecallFunds+1","hierophant:ThreeLashes+1","hierophant:MorningPrayer+1"],"picked":"hierophant:HolyVerse+1","floor":47},{"not_picked":["hierophant:Zeal","hierophant:Prophecy+1","hierophant:ArchangelShield+1"],"picked":"hierophant:HolyVerse+1","floor":48}],"player_experience":103553,"relics_obtained":[{"floor":6,"key":"reliquary:Buckler"},{"floor":6,"key":"reliquary:RosewoodLute"},{"floor":9,"key":"Slimebound:PreparedRelic"},{"floor":9,"key":"hubris:ToyBattleship"},{"floor":19,"key":"infinitespire:Lucky Rock"},{"floor":19,"key":"Bottled Lightning"},{"floor":23,"key":"bronze:BronzeIdol"},{"floor":23,"key":"bronze:DecasWashers"},{"floor":26,"key":"Juzu Bracelet"},{"floor":28,"key":"infinitespire:CheckeredPen"},{"floor":30,"key":"Akabeko"},{"floor":30,"key":"Unceasing Top"},{"floor":32,"key":"Slimebound:StickyStick"},{"floor":39,"key":"hexamod:CandleOfCauterizing"},{"floor":40,"key":"infinitespire:Joker Card"},{"floor":40,"key":"hubris:Teleporter"},{"floor":43,"key":"Mercury Hourglass"},{"floor":44,"key":"infinitespire:Beetle Shell"},{"floor":49,"key":"reliquary:SilkGlove"}],"event_choices":[{"damage_healed":0,"gold_gain":100,"player_choice":"Gold","damage_taken":0,"max_hp_gain":0,"max_hp_loss":0,"event_name":"Wheel of Change","floor":3,"gold_loss":0},{"damage_healed":0,"gold_gain":0,"player_choice":"1 cards matched","damage_taken":0,"max_hp_gain":0,"max_hp_loss":0,"event_name":"Match and Keep!","floor":14,"gold_loss":0,"cards_obtained":["hierophant:LocustPlague"]},{"damage_healed":0,"gold_gain":0,"player_choice":"Obtained Relic","damage_taken":0,"relics_obtained":["hubris:MobiusCoin"],"max_hp_gain":0,"max_hp_loss":0,"event_name":"Addict","floor":21,"gold_loss":85},{"damage_healed":0,"gold_gain":0,"player_choice":"Memory 1","damage_taken":0,"max_hp_gain":0,"max_hp_loss":0,"event_name":"SensoryStone","floor":37,"gold_loss":0}],"is_beta":false,"boss_relics":[{"not_picked":["hubris:HollowSoul","bronze:MakeshiftBattery"],"picked":"infinitespire:Cupcake"},{"not_picked":["hubris:GrandSneckoEye","aspiration:RitualDagger"],"picked":"reliquary:WritOfMandamus"}],"items_purged_floors":[],"is_endless":false,"potions_floor_spawned":[1,4,5,6,8,16,18,23,25,30,33,35,40,46,47,48],"ascension_level":0}}