{"host":"n43wxkei7kulhi8o","time":1612474051,"event":{"mods":["BaseMod","Bestiary","Block Reminder","Colored Map","Colored Powertips","Curses Come First","Custom Start","Dark Map","Highlight Path","Minty Spire (QoL Compilation)","Relic Stats","StSLib"],"gold_per_floor":[111,111,76,88,88,88,103,52,75,90,106,116,116,147,147,248,248,258,273,293,166,182,211,211,244,244,244,244,260,186,205,205,305,305,315,70,82,42,57,57,57,74,97,97,97,109,109,121,121,121,121],"floor_reached":50,"language":"ENG","playtime":2039,"items_purged":["Blizzard"],"score":486,"play_id":"a6c9668d-438d-4ed5-b170-7a1a4e058a84","local_time":"20210204162731","is_ascension_mode":false,"campfire_choices":[{"data":"Zap","floor":6,"key":"SMITH"},{"floor":13,"key":"REST"},{"floor":15,"key":"REST"},{"floor":24,"key":"REST"},{"floor":27,"key":"REST"},{"floor":32,"key":"REST"},{"data":"Capacitor","floor":40,"key":"SMITH"},{"floor":45,"key":"REST"},{"data":"Thunder Strike","floor":47,"key":"SMITH"},{"floor":49,"key":"REST"}],"circlet_count":0,"master_deck":["Strike_B","Strike_B","Defend_B","Defend_B","Defend_B+1","Zap+1","Dualcast","Capacitor+1","Ball Lightning","Core Surge+1","Sweeping Beam+1","Cold Snap+1","Tempest","Leap","Thunder Strike+1","Multi-Cast","Glacier+1","Fusion+1","Barrage+1","White Noise","Capacitor"],"relics":["Cracked Core","Bag of Marbles","Bag of Preparation","Omamori","Orichalcum","Cursed Key","Dead Branch","Blue Candle","HornCleat","Astrolabe","Regal Pillow","Smiling Mask"],"acts_visited":["Exordium","TheCity","TheBeyond"],"potions_floor_usage":[23,25,33,33,33,50,50,50],"damage_taken":[{"damage":2,"enemies":"Small Slimes","floor":1,"turns":3},{"damage":5,"enemies":"2 Louse","floor":4,"turns":2},{"damage":1,"enemies":"Jaw Worm","floor":7,"turns":2},{"damage":2,"enemies":"Blue Slaver","floor":10,"turns":2},{"damage":23,"enemies":"Lots of Slimes","floor":11,"turns":4},{"damage":7,"enemies":"Gremlin Gang","floor":12,"turns":3},{"damage":26,"enemies":"Lagavulin","floor":14,"turns":6},{"damage":43,"enemies":"The Guardian","floor":16,"turns":11},{"damage":4,"enemies":"Chosen","floor":18,"turns":5},{"damage":5,"enemies":"Spheric Guardian","floor":19,"turns":3},{"damage":4,"enemies":"Snecko","floor":20,"turns":4},{"damage":12,"enemies":"Cultist and Chosen","floor":22,"turns":5},{"damage":32,"enemies":"Slavers","floor":23,"turns":4},{"damage":27,"enemies":"Gremlin Leader","floor":25,"turns":8},{"damage":10,"enemies":"3 Cultists","floor":29,"turns":5},{"damage":4,"enemies":"Snake Plant","floor":31,"turns":3},{"damage":37,"enemies":"Collector","floor":33,"turns":7},{"damage":0,"enemies":"Orb Walker","floor":35,"turns":4},{"damage":12,"enemies":"3 Darklings","floor":37,"turns":6},{"damage":8,"enemies":"4 Shapes","floor":39,"turns":5},{"damage":18,"enemies":"Transient","floor":42,"turns":5},{"damage":15,"enemies":"Sphere and 2 Shapes","floor":46,"turns":6},{"damage":2,"enemies":"4 Shapes","floor":48,"turns":5},{"damage":76,"enemies":"Awakened One","floor":50,"turns":18}],"seed_played":"-7133231278423345489","potions_obtained":[{"floor":10,"key":"SmokeBomb"},{"floor":11,"key":"Ancient Potion"},{"floor":16,"key":"GamblersBrew"},{"floor":20,"key":"Strength Potion"},{"floor":23,"key":"Weak Potion"},{"floor":25,"key":"LiquidMemories"},{"floor":33,"key":"BlessingOfTheForge"},{"floor":46,"key":"FocusPotion"}],"is_trial":false,"path_per_floor":["M","?","?","M","$","R","M","$","T","M","M","M","R","E","R","B",null,"M","M","M","$","M","E","R","E","T","R","?","M","$","M","R","B",null,"M","$","M","?","M","R","$","M","T","$","R","M","R","M","R","B"],"character_chosen":"DEFECT","items_purchased":["Ball Lightning","FocusPotion","PotionOfCapacity","Regal Pillow","Swift Potion","PowerPotion"],"campfire_rested":7,"item_purchase_floors":[8,21,30,36,36,36],"current_hp_per_floor":[73,66,75,70,70,70,69,69,69,67,44,37,59,33,55,12,75,71,66,62,62,50,18,40,13,13,35,35,25,25,21,43,6,75,75,75,63,63,55,55,55,37,37,37,74,59,59,57,75,0,0],"gold":121,"neow_bonus":"RANDOM_COMMON_RELIC","is_daily":false,"chose_seed":false,"campfire_upgraded":3,"win_rate":0.0,"timestamp":1612474051,"path_taken":["M","?","?","M","$","R","M","$","T","M","M","M","R","E","R","BOSS","M","M","M","$","M","E","R","E","T","R","?","M","$","M","R","BOSS","M","$","M","?","?","R","?","M","T","$","R","M","R","M","R","BOSS"],"items_purchased_type":["Card","Potion","Potion","Relic","Potion","Potion"],"build_version":"2020-12-22","purchased_purges":1,"victory":false,"max_hp_per_floor":[75,75,75,75,75,75,75,75,75,75,75,75,75,75,75,75,75,75,75,75,75,75,75,75,75,75,75,75,75,75,75,75,75,75,75,75,75,75,75,75,75,75,75,75,75,75,75,75,75,75,75],"relic_stats":{"Regal Pillow":15,"counters":[24,126],"Dead Branch":[40],"Blue Candle":[0],"Astrolabe":["Glacier","Fusion","Barrage"],"Bag of Preparation":[46],"Orichalcum":[192],"Cursed Key":2,"Smiling Mask":0,"obtain_stats":[{"Regal Pillow":36,"HornCleat":26,"Dead Branch":23,"Blue Candle":25,"Astrolabe":34,"Bag of Marbles":0,"Bag of Preparation":2,"Omamori":9,"Orichalcum":14,"Cracked Core":0,"Cursed Key":17,"Smiling Mask":43},{"Regal Pillow":18,"HornCleat":14,"Dead Branch":13,"Blue Candle":14,"Astrolabe":17,"Bag of Marbles":0,"Bag of Preparation":1,"Omamori":3,"Orichalcum":7,"Cracked Core":0,"Cursed Key":8,"Smiling Mask":21},{"Regal Pillow":81,"HornCleat":62,"Dead Branch":54,"Blue Candle":62,"Astrolabe":77,"Bag of Marbles":0,"Bag of Preparation":3,"Omamori":7,"Orichalcum":22,"Cracked Core":0,"Cursed Key":33,"Smiling Mask":97}]},"card_choices":[{"not_picked":["Redo","Heatsinks"],"picked":"Capacitor","floor":1},{"not_picked":["FTL","Lockon"],"picked":"Blizzard","floor":4},{"not_picked":["Self Repair","Go for the Eyes","Fusion"],"picked":"SKIP","floor":7},{"not_picked":["Go for the Eyes","Gash","Stack"],"picked":"SKIP","floor":10},{"not_picked":["Chill","Beam Cell","Hologram"],"picked":"SKIP","floor":11},{"not_picked":["Streamline","Rebound","Reinforced Body"],"picked":"SKIP","floor":12},{"not_picked":["Rainbow","Compile Driver"],"picked":"Core Surge","floor":14},{"not_picked":["Gash","BootSequence"],"picked":"Sweeping Beam+1","floor":18},{"not_picked":["Steam Power","Undo"],"picked":"Cold Snap+1","floor":19},{"not_picked":["Sunder","Hologram"],"picked":"Tempest","floor":20},{"not_picked":["Sweeping Beam","Rebound+1","Stack+1"],"picked":"SKIP","floor":22},{"not_picked":["Streamline","Compile Driver"],"picked":"Leap","floor":23},{"not_picked":["Fission","Gash"],"picked":"Thunder Strike","floor":25},{"not_picked":["Beam Cell","Rebound+1","Barrage"],"picked":"SKIP","floor":29},{"not_picked":["Self Repair","Undo+1","Streamline+1"],"picked":"SKIP","floor":31},{"not_picked":["Fission","All For One"],"picked":"Multi-Cast","floor":33},{"not_picked":["Coolheaded+1","Ball Lightning"],"picked":"White Noise","floor":35},{"not_picked":["Undo+1","Steam Power","Stack+1"],"picked":"SKIP","floor":37},{"not_picked":["Sweeping Beam+1","Undo+1","Steam+1"],"picked":"SKIP","floor":39},{"not_picked":["Gash","All For One"],"picked":"Capacitor","floor":42},{"not_picked":["Leap+1","Aggregate","Steam+1"],"picked":"SKIP","floor":46},{"not_picked":["Rip and Tear+1","Rebound+1","Streamline"],"picked":"SKIP","floor":48}],"player_experience":675697,"relics_obtained":[{"floor":9,"key":"Omamori"},{"floor":14,"key":"Orichalcum"},{"floor":23,"key":"Dead Branch"},{"floor":25,"key":"Blue Candle"},{"floor":26,"key":"HornCleat"},{"floor":43,"key":"Smiling Mask"}],"event_choices":[{"damage_healed":0,"gold_gain":0,"player_choice":"Success","damage_taken":7,"relics_obtained":["Bag of Preparation"],"max_hp_gain":0,"max_hp_loss":0,"event_name":"Scrap Ooze","floor":2,"gold_loss":0},{"damage_healed":18,"gold_gain":0,"player_choice":"Healed","damage_taken":0,"max_hp_gain":0,"max_hp_loss":0,"event_name":"The Cleric","floor":3,"gold_loss":35},{"damage_healed":0,"gold_gain":0,"player_choice":"Ignored","damage_taken":0,"max_hp_gain":0,"max_hp_loss":0,"event_name":"Cursed Tome","floor":28,"gold_loss":0},{"damage_healed":0,"gold_gain":0,"player_choice":"Upgraded Two","damage_taken":0,"max_hp_gain":0,"max_hp_loss":0,"event_name":"Designer","floor":38,"gold_loss":40,"cards_upgraded":["Defend_B","Core Surge"]}],"is_beta":false,"boss_relics":[{"not_picked":["SlaversCollar","Ectoplasm"],"picked":"Cursed Key"},{"not_picked":["Fusion Hammer","FrozenCore"],"picked":"Astrolabe"}],"items_purged_floors":[21],"is_endless":false,"potions_floor_spawned":[10,11,16,18,20,23,25,33,37,46],"killed_by":"Awakened One","ascension_level":0}}