{"host":"rnjhaewkefy4rz3c","time":1612406305,"event":{"mods":["2.2 Compatiblity","AchievementEnabler","BaseMod","CCEM2","Colored Map","Downfall","Minty Spire (QoL Compilation)","Permanent Neow","StS++","StSLib"],"gold_per_floor":[110,110,120,138,63,96,96,129,129,145,179,10,35,46,46,149,149,168,68,0,0,19,19,19,32,80,121,121,145,145,0,0,108,108,130,52,73,97,97,97,116,157,182,191,210,231,274,333,333,333],"floor_reached":51,"language":"ENG","playtime":4273,"items_purged":["Slimebound:Strike_Slimebound","Slimebound:Strike_Slimebound","Slimebound:Split"],"score":878,"play_id":"77c5bfcd-6e78-44e1-baf9-49245ad7f70f","local_time":"20210203223825","is_ascension_mode":true,"campfire_choices":[{"data":"Slimebound:CorrosiveSpit","floor":7,"key":"SMITH"},{"floor":15,"key":"REST"},{"data":"Slimebound:OozeBath","floor":23,"key":"SMITH"},{"floor":28,"key":"REST"},{"floor":30,"key":"REST"},{"floor":32,"key":"REST"},{"data":"Slimebound:Dissolve","floor":40,"key":"SMITH"},{"data":"Slimebound:Darklings","floor":49,"key":"SMITH"}],"circlet_count":0,"master_deck":["Slimebound:Strike_Slimebound","Slimebound:Tackle","Slimebound:Defend_Slimebound","Slimebound:Defend_Slimebound","Slimebound:Defend_Slimebound","Slimebound:CorrosiveSpit+1","Slimebound:RollThrough","Slimebound:Dissolve","Slimebound:Dissolve","Slimebound:LivingWall","Slimebound:ViciousTackle","Slimebound:Gluttony+1","Slimebound:Recollect","Slimebound:MassFeed","Slimebound:ComboTackle","Slimebound:MegaLick","Slimebound:GoopTackle","Slimebound:OozeBath+1","Slimebound:LivingWall","Slimebound:TongueLash+1","Slimebound:OozeBath+1","Slimebound:Dissolve+1","Slimebound:LivingWall","Slimebound:SpikyOuterGoop+1","Slimebound:LeechLife","Slimebound:Grow+1","Slimebound:FlameTackle","Slimebound:SamplingLick+1","Slimebound:HauntingLick+1","Slimebound:TongueLash","Slimebound:MassFeed","Slimebound:Darklings+1","Slimebound:Schlurp+1","Slimebound:SpikyOuterGoop+1","Slimebound:Chomp+1","Slimebound:SplitSpecialist+1"],"relics":["Slimebound:AbsorbEndCombat","NeowsBlessing","Shuriken","Darkstone Periapt","Frozen Egg 2","Unceasing Top","CCEMRelics:HeirloomTomato","CCEMRelics:DarkMatter","Smiling Mask","CeramicFish","CCEMRelics:SpiritsEdge","Slimebound:TarBlob","CCEMRelics:D6","CCEMRelics:CanOfSoda","Mercury Hourglass","CCEMRelics:CarbonFilter"],"acts_visited":["Exordium","TheCity","TheBeyond"],"potions_floor_usage":[6,8,8,8,14,16,22,27,27,33,45,46,50],"damage_taken":[{"damage":0.0,"enemies":"Cultist","floor":1.0,"turns":1.0},{"damage":0.0,"enemies":"Jaw Worm","floor":3.0,"turns":1.0},{"damage":0,"enemies":"Small Slimes","floor":4,"turns":2},{"damage":34,"enemies":"Gremlin Nob","floor":6,"turns":4},{"damage":17,"enemies":"Lagavulin","floor":8,"turns":6},{"damage":0,"enemies":"2 Fungi Beasts","floor":10,"turns":3},{"damage":22,"enemies":"3 Sentries","floor":11,"turns":6},{"damage":16,"enemies":"Lagavulin","floor":13,"turns":5},{"damage":3,"enemies":"Gremlin Gang","floor":14,"turns":2},{"damage":12,"enemies":"The Guardian","floor":16,"turns":11},{"damage":30,"enemies":"2 Thieves","floor":18,"turns":4},{"damage":0,"enemies":"Spheric Guardian","floor":22,"turns":3},{"damage":11,"enemies":"Chosen and Byrds","floor":25,"turns":4},{"damage":61,"enemies":"Gremlin Leader","floor":27,"turns":5},{"damage":14,"enemies":"Centurion and Healer","floor":29,"turns":5},{"damage":65,"enemies":"Collector","floor":33,"turns":9},{"damage":53,"enemies":"3 Darklings","floor":35,"turns":10},{"damage":1,"enemies":"Orb Walker","floor":37,"turns":3},{"damage":30,"enemies":"4 Shapes","floor":38,"turns":4},{"damage":12,"enemies":"Writhing Mass","floor":41,"turns":5},{"damage":49,"enemies":"Nemesis","floor":42,"turns":5},{"damage":19,"enemies":"Nemesis","floor":44,"turns":7},{"damage":17,"enemies":"Transient","floor":45,"turns":5},{"damage":11,"enemies":"4 Shapes","floor":46,"turns":5},{"damage":8,"enemies":"Giant Head","floor":47,"turns":6},{"damage":3,"enemies":"Mind Bloom Boss Battle","floor":48,"turns":2},{"damage":62,"enemies":"Time Eater","floor":50,"turns":9}],"seed_played":"-7019965091157403315","potions_obtained":[{"floor":2.0,"key":"StSpp:InhibitionPotion"},{"floor":2.0,"key":"SpeedPotion"},{"floor":2.0,"key":"StSpp:ScatteredWeakPotion"},{"floor":6,"key":"FairyPotion"},{"floor":8,"key":"Slimebound:SlimedPotion"},{"floor":13,"key":"EssenceOfSteel"},{"floor":14,"key":"Explosive Potion"},{"floor":16,"key":"SteroidPotion"},{"floor":25,"key":"SkillPotion"},{"floor":29,"key":"Swift Potion"},{"floor":41,"key":"Fire Potion"},{"floor":42,"key":"Weak Potion"},{"floor":46,"key":"StSpp:ScatteredWeakPotion"},{"floor":47,"key":"Block Potion"}],"is_trial":false,"path_per_floor":["M","?","M","M","$","E","R","E","T","M","E","$","E","M","R","B",null,"M","$","?","?","M","R","?","M","T","E","R","M","R","$","R","B",null,"M","$","M","M","?","R","M","E","T","?","M","M","E","?","R","B",null],"character_chosen":"SLIMEBOUND","items_purchased":["Slimebound:MassFeed","Slimebound:ComboTackle","CCEMRelics:SpiritsEdge","Slimebound:FlameTackle"],"campfire_rested":4,"item_purchase_floors":[12,12,31,36],"current_hp_per_floor":[65,65,65,65,65,35,35,26,26,32,18,18,13,26,48,49,79,59,59,59,59,67,67,67,66,66,15,38,34,57,57,79,24,79,69,69,76,56,56,56,54,41,55,93,84,89,95,102,102,48],"gold":333,"neow_bonus":"THREE_ENEMY_KILL","is_daily":false,"chose_seed":false,"campfire_upgraded":4,"win_rate":0.0,"timestamp":1612406305,"path_taken":["M","?","M","M","$","E","R","E","T","M","E","$","E","M","R","BOSS","M","?","?","?","M","R","?","M","T","E","R","?","R","$","R","BOSS","M","$","M","M","?","R","M","E","T","?","M","M","E","?","R","BOSS"],"items_purchased_type":["Card","Card","Relic","Card"],"build_version":"2020-12-22","purchased_purges":3,"victory":true,"max_hp_per_floor":[65,65,65,65,65,65,65,65,65,65,65,65,70,76,76,79,79,79,79,79,79,79,79,79,79,79,79,79,79,79,79,79,79,79,79,79,79,79,79,79,79,79,93,93,93,99,99,102,102,102],"card_choices":[{"not_picked":["Slimebound:SplitLeeching","Slimebound:GoopSpray"],"picked":"Slimebound:RollThrough","floor":1.0},{"not_picked":["Slimebound:GrowthPunch","Slimebound:TongueLash"],"picked":"Slimebound:Dissolve","floor":3},{"not_picked":["Slimebound:Replication","Slimebound:ItLooksTasty"],"picked":"Slimebound:Dissolve","floor":4},{"not_picked":["Slimebound:Equalize","Slimebound:Nibble"],"picked":"Slimebound:LivingWall","floor":6},{"not_picked":["Slimebound:ServeAndProtect","Slimebound:HauntingLick"],"picked":"Slimebound:ViciousTackle","floor":8},{"not_picked":["Slimebound:DivideAndConquer","Slimebound:Schlurp"],"picked":"Slimebound:Gluttony+1","floor":10},{"not_picked":["Slimebound:SlimeSlap","Slimebound:SplitBruiser"],"picked":"Slimebound:Recollect","floor":11},{"not_picked":["Slimebound:SlimeBarrage","Slimebound:SplitMire"],"picked":"Slimebound:MegaLick","floor":13},{"not_picked":["Slimebound:LevelUp+1","Slimebound:SplitMire"],"picked":"Slimebound:GoopTackle","floor":14},{"not_picked":["Slimebound:CheckThePlaybook","Slimebound:MassFeed"],"picked":"Slimebound:OozeBath","floor":16},{"not_picked":["Slimebound:GrowthPunch","Slimebound:FinishingTackle","Slimebound:SplitLeeching+1"],"picked":"SKIP","floor":18},{"not_picked":["Slimebound:PressTheAttack+1","Slimebound:RollThrough"],"picked":"Slimebound:TongueLash+1","floor":22},{"not_picked":["Slimebound:LeechEnergy","Slimebound:GoopTackle"],"picked":"Slimebound:Dissolve","floor":25},{"not_picked":["Slimebound:SplitAcid+1","Slimebound:TagTeam"],"picked":"Slimebound:LivingWall","floor":27},{"not_picked":["Slimebound:FinishingTackle","Slimebound:GoopTackle"],"picked":"Slimebound:SpikyOuterGoop+1","floor":29},{"not_picked":["Slimebound:PrepareCrush","Slimebound:TagTeam"],"picked":"Slimebound:LeechLife","floor":33},{"not_picked":["Slimebound:SplitBruiser+1","Slimebound:LeechingTouch"],"picked":"Slimebound:Grow+1","floor":35},{"not_picked":["Slimebound:FlameTackle+1","Slimebound:LivingWall+1"],"picked":"Slimebound:SamplingLick+1","floor":37},{"not_picked":["Slimebound:PressTheAttack","Slimebound:Prepare+1"],"picked":"Slimebound:HauntingLick+1","floor":38},{"not_picked":["Slimebound:DisruptingSlam+1","Slimebound:HauntingLick"],"picked":"Slimebound:TongueLash","floor":41},{"not_picked":["Slimebound:SlimeTap+1","Slimebound:PressTheAttack"],"picked":"Slimebound:MassFeed","floor":42},{"not_picked":["Slimebound:ProtectTheBoss+1","Slimebound:SplitMire+1"],"picked":"Slimebound:Darklings","floor":44},{"not_picked":["Slimebound:GoopTackle","Slimebound:ViciousTackle"],"picked":"Slimebound:Schlurp+1","floor":45},{"not_picked":["Slimebound:HungryTackle","Slimebound:FormOfPuddle"],"picked":"Slimebound:SpikyOuterGoop+1","floor":46},{"not_picked":["Slimebound:SplitBruiser+1","Slimebound:FinishingTackle"],"picked":"Slimebound:Chomp+1","floor":47},{"not_picked":["Slimebound:FlameTackle","Slimebound:SlimeTap"],"picked":"Slimebound:SplitSpecialist+1","floor":48}],"player_experience":717813,"relics_obtained":[{"floor":6,"key":"Shuriken"},{"floor":8,"key":"Darkstone Periapt"},{"floor":9,"key":"Frozen Egg 2"},{"floor":11,"key":"Unceasing Top"},{"floor":13,"key":"CCEMRelics:HeirloomTomato"},{"floor":26,"key":"Smiling Mask"},{"floor":27,"key":"CeramicFish"},{"floor":42,"key":"CCEMRelics:D6"},{"floor":43,"key":"CCEMRelics:CanOfSoda"},{"floor":47,"key":"Mercury Hourglass"},{"floor":48,"key":"CCEMRelics:CarbonFilter"}],"event_choices":[{"damage_healed":0.0,"max_hp_gain":0.0,"max_hp_loss":0.0,"gold_gain":0.0,"event_name":"Lab","player_choice":"Got Potions","floor":2.0,"gold_loss":0.0,"damage_taken":0.0},{"damage_healed":0,"gold_gain":0,"player_choice":"Paid Fearfully","damage_taken":0,"max_hp_gain":0,"max_hp_loss":0,"event_name":"Masked Bandits","floor":20,"gold_loss":68},{"damage_healed":0,"gold_gain":0,"player_choice":"Read","damage_taken":0,"max_hp_gain":0,"max_hp_loss":0,"event_name":"The Library","floor":21,"gold_loss":0,"cards_obtained":["Slimebound:LivingWall"]},{"damage_healed":0,"gold_gain":0,"player_choice":"Copied","damage_taken":0,"max_hp_gain":0,"max_hp_loss":0,"event_name":"Duplicator","floor":24,"gold_loss":0,"cards_obtained":["Slimebound:OozeBath"]},{"cards_removed":["Slimebound:Defend_Slimebound"],"damage_healed":0,"gold_gain":0,"player_choice":"Removed Skill","damage_taken":0,"max_hp_gain":0,"max_hp_loss":0,"event_name":"Falling","floor":39,"gold_loss":0},{"damage_healed":0,"gold_gain":0,"player_choice":"Fight","damage_taken":0,"max_hp_gain":0,"max_hp_loss":0,"event_name":"MindBloom","floor":48,"gold_loss":0}],"is_beta":false,"boss_relics":[{"not_picked":["CCEMRelics:ExpiredCReal","Philosopher\u0027s Stone"],"picked":"CCEMRelics:DarkMatter"},{"not_picked":["Pandora\u0027s Box","Black Star"],"picked":"Slimebound:TarBlob"}],"items_purged_floors":[5,19,36],"is_endless":false,"potions_floor_spawned":[3,6,8,13,14,16,25,29,41,42,44,46,47],"ascension_level":2}}