{"host":"27c7lqff1bu0ydoz","time":1612468010,"event":{"mods":["AchievementEnabler","Act Like it!","Aspiration","BaseMod","Block Reminder","CapriCore","Conspire","Energized Spire","Friendly Minions","Gensokyo","GifTheSpireLib","Hubris","Infinite Spire","Koishi","Marisa????????","Minty Spire (QoL Compilation)","Rare Cards Sparkle","Reimu??????","Remilia??????","Replay The Spire","StSLib","The Immortal","The Servant 0.9.4","yUi"],"gold_per_floor":[119,119,171,171,191,191,2,31,31,31,43,43,43,43,43,143,143,157,176,192,202,217,217,233,233,233,233,233,245,264,276,276,276,276],"floor_reached":33,"language":"ENG","playtime":2729,"items_purged":[],"score":249,"play_id":"b6995fe6-ea39-4695-beef-96ecbe2a5a9a","local_time":"20210204204650","is_ascension_mode":false,"campfire_choices":[{"floor":6,"key":"REST"},{"floor":10,"key":"REST"},{"data":"UpSweep","floor":12,"key":"SMITH"},{"floor":15,"key":"REST"},{"floor":23,"key":"REST"},{"floor":25,"key":"REST"},{"floor":32,"key":"REST"}],"circlet_count":0,"master_deck":["Strike_MRS","Strike_MRS","Strike_MRS","Defend_MRS","Defend_MRS","Defend_MRS","Defend_MRS","MasterSpark","UpSweep+1","GrandCross","OrrerysSun","DC","Singularity","EnergyFlow","DoubleSpark","EscapeVelocity","MagicAbsorber","OrrerysSun","LuminesStrike+1","MysteriousBeam","JA","Acceleration+1","EnergyRecoil"],"relics":["MiniHakkero","Gensokyo:NagashiBinaDoll","OrangePellets","Bag of Preparation","Shuriken","Painkiller Herb"],"acts_visited":["Exordium","Gensokyo:Gensokyo"],"potions_floor_usage":[29,31],"damage_taken":[{"damage":1,"enemies":"Gensokyo:Python","floor":1,"turns":3},{"damage":0,"enemies":"Gensokyo:3_Fairies","floor":5,"turns":4},{"damage":18,"enemies":"Gensokyo:Mamizou","floor":8,"turns":8},{"damage":12,"enemies":"Gensokyo:Gryphon","floor":11,"turns":3},{"damage":0,"enemies":"hubris:Merchant","floor":13,"turns":1},{"damage":10,"enemies":"Gensokyo:Reimu","floor":16,"turns":10},{"damage":7,"enemies":"Gensokyo:Chomper","floor":18,"turns":3},{"damage":24,"enemies":"Gensokyo:3_Dogs","floor":19,"turns":6},{"damage":15,"enemies":"Gensokyo:Chomper_and_Gloop","floor":20,"turns":6},{"damage":15,"enemies":"Gensokyo:Monolith_and_Dog","floor":21,"turns":5},{"damage":0,"enemies":"Gensokyo:Wraith","floor":22,"turns":4},{"damage":26,"enemies":"Gensokyo:Slime_Group","floor":24,"turns":3},{"damage":13,"enemies":"Gensokyo:Mirror_and_Dog","floor":29,"turns":3},{"damage":13,"enemies":"Gensokyo:3_Gloops","floor":30,"turns":4},{"damage":16,"enemies":"Gensokyo:Monolith_and_Dog","floor":31,"turns":3},{"damage":45,"enemies":"Gensokyo:Eternal_Rivals","floor":33,"turns":6}],"seed_played":"-6510218631404126689","potions_obtained":[{"floor":3,"key":"MagicPotion:ReiMu"},{"floor":3,"key":"Milkshake"},{"floor":3,"key":"Dexterity Potion"},{"floor":8,"key":"ColorlessPotion"},{"floor":18,"key":"Ancient Potion"},{"floor":24,"key":"LifebloodPotion"},{"floor":30,"key":"BottledSpark"},{"floor":31,"key":"Dexterity Potion"}],"is_trial":false,"path_per_floor":["M","?","?","?","M","R","$","E","T","R","M","R","$","$","R","B",null,"?","?","?","?","?","T","?","T","T","AVR","?","?","?","?","T","B"],"character_chosen":"MARISA","items_purchased":["OrangePellets","Singularity"],"campfire_rested":6,"item_purchase_floors":[7,7],"current_hp_per_floor":[81,81,49,49,49,73,73,55,55,79,67,67,67,67,82,72,82,75,51,36,21,21,45,19,43,43,43,43,30,17,1,25,0,0],"gold":276,"neow_bonus":"TEN_PERCENT_HP_BONUS","is_daily":false,"chose_seed":false,"campfire_upgraded":1,"win_rate":0.0,"timestamp":1612468010,"path_taken":["M","?","?","?","?","R","$","E","T","R","M","R","?","$","R","BOSS","?","?","?","?","?","T","?","T","T","AVR","?","?","?","?","T","BOSS"],"items_purchased_type":["Relic","Card"],"build_version":"2020-12-22","purchased_purges":0,"victory":false,"max_hp_per_floor":[82,82,82,82,82,82,82,82,82,82,82,82,82,82,82,82,82,82,82,82,82,82,82,82,82,82,82,82,82,82,82,82,82,82],"card_choices":[{"not_picked":["AsteroidBelt","GalacticHalo"],"picked":"GrandCross","floor":1},{"not_picked":["Acceleration","OneTimeOff"],"picked":"OrrerysSun","floor":3},{"not_picked":["Robbery","WitchOfGreed"],"picked":"DC","floor":5},{"not_picked":["SporeBomb","GravityBeat"],"picked":"EnergyFlow","floor":8},{"not_picked":["FairyDestructionRay","6A"],"picked":"DoubleSpark","floor":11},{"not_picked":["SuperNova","MaximisePower"],"picked":"EscapeVelocity","floor":16},{"not_picked":["GravityBeat","6A"],"picked":"MagicAbsorber","floor":18},{"not_picked":["GravityBeat+1","DC+1"],"picked":"OrrerysSun","floor":19},{"not_picked":["OpenUniverse","ChargingUp"],"picked":"LuminesStrike+1","floor":20},{"not_picked":["OpenUniverse","DoubleSpark"],"picked":"MysteriousBeam","floor":21},{"not_picked":["DarkMatter","Acceleration"],"picked":"JA","floor":22},{"not_picked":["WitchLeyline","ChargeUpSpray","EventHorizon"],"picked":"SKIP","floor":24},{"not_picked":["PowerUp","MeteoricShower","MagicChant"],"picked":"SKIP","floor":29},{"not_picked":["WitchLeyline","UnstableBomb"],"picked":"Acceleration+1","floor":30},{"not_picked":["NonDirectionalLaser","GravityBeat"],"picked":"EnergyRecoil","floor":31}],"player_experience":267007,"relics_obtained":[{"floor":8,"key":"Bag of Preparation"},{"floor":9,"key":"Shuriken"}],"event_choices":[],"is_beta":false,"boss_relics":[{"not_picked":["aspiration:DefectSkillbook","conspire:SeveredTorchhead"],"picked":"Painkiller Herb"}],"items_purged_floors":[],"is_endless":false,"potions_floor_spawned":[8,16,18,20,24,30,31],"killed_by":"Gensokyo:Eternal_Rivals","ascension_level":0}}