{"host":"51fyd6gkml7xavq8","time":1612421619,"event":{"mods":["BaseMod","BetterRewards","Clockwork Mod","Colored Map","Downfall","Energized Spire","Glutton Mod","Gremlin Mod","Hermit","Infinite Spire","Mimic Mod","Minty Spire (QoL Compilation)","Rare Cards Sparkle","Replay The Spire","Shop Mod","Spicy Shops","StSLib","The Blue Laboratory","The Cursed"],"gold_per_floor":[119,129,129,143,50,50,125,125,152,168,50,50,50,50,50,148,148,162,182,182,182,182],"floor_reached":21,"language":"ENG","playtime":996,"items_purged":["Pot Of Greed"],"score":167,"play_id":"eb4e0de3-de0e-457f-803d-b9cf40e78287","local_time":"20210204035339","is_ascension_mode":false,"campfire_choices":[{"data":"Gremlin:TagTeam","floor":6,"key":"SMITH"},{"data":"Gremlin:RageBreak","floor":8,"key":"SMITH"},{"data":"Gremlin:MakeshiftArmor","floor":13,"key":"SMITH"},{"floor":15,"key":"REST"}],"circlet_count":0,"master_deck":["Gremlin:Strike+1","Gremlin:Strike+1","Gremlin:Strike","Gremlin:Strike","Gremlin:Defend","Gremlin:Defend","Gremlin:Defend","Gremlin:Defend","Gremlin:TagTeam+1","Gremlin:GremlinDance","Gremlin:ArmsTheft","Gremlin:PourSalt","Gremlin:RageBreak+1","Gremlin:PinNeedle+1","Gremlin:GremlinMeal","Gremlin:MakeshiftArmor+1","Gremlin:TargetWeakness"],"relics":["Gremlin:GremlinKnob","Ancient Tea Set","MerchantsRug","PreservedInsect","Boot","Velvet Choker"],"acts_visited":["Exordium","TheCity"],"potions_floor_usage":[],"damage_taken":[{"damage":0,"enemies":"2 Louse","floor":1,"turns":3},{"damage":3,"enemies":"Jaw Worm","floor":2,"turns":4},{"damage":0,"enemies":"Small Slimes","floor":4,"turns":3},{"damage":13,"enemies":"2 Fungi Beasts","floor":10,"turns":3},{"damage":15,"enemies":"The Guardian","floor":16,"turns":8},{"damage":12,"enemies":"Spheric Guardian","floor":18,"turns":4},{"damage":20,"enemies":"Shell Parasite","floor":19,"turns":3},{"damage":1,"enemies":"Centurion and Healer","floor":21,"turns":3}],"seed_played":"6563584874674298266","potions_obtained":[{"floor":1,"key":"Dexterity Potion"},{"floor":18,"key":"Dexterity Potion"}],"is_trial":false,"path_per_floor":["M","M","?","M","$","R","?","R","T","M","$","?","R","?","R","B",null,"M","M","?","M"],"character_chosen":"GREMLIN","items_purchased":["Ancient Tea Set","MerchantsRug","PreservedInsect","Lee\u0027s Waffle","Boot","Gremlin:PinNeedle","Gremlin:MakeshiftArmor"],"campfire_rested":1,"item_purchase_floors":[0,0,0,0,0,5,11],"current_hp_per_floor":[22,22,17,22,22,22,17,17,17,6,6,1,1,1,7,6,22,10,22,22,22,22],"gold":182,"neow_bonus":"","is_daily":false,"chose_seed":false,"campfire_upgraded":3,"win_rate":0.0,"timestamp":1612421619,"path_taken":["M","M","?","M","$","R","?","R","T","M","$","?","R","?","R","BOSS","M","M","?","M"],"items_purchased_type":["Relic","Relic","Relic","Relic","Relic","Card","Card"],"build_version":"2020-12-22","purchased_purges":1,"victory":false,"max_hp_per_floor":[22,22,22,22,22,22,22,22,22,22,22,22,22,22,22,22,22,22,22,22,22,22],"card_choices":[{"not_picked":["Gremlin:BulkUp","Gremlin:Pinprick"],"picked":"Gremlin:ArmsTheft","floor":1},{"not_picked":["Gremlin:PartyStick","Gremlin:Patsy"],"picked":"Gremlin:PourSalt","floor":2},{"not_picked":["Gremlin:CatScratch","Gremlin:GlitterGuard"],"picked":"Gremlin:RageBreak","floor":4},{"not_picked":["Gremlin:Pretaliation","Gremlin:CatScratch"],"picked":"Gremlin:GremlinMeal","floor":10},{"not_picked":["Gremlin:Fury","Gremlin:FlipOut"],"picked":"Gremlin:TargetWeakness","floor":16},{"not_picked":["Gremlin:FanOfKnives","Gremlin:GlitterGuard","Gremlin:GremlinArms"],"picked":"SKIP","floor":18},{"not_picked":["Gremlin:Mockery+1","Gremlin:Pickpocket","Gremlin:Patsy"],"picked":"SKIP","floor":19}],"player_experience":703952,"relics_obtained":[{"floor":9,"key":"Grinning Jar"}],"event_choices":[{"damage_healed":0,"gold_gain":0,"player_choice":"Entered Light","damage_taken":4,"max_hp_gain":0,"max_hp_loss":0,"event_name":"Shining Light","floor":3,"gold_loss":0,"cards_upgraded":["Gremlin:Strike","Gremlin:Strike"]},{"damage_healed":0,"gold_gain":75,"player_choice":"Gather Gold","damage_taken":3,"max_hp_gain":0,"max_hp_loss":0,"event_name":"World of Goop","floor":7,"gold_loss":0},{"cards_removed":["Pot Of Greed"],"damage_healed":0,"gold_gain":0,"player_choice":"Card Removal","damage_taken":2,"max_hp_gain":0,"max_hp_loss":0,"event_name":"Golden Wing","floor":12,"gold_loss":0}],"is_beta":false,"boss_relics":[{"not_picked":["Coffee Dripper","Empty Cage"],"picked":"Velvet Choker"}],"items_purged_floors":[11],"is_endless":false,"potions_floor_spawned":[1,18],"killed_by":"Centurion and Healer","ascension_level":0}}