{"host":"4ih4fq53sefgqhvb","time":1612427412,"event":{"mods":["AchievementEnabler","Aspiration","Bard","BaseMod","BetterRewards","Colored Map","Colored Powertips","Conspire","Downfall","Googly Eyes","Hermit","Highlight Path","Hubris","Infinite Spire","Jedi Mod","Jorbs\u0027s Wanderer Trilogy","Marisa????????","Mimic Mod","Minty Spire (QoL Compilation)","Quick Restart","Relic Stats","Replay The Spire","Shop Mod","StSLib","The Animator","The Cursed","The Disciple","The Jungle","The Runesmith","The Servant 0.9.4"],"gold_per_floor":[99,116,142,25,37,52,79,79,104,104,104,122,22,42,61,156,156,56,56,16,36,51,36,63,163,177,327,343,355,255,281,301,403,403,403,422,422,422,432,432,432,432,448,480,499,166,178,84,101,101,101,101,101,101],"floor_reached":52,"language":"ENG","playtime":4331,"items_purged":[],"score":756,"play_id":"73199051-0dee-4cab-b289-7f7da3ca680e","local_time":"20210204003012","is_ascension_mode":false,"campfire_choices":[{"floor":8,"key":"RECALL"},{"floor":13,"key":"REST"},{"floor":18,"key":"REST"},{"floor":30,"key":"REST"},{"floor":35,"key":"REST"},{"floor":40,"key":"REST"},{"floor":42,"key":"REST"}],"circlet_count":0,"master_deck":["champ:Strike","champ:Strike","champ:Strike","champ:Strike","champ:Defend","champ:Defend","champ:Defend","champ:Defend","champ:Execute","champ:Taunt","champ:RecklessLeap","champ:Parry","champ:FanOfKnives","champ:RageSigil","champ:RageSigil","champ:ShieldSigil","champ:BladeFlurry","champ:FocusedDefense","champ:HeartStrike","champ:VampiricStrike","champ:AdrenalArmor","champ:StrikeOfGenius","champ:BringItOn","champ:TornadoPunch","champ:BerserkersShout+1","champ:DeathBlow","champ:RapidStrikes","champ:PerfectedStrike","champ:GutPunch","champ:Shatter+1","champ:Encircle","champ:DefensiveShout+1","champ:UltimateStance","champ:ShieldWall","infinitespire:UltimateForm","Wraith","champ:IronFortress+1","champ:EnGarde+1","champ:Shatter+1","champ:IgnorePain","champ:PreciseThrust+1","champ:GutPunch","champ:DefensiveShout+1","champ:StanceDance","champ:FlashCut+1"],"relics":["champ:ChampionCrown","Orichalcum","downfall:HeartBlessingBlue","Fusion Hammer","downfall:HeartBlessingGreen","downfall:GremlinWheel","downfall:HeartBlessingRed","conspire:BottledYoYo","infinitespire:Cupcake","Mercury Hourglass","infinitespire:Beetle Shell","MerchantsRug"],"acts_visited":["Exordium","TheCity","TheBeyond","TheEnding"],"potions_floor_usage":[5,9,14,16,20,20,28,36,44,45,49,50,52],"damage_taken":[{"damage":12,"enemies":"Cultist","floor":2,"turns":4},{"damage":30,"enemies":"downfall:FleeingMerchant","floor":4,"turns":4},{"damage":25,"enemies":"infinitespire:Voidling","floor":5,"turns":4},{"damage":6,"enemies":"Jaw Worm","floor":6,"turns":3},{"damage":40,"enemies":"3 Sentries","floor":9,"turns":7},{"damage":50,"enemies":"Large Slime","floor":12,"turns":5},{"damage":16,"enemies":"Exordium Wildlife","floor":14,"turns":3},{"damage":33,"enemies":"Red Slaver","floor":15,"turns":2},{"damage":119,"enemies":"SI_SHIV_ARCHETYPE","floor":16,"turns":9},{"damage":20,"enemies":"downfall:FleeingMerchant","floor":20,"turns":4},{"damage":12,"enemies":"3 Byrds","floor":21,"turns":4},{"damage":47,"enemies":"Shelled Parasite and Fungi","floor":22,"turns":3},{"damage":69,"enemies":"downfall:FleeingMerchant","floor":23,"turns":4},{"damage":48,"enemies":"downfall:FleeingMerchant","floor":25,"turns":4},{"damage":53,"enemies":"Sentry and Sphere","floor":26,"turns":4},{"damage":70,"enemies":"Chosen and Byrds","floor":28,"turns":4},{"damage":25,"enemies":"Snecko","floor":29,"turns":4},{"damage":82,"enemies":"Book of Stabbing","floor":31,"turns":5},{"damage":44,"enemies":"Sentry and Sphere","floor":32,"turns":3},{"damage":107,"enemies":"DF_ARCHETYPE_CLAW","floor":33,"turns":8},{"damage":43,"enemies":"3 Shapes","floor":36,"turns":7},{"damage":51,"enemies":"3 Darklings","floor":39,"turns":4},{"damage":61,"enemies":"Sphere and 2 Shapes","floor":43,"turns":4},{"damage":136,"enemies":"Nemesis","floor":44,"turns":6},{"damage":63,"enemies":"Transient","floor":45,"turns":5},{"damage":29,"enemies":"4 Shapes","floor":47,"turns":5},{"damage":25,"enemies":"downfall:FleeingMerchant","floor":48,"turns":4},{"damage":33,"enemies":"Jaw Worm Horde","floor":49,"turns":4},{"damage":45,"enemies":"WA_ARCHETYPE_DIVINITY","floor":50,"turns":10},{"damage":192,"enemies":"downfall:CharBossMerchant","floor":52,"turns":8}],"seed_played":"5211852382350360907","potions_obtained":[{"floor":2,"key":"sneckomod:MuddlingPotion"},{"floor":5,"key":"LifebloodPotion"},{"floor":6,"key":"hexamod:SoulburnPotion"},{"floor":14,"key":"SpeedPotion"},{"floor":15,"key":"SkillPotion"},{"floor":16,"key":"LiquidMemories"},{"floor":21,"key":"Doom Potion"},{"floor":26,"key":"Swift Potion"},{"floor":28,"key":"SteroidPotion"},{"floor":33,"key":"champ:UltimateStancePotion"},{"floor":36,"key":"Guardian:BlockOnCardUsePotion"},{"floor":45,"key":"BlessingOfTheForge"},{"floor":49,"key":"jedi:hoardpotion"}],"is_trial":false,"path_per_floor":["R_BF","M","T","$","M","M","T","R","E","?","?","M","R","M","M","B",null,"R","?","$","M","M","$","T","?","M","?","M","M","R","E","M","B",null,"R","M","?","?","M","R","T","R","M","E","M","?","M","$","M","B",null,"E"],"character_chosen":"THE_CHAMP","items_purchased":["champ:FanOfKnives","champ:RageSigil","champ:TornadoPunch","MerchantsRug"],"campfire_rested":6,"item_purchase_floors":[4,4,20,48],"current_hp_per_floor":[108,106,106,106,91,85,85,85,75,75,85,85,128,122,119,95,128,128,128,128,121,109,100,100,87,79,79,79,79,117,95,91,19,128,128,115,85,85,74,112,112,128,102,56,23,144,130,130,117,112,144,0,0,0],"gold":101,"neow_bonus":"TWENTY_PERCENT_HP_BONUS","is_daily":false,"chose_seed":false,"campfire_upgraded":0,"win_rate":0.0,"timestamp":1612427412,"path_taken":["R_BF","M","?","$","M","?","T","R","E","?","?","M","R","?","M","BOSS","R","?","$","M","M","$","T","?","?","?","?","M","R","E","M","BOSS","R","M","?","?","M","R","T","R","M","E","M","?","M","$","M","BOSS","E"],"items_purchased_type":["Card","Card","Card","Relic"],"build_version":"2020-12-22","purchased_purges":0,"victory":false,"max_hp_per_floor":[108,108,108,108,108,108,108,108,108,108,118,118,128,128,128,128,128,128,128,128,128,128,128,128,128,128,128,128,128,128,128,128,128,128,128,128,128,128,128,128,128,128,128,128,128,144,144,144,144,144,144,144,144,144],"relic_stats":{"counters":[30,145],"Orichalcum":[240],"obtain_stats":[{"MerchantsRug":48,"downfall:HeartBlessingRed":30,"champ:ChampionCrown":0,"downfall:HeartBlessingGreen":18,"infinitespire:Beetle Shell":44,"Orichalcum":3,"Ancient Tea Set":9,"Smiling Mask":35,"Mercury Hourglass":41,"Centennial Puzzle":24,"downfall:GremlinWheel":25,"downfall:HeartBlessingBlue":13,"Fusion Hammer":17,"conspire:BottledYoYo":31,"infinitespire:Cupcake":34},{"MerchantsRug":27,"downfall:HeartBlessingRed":17,"champ:ChampionCrown":0,"downfall:HeartBlessingGreen":9,"infinitespire:Beetle Shell":24,"Orichalcum":1,"Ancient Tea Set":5,"Smiling Mask":20,"Mercury Hourglass":22,"Centennial Puzzle":13,"downfall:GremlinWheel":14,"downfall:HeartBlessingBlue":6,"Fusion Hammer":9,"conspire:BottledYoYo":18,"infinitespire:Cupcake":20},{"MerchantsRug":123,"downfall:HeartBlessingRed":72,"champ:ChampionCrown":0,"downfall:HeartBlessingGreen":41,"infinitespire:Beetle Shell":109,"Orichalcum":4,"Ancient Tea Set":22,"Smiling Mask":88,"Mercury Hourglass":99,"Centennial Puzzle":56,"downfall:GremlinWheel":60,"downfall:HeartBlessingBlue":27,"Fusion Hammer":41,"conspire:BottledYoYo":77,"infinitespire:Cupcake":88}],"Mercury Hourglass":[109]},"card_choices":[{"not_picked":["champ:Parry","champ:CrownThrow"],"picked":"champ:RecklessLeap","floor":2},{"not_picked":["champ:Duel","champ:TornadoPunch"],"picked":"champ:Parry","floor":4},{"not_picked":["champ:FlashCut","champ:EnGarde"],"picked":"champ:ShieldSigil","floor":5},{"not_picked":["champ:GutPunch","champ:ShieldSigil"],"picked":"champ:BladeFlurry","floor":6},{"not_picked":["champ:GutPunch","champ:GladiatorStyle"],"picked":"champ:FocusedDefense","floor":9},{"not_picked":["champ:IronFortress","champ:BladeFlurry"],"picked":"champ:HeartStrike","floor":12},{"not_picked":["champ:Encircle","champ:RecklessLeap"],"picked":"champ:VampiricStrike","floor":14},{"not_picked":["champ:EnragedBash","champ:EndlessRage"],"picked":"champ:AdrenalArmor","floor":15},{"not_picked":["champ:SteelEdge","champ:CheapShot"],"picked":"champ:StrikeOfGenius","floor":16},{"not_picked":["champ:Duel+1","champ:Encircle"],"picked":"champ:BringItOn","floor":20},{"not_picked":["champ:CrookedStrike+1","champ:FancyFootwork+1"],"picked":"champ:BerserkersShout+1","floor":21},{"not_picked":["champ:HeartStrike","champ:FanOfKnives"],"picked":"champ:DeathBlow","floor":22},{"not_picked":["champ:ShieldSigil+1","champ:EnchantCrown"],"picked":"champ:RapidStrikes","floor":23},{"not_picked":["champ:Shatter","champ:AdrenalArmor"],"picked":"champ:PerfectedStrike","floor":26},{"not_picked":["champ:SwordThrow","champ:CrookedStrike+1"],"picked":"champ:GutPunch","floor":28},{"not_picked":["champ:EndlessRage","champ:Circumvent+1"],"picked":"champ:Shatter+1","floor":29},{"not_picked":["champ:SkillfulDodge+1","champ:AdrenalArmor"],"picked":"champ:Encircle","floor":31},{"not_picked":["champ:ShieldSigil","champ:Haymaker"],"picked":"champ:DefensiveShout+1","floor":32},{"not_picked":["champ:GladiatorForm","champ:HeavySlash"],"picked":"champ:UltimateStance","floor":33},{"not_picked":["champ:GutPunch+1","champ:HeartStrike"],"picked":"champ:ShieldWall","floor":36},{"not_picked":["infinitespire:TheBestDefense","Replay:Fractal Strike"],"picked":"infinitespire:UltimateForm","floor":37},{"not_picked":["champ:ShieldSigil+1","champ:RisingSlash"],"picked":"champ:IronFortress+1","floor":39},{"not_picked":["champ:Shatter+1","champ:TornadoPunch"],"picked":"champ:EnGarde+1","floor":43},{"not_picked":["champ:DeathBlow","champ:ShieldSigil"],"picked":"champ:Shatter+1","floor":44},{"not_picked":["champ:BerserkersShout+1","champ:DefensiveShout+1"],"picked":"champ:IgnorePain","floor":45},{"not_picked":["champ:BerserkersShout+1","champ:DefensiveShout+1"],"picked":"champ:PreciseThrust+1","floor":47},{"not_picked":["champ:DefensiveShout","champ:BringItOn+1"],"picked":"champ:GutPunch","floor":48}],"player_experience":979615,"relics_obtained":[{"floor":3,"key":"Orichalcum"},{"floor":9,"key":"Ancient Tea Set"},{"floor":24,"key":"Centennial Puzzle"},{"floor":25,"key":"downfall:GremlinWheel"},{"floor":31,"key":"conspire:BottledYoYo"},{"floor":35,"key":"Smiling Mask"},{"floor":41,"key":"Mercury Hourglass"},{"floor":44,"key":"infinitespire:Beetle Shell"}],"event_choices":[{"damage_healed":0,"gold_gain":0,"player_choice":"Disagree","damage_taken":0,"max_hp_gain":0,"max_hp_loss":0,"event_name":"conspire:LoneGhost","floor":10,"gold_loss":0},{"damage_healed":0,"gold_gain":0,"player_choice":"Relic","damage_taken":0,"max_hp_gain":0,"max_hp_loss":0,"event_name":"Wheel of Change","floor":35,"gold_loss":0},{"damage_healed":0,"gold_gain":0,"player_choice":"Ignored","damage_taken":0,"max_hp_gain":0,"max_hp_loss":0,"event_name":"OrinTheCat","floor":38,"gold_loss":0}],"is_beta":false,"boss_relics":[{"not_picked":["Replay:Fungal Core","ReplayTheSpireMod:DimensionalGlitch"],"picked":"Fusion Hammer"},{"not_picked":["Replay:Wanted Poster","jedi:hotpepper"],"picked":"infinitespire:Cupcake"}],"items_purged_floors":[],"is_endless":false,"potions_floor_spawned":[2,5,6,14,15,16,21,26,28,33,36,45,49],"killed_by":"downfall:CharBossMerchant","ascension_level":0}}