{"host":"97uhrltlnmtdj0hv","time":1612410082,"event":{"mods":["2.2 Compatiblity","AchievementEnabler","Act Like it!","Aspiration","Bartender","BaseMod","Better Match","Better Note","Better Skull","Better Third Choice","BetterRewards","ChefMod","Colored Map","Colored Powertips","Conspire","Downfall","Elementarium","Energized Spire","Friendly Minions","Gensokyo","GifTheSpireLib","Gold Saver","Halation","Hallownest","Hermit","Hubris","Infinite Spire","Jorbs\u0027s Wanderer Trilogy","Koishi","Luminous","Marisa????????","Minty Spire (QoL Compilation)","Pale of the Ancients","Permanent Neow","Potionbrewer","Quick Restart","Rare Cards Sparkle","Reliquary","Replay The Spire","Reworked Bosses","Robot Space Explorer","Shade Mod","Somnambulant","Spicy Shops","Spikes Relics","StSLib","Stuff the Spire","SuperFastMode","The Blackbeard","The Bug Knight","The Cursed","The Dragon Tamer","The Druid","The Marked","The Necromancer","The Problem Sleuth","The Senshi","The Servant 0.9.4","The Vixen","TheVacant","Trackpad","Treasure Hunter","Wandering Minibosses","everything is the same but u backflip on backflip"],"gold_per_floor":[769,780,780,795,795,825,825,844,880,880,880,898,933,2,14,113,113,113,27,46,56,71,71,150,184,220,220,220,220],"floor_reached":27,"language":"ENG","playtime":1904,"items_purged":[],"score":278,"play_id":"8a3361ab-f517-4e61-aea4-17bad909b7c2","local_time":"20210203204122","is_ascension_mode":false,"campfire_choices":[{"data":"Guardian:TwinSlam","floor":1,"key":"SMITH"},{"floor":10,"key":"REST"},{"data":"Guardian:Orbwalk","floor":18,"key":"SMITH"},{"data":"expansioncontent:StudyTheSpire","floor":23,"key":"SMITH"}],"circlet_count":0,"master_deck":["Guardian:Strike_Guardian","Guardian:Strike_Guardian","Guardian:Strike_Guardian","Guardian:Strike_Guardian","Guardian:Defend_Guardian","Guardian:Defend_Guardian","Guardian:Defend_Guardian","Guardian:Defend_Guardian","Guardian:CurlUp","Guardian:TwinSlam+1","Guardian:ArmoredProtocol","TH:CopperCoins","Guardian:RefractedBeam","TH:BikiniMail","Guardian:Preprogram","TH:CopperCoins","Pain","Guardian:PiercingHide","TH:DeckOfManyThings","Guardian:Preprogram","Guardian:TemporalStrike","expansioncontent:StudyTheSpire+1","Guardian:Orbwalk+1","Guardian:PrimingBeam","TH:ElvenBoots","Guardian:TimeSifter","TH:CursedSword","TH:CopperCoins","Guardian:Gem_Yellow","Guardian:Planning"],"relics":["Guardian:ModeShifter","aspiration:Nostalgia","sneckomod:SneckoSoul","halation:EternalFortune","Bag of Marbles","Rawhide","aspiration:FrozenJewel","Gensokyo:LunaticRedEyes","infinitespire:Lucky Rock","Pet Ghost","SuspiciousGoo","conspire:TreasureMap","infinitespire:Satchel","SacredBark","Replay:Rubber Ducky","aspiration:HatOfInfinitePower","Onion Ring"],"acts_visited":["Exordium","Gensokyo:Gensokyo"],"potions_floor_usage":[6,9,16,16,22,25,26],"damage_taken":[{"damage":7,"enemies":"Gensokyo:Gryphon","floor":2,"turns":4},{"damage":4,"enemies":"Gensokyo:3_Fairies","floor":4,"turns":5},{"damage":22,"enemies":"Gensokyo:Cirno","floor":6,"turns":7},{"damage":1,"enemies":"Gensokyo:2_Kodama","floor":8,"turns":5},{"damage":27,"enemies":"Gensokyo:Aya","floor":9,"turns":9},{"damage":3,"enemies":"Gensokyo:Gryphon_and_Rabbit","floor":12,"turns":8},{"damage":4,"enemies":"Gensokyo:Cirno","floor":13,"turns":6},{"damage":9,"enemies":"downfall:FleeingMerchant","floor":14,"turns":6},{"damage":0,"enemies":"Gensokyo:Kitsune","floor":15,"turns":2},{"damage":12,"enemies":"IC_STATUS_ARCHETYPE","floor":16,"turns":12},{"damage":8,"enemies":"downfall:FleeingMerchant","floor":19,"turns":5},{"damage":37,"enemies":"Elementarium:VoidCorruption","floor":20,"turns":6},{"damage":4,"enemies":"Elementarium:Cyclone","floor":21,"turns":5},{"damage":0,"enemies":"Elementarium:RubyGolem","floor":22,"turns":6},{"damage":6,"enemies":"Elementarium:FIRE_NOBILITY","floor":25,"turns":8},{"damage":16,"enemies":"Elementarium:VoidBeast","floor":26,"turns":8},{"damage":23,"enemies":"Elementarium:CYCLONE_AND_LIVING_STORMCLOUD","floor":27,"turns":6}],"seed_played":"5717712065596084757","potions_obtained":[{"floor":2,"key":"Fire Potion"},{"floor":4,"key":"Adrenaline Potion"},{"floor":12,"key":"potionbrewer:DiscountPotion"},{"floor":15,"key":"SpeedPotion"},{"floor":16,"key":"Dexterity Potion"},{"floor":21,"key":"Elixir"},{"floor":22,"key":"Block Potion"},{"floor":25,"key":"potionbrewer:MidasPotion"},{"floor":26,"key":"BlessingOfTheForge"}],"is_trial":false,"path_per_floor":["R","M","?","M","?","E","T","M","E","R","?","M","E","$","M","B",null,"R","$","M","M","M","R","T","E","M","M"],"character_chosen":"GUARDIAN","items_purchased":["Pet Ghost","SuspiciousGoo","conspire:TreasureMap","infinitespire:Satchel","expansioncontent:StudyTheSpire","Guardian:Orbwalk","Replay:Rubber Ducky"],"campfire_rested":1,"item_purchase_floors":[14,14,14,14,14,14,19],"current_hp_per_floor":[80,73,76,72,72,50,50,49,22,46,46,43,39,30,30,18,83,83,75,38,34,34,34,34,28,15,0,0,0],"gold":220,"neow_bonus":"NOSTALGIA","is_daily":false,"chose_seed":false,"campfire_upgraded":3,"win_rate":0.0,"timestamp":1612410082,"path_taken":["R","M","?","M","?","E","T","M","E","R","?","M","E","$","M","BOSS","R","$","M","M","M","R","T","E","M","M"],"items_purchased_type":["Relic","Relic","Relic","Relic","Card","Card","Relic"],"build_version":"2020-12-22","purchased_purges":0,"victory":false,"max_hp_per_floor":[80,80,83,83,83,83,83,83,83,83,83,83,83,83,83,83,83,83,83,83,83,83,83,83,83,86,86,86,86],"card_choices":[{"not_picked":["Guardian:Planning","Guardian:Reroute"],"picked":"Guardian:Gem_Red","floor":2},{"not_picked":["Guardian:Clone","Guardian:Emergency"],"picked":"Guardian:ArmoredProtocol","floor":4},{"not_picked":["TH:ElvenBoots"],"picked":"TH:CopperCoins","floor":6},{"not_picked":["Guardian:PrismaticBarrier","Guardian:Gem_Green"],"picked":"Guardian:RefractedBeam","floor":6},{"not_picked":["TH:PixieDust"],"picked":"TH:BikiniMail","floor":7},{"not_picked":["Guardian:PrimingBeam","Guardian:WalkerClaw"],"picked":"Guardian:Preprogram","floor":8},{"not_picked":["TH:ElvenBoots"],"picked":"TH:CopperCoins","floor":9},{"not_picked":["Guardian:SentryBeam","Guardian:PiercingHide"],"picked":"Guardian:Gem_Cyan","floor":9},{"not_picked":["Guardian:PrismaticBarrier","Guardian:Gem_Red"],"picked":"Guardian:PiercingHide","floor":12},{"not_picked":["TH:ArmorSpikes"],"picked":"TH:DeckOfManyThings","floor":13},{"not_picked":["Guardian:BronzeArmor","Guardian:Emergency"],"picked":"Guardian:Preprogram","floor":13},{"not_picked":["Guardian:Preprogram","Guardian:PolyBeam"],"picked":"Guardian:TemporalStrike","floor":14},{"not_picked":["Guardian:TimeBomb","Guardian:Gem_Lightblue"],"picked":"Guardian:PrimingBeam","floor":15},{"not_picked":["TH:EnergyPotion"],"picked":"TH:ElvenBoots","floor":16},{"not_picked":["Guardian:ExploitGems","Guardian:BaubleBeam"],"picked":"Guardian:TimeSifter","floor":16},{"not_picked":["Guardian:TemporalStrike+1","Guardian:DecasProtection+1"],"picked":"Guardian:Gem_Fragmented","floor":19},{"not_picked":["Guardian:WalkerClaw","Guardian:Harden"],"picked":"Guardian:Gem_Blue","floor":20},{"not_picked":["Guardian:SentryBeam","Guardian:Gem_White"],"picked":"Guardian:Gem_Cyan","floor":21},{"not_picked":["Guardian:TemporalShield","Guardian:Gem_Cyan"],"picked":"Guardian:Gem_Orange","floor":22},{"not_picked":["TH:BikiniMail"],"picked":"TH:CursedSword","floor":24},{"not_picked":["TH:TreasureMap"],"picked":"TH:CopperCoins","floor":25},{"not_picked":["Guardian:RefractedBeam+1","Guardian:SentryBeam+1"],"picked":"Guardian:Gem_Yellow","floor":25},{"not_picked":["Guardian:RollAttack","Guardian:Gem_Cyan"],"picked":"Guardian:Planning","floor":26}],"player_experience":442550,"relics_obtained":[{"floor":6,"key":"Bag of Marbles"},{"floor":7,"key":"Rawhide"},{"floor":9,"key":"aspiration:FrozenJewel"},{"floor":13,"key":"infinitespire:Lucky Rock"},{"floor":24,"key":"aspiration:HatOfInfinitePower"},{"floor":25,"key":"Onion Ring"},{"floor":26,"key":"halation:EternalFortune"}],"event_choices":[{"damage_healed":0,"gold_gain":0,"player_choice":"Leave","damage_taken":0,"max_hp_gain":0,"max_hp_loss":0,"event_name":"conspire:Investor","floor":5,"gold_loss":0}],"is_beta":false,"boss_relics":[{"not_picked":["Painkiller Herb","halation:Risk"],"picked":"SacredBark"}],"items_purged_floors":[],"is_endless":false,"potions_floor_spawned":[2,4,12,15,16,21,22,25,26],"killed_by":"Elementarium:CYCLONE_AND_LIVING_STORMCLOUD","ascension_level":0}}