{"host":"0kk91h4bq4kgfj0u","time":1612459922,"event":{"mods":["BaseMod","Minty Spire (QoL Compilation)","StSLib"],"gold_per_floor":[118,134,134,134,148,173,173,185,185,220,232,46,46,46,46,150,150,163,163,179,179,190,190,224,6,6,23,43,58,58,58,58,160,160,179,189,34,34,51,51,51],"floor_reached":40,"language":"ENG","playtime":1751,"items_purged":[],"score":548,"play_id":"2d7e99b9-4cc5-413c-8718-1a0fcd28bff2","local_time":"20210204123202","is_ascension_mode":true,"campfire_choices":[{"floor":7,"key":"REST"},{"floor":13,"key":"REST"},{"floor":15,"key":"REST"},{"floor":23,"key":"REST"},{"data":"BootSequence","floor":32,"key":"SMITH"}],"circlet_count":0,"master_deck":["Defend_B","Defend_B","Defend_B+1","Defend_B","Zap","Dualcast","FTL","Genetic Algorithm","Conserve Battery","BootSequence+1","Sweeping Beam","Go for the Eyes+1","Ball Lightning+1","Static Discharge","Creative AI","Lockon+1","Bite+1","Bite+1","Bite+1","Bite+1","Bite+1","Stack+1","Melter+1","Loop+1","Electrodynamics","Redo+1","Self Repair","Go for the Eyes+1","Redo+1","Reboot+1","Turbo+1","Hello World","Madness+1","Coolheaded+1"],"relics":["Cracked Core","Pocketwatch","Toxic Egg 2","Molten Egg 2","Bag of Marbles","Akabeko","Nuclear Battery","Blood Vial","Ornamental Fan","Nilry\u0027s Codex","MutagenicStrength","Strawberry"],"acts_visited":["Exordium","TheCity","TheBeyond"],"potions_floor_usage":[33,36,36,39,39,40],"damage_taken":[{"damage":4,"enemies":"2 Louse","floor":1,"turns":3},{"damage":3,"enemies":"Jaw Worm","floor":2,"turns":4},{"damage":1,"enemies":"Cultist","floor":5,"turns":3},{"damage":44,"enemies":"Gremlin Nob","floor":6,"turns":5},{"damage":0,"enemies":"2 Fungi Beasts","floor":8,"turns":3},{"damage":32,"enemies":"Lagavulin","floor":10,"turns":6},{"damage":13,"enemies":"Exordium Thugs","floor":11,"turns":5},{"damage":18,"enemies":"Slime Boss","floor":16,"turns":6},{"damage":9,"enemies":"3 Byrds","floor":18,"turns":5},{"damage":4,"enemies":"Chosen","floor":20,"turns":5},{"damage":25,"enemies":"Snecko","floor":22,"turns":5},{"damage":10,"enemies":"Slavers","floor":24,"turns":5},{"damage":0,"enemies":"Chosen and Byrds","floor":27,"turns":5},{"damage":15,"enemies":"Shelled Parasite and Fungi","floor":28,"turns":5},{"damage":5,"enemies":"Snake Plant","floor":29,"turns":4},{"damage":27,"enemies":"Champ","floor":33,"turns":8},{"damage":7,"enemies":"3 Shapes","floor":35,"turns":5},{"damage":11,"enemies":"3 Darklings","floor":36,"turns":5},{"damage":26,"enemies":"Transient","floor":39,"turns":5},{"damage":126,"enemies":"Giant Head","floor":40,"turns":8}],"seed_played":"3810167212249337957","potions_obtained":[{"floor":1,"key":"FearPotion"},{"floor":8,"key":"AttackPotion"},{"floor":11,"key":"GamblersBrew"},{"floor":16,"key":"AttackPotion"},{"floor":18,"key":"ColorlessPotion"},{"floor":21,"key":"EntropicBrew"},{"floor":21,"key":"SkillPotion"},{"floor":35,"key":"SkillPotion"},{"floor":36,"key":"Fruit Juice"}],"is_trial":false,"path_per_floor":["M","M","?","?","M","E","R","M","T","E","M","$","R","?","R","B",null,"M","?","M","?","M","R","E","$","T","M","M","M","?","?","R","B",null,"M","M","$","?","M","E"],"character_chosen":"DEFECT","items_purchased":["Static Discharge","Bag of Marbles","FairyPotion","Electrodynamics","Redo+1","Strawberry"],"campfire_rested":4,"item_purchase_floors":[12,12,25,25,25,37],"current_hp_per_floor":[78,75,59,82,81,37,61,61,61,29,16,16,40,40,64,46,73,64,57,56,56,38,55,57,57,57,57,52,57,41,41,41,35,52,53,60,67,67,62,0,0],"gold":51,"neow_bonus":"TEN_PERCENT_HP_BONUS","is_daily":false,"chose_seed":false,"campfire_upgraded":1,"win_rate":0.0,"timestamp":1612459922,"path_taken":["M","M","?","?","M","E","R","?","T","E","M","$","R","?","R","BOSS","M","?","M","?","M","R","E","$","T","?","M","M","?","?","R","BOSS","M","M","$","?","M","E"],"items_purchased_type":["Card","Relic","Potion","Card","Card","Relic"],"build_version":"2020-12-22","purchased_purges":0,"victory":false,"max_hp_per_floor":[82,82,82,82,82,82,82,82,82,82,82,82,82,82,82,82,82,82,57,57,57,57,57,57,57,57,57,57,57,57,57,57,57,57,57,62,69,69,69,69,69],"card_choices":[{"not_picked":["Tempest","Steam"],"picked":"FTL","floor":1},{"not_picked":["Rebound","Aggregate"],"picked":"Genetic Algorithm","floor":2},{"not_picked":["Loop","BootSequence"],"picked":"Conserve Battery","floor":5},{"not_picked":["Hologram","Tempest"],"picked":"BootSequence","floor":6},{"not_picked":["Undo","Streamline"],"picked":"Sweeping Beam","floor":8},{"not_picked":["Consume+1","Scrape+1"],"picked":"Go for the Eyes+1","floor":10},{"not_picked":["Beam Cell+1","Leap+1"],"picked":"Ball Lightning+1","floor":11},{"not_picked":["Buffer","Machine Learning"],"picked":"Creative AI","floor":16},{"not_picked":["Gash+1","Cold Snap+1"],"picked":"Lockon+1","floor":18},{"not_picked":["Gash+1","Reprogram+1"],"picked":"Stack+1","floor":20},{"not_picked":["Sweeping Beam+1","Compile Driver+1"],"picked":"Melter+1","floor":22},{"not_picked":["Coolheaded+1","Streamline+1"],"picked":"Loop+1","floor":24},{"not_picked":["Blizzard+1","Chill+1"],"picked":"Self Repair","floor":27},{"not_picked":["Consume+1","Tempest+1"],"picked":"Go for the Eyes+1","floor":28},{"not_picked":["Go for the Eyes+1","Hyperbeam+1"],"picked":"Redo+1","floor":29},{"not_picked":["Meteor Strike+1","Echo Form"],"picked":"Reboot+1","floor":33},{"not_picked":["Rebound+1","Leap+1"],"picked":"Turbo+1","floor":35},{"not_picked":["Hologram+1","Rip and Tear+1"],"picked":"Hello World","floor":36},{"not_picked":["Forethought+1","Magnetism"],"picked":"Madness+1","floor":38},{"not_picked":["Chaos+1","Hello World+1"],"picked":"Coolheaded+1","floor":39}],"player_experience":845277,"relics_obtained":[{"floor":6,"key":"Pocketwatch"},{"floor":9,"key":"Toxic Egg 2"},{"floor":10,"key":"Molten Egg 2"},{"floor":24,"key":"Blood Vial"},{"floor":26,"key":"Ornamental Fan"},{"floor":30,"key":"Nilry\u0027s Codex"}],"event_choices":[{"damage_healed":0,"gold_gain":0,"player_choice":"Entered Light","damage_taken":16,"max_hp_gain":0,"max_hp_loss":0,"event_name":"Shining Light","floor":3,"gold_loss":0,"cards_upgraded":["Defend_B","Strike_B"]},{"damage_healed":23,"gold_gain":0,"player_choice":"Full Heal","damage_taken":0,"max_hp_gain":0,"max_hp_loss":0,"event_name":"Wheel of Change","floor":4,"gold_loss":0},{"damage_healed":0,"gold_gain":0,"player_choice":"Gave Potion","damage_taken":0,"relics_obtained":["Akabeko"],"max_hp_gain":0,"max_hp_loss":0,"event_name":"WeMeetAgain","floor":14,"gold_loss":0},{"damage_healed":0,"gold_gain":0,"player_choice":"Became a vampire","damage_taken":0,"max_hp_gain":0,"max_hp_loss":25,"event_name":"Vampires","floor":19,"gold_loss":0,"cards_obtained":["Bite","Bite","Bite","Bite","Bite"]},{"damage_healed":0,"gold_gain":0,"player_choice":"Got Potions","damage_taken":0,"max_hp_gain":0,"max_hp_loss":0,"event_name":"Lab","floor":21,"gold_loss":0},{"damage_healed":0,"gold_gain":0,"player_choice":"Obtained Book","damage_taken":16,"max_hp_gain":0,"max_hp_loss":0,"event_name":"Cursed Tome","floor":30,"gold_loss":0},{"damage_healed":0,"gold_gain":0,"player_choice":"Inject Mutagens","damage_taken":0,"relics_obtained":["MutagenicStrength"],"max_hp_gain":0,"max_hp_loss":0,"event_name":"Drug Dealer","floor":31,"gold_loss":0},{"damage_healed":0,"gold_gain":0,"player_choice":"Memory 1","damage_taken":0,"max_hp_gain":0,"max_hp_loss":0,"event_name":"SensoryStone","floor":38,"gold_loss":0}],"is_beta":false,"boss_relics":[{"not_picked":["Tiny House","Ectoplasm"],"picked":"Nuclear Battery"},{"not_picked":["Fusion Hammer","Coffee Dripper","Velvet Choker"]}],"items_purged_floors":[],"is_endless":false,"potions_floor_spawned":[1,8,11,16,18,20,22,28,35,36],"killed_by":"Giant Head","ascension_level":5}}