{"host":"26y75e64s1raelh1","time":1612465384,"event":{"mods":["AchievementEnabler","BaseMod","Block Reminder","Card Forge","Colored Map","Colored Powertips","Highlight Path","Minty Spire (QoL Compilation)","Quick Restart","StSLib"],"gold_per_floor":[115,115,126,301,311,311,321,350,374,384,410,423,450,400,400,495,495,514,514,532,221,233,259,259,286,364,376,410,429,429,762,762,864,864,874,399,411,411,461,486,64,98,98,110,14,49,68,84,84,84],"floor_reached":51,"language":"ENG","playtime":4924,"items_purged":["Defend_P+1","Strike_P+1","Defend_P+1"],"score":979,"play_id":"edb7d69f-aeed-4bf1-97d6-0f9198c7c791","local_time":"20210204160304","is_ascension_mode":true,"campfire_choices":[{"data":"Vigilance","floor":6.0,"key":"SMITH"},{"floor":15.0,"key":"REST"},{"data":"Perseverance","floor":24,"key":"SMITH"},{"floor":30,"key":"REST"},{"floor":32,"key":"REST"},{"floor":49,"key":"REST"}],"circlet_count":0,"master_deck":["Strike_P+1","Eruption+1","Vigilance+1","EmptyMind+1","ClearTheMind+1","WindmillStrike+1","SpiritShield+1","WindmillStrike+1","Crescendo+1","Establishment+1","CurseOfTheBell","Protect+1","Perseverance+1","CutThroughFate+1","Protect+1","Scrawl+1","Meditate+1","SandsOfTime+1","EmptyMind+1"],"relics":["Hammer of Thor","Seething Fire","Anvil of the Gods","SlaversCollar","Vajra","Boot","Toy Ornithopter","Ancient Tea Set","Calling Bell","Strawberry","Gremlin Horn","WingedGreaves","Happy Flower","StoneCalendar","Pear","Frozen Egg 2","War Paint","Old Coin","VioletLotus","Bag of Marbles","ClockworkSouvenir","TungstenRod","Sundial","HandDrill","Nunchaku","Dream Catcher","Ornamental Fan","Bronze Scales"],"acts_visited":["Exordium","TheCity","TheBeyond"],"potions_floor_usage":[20,22,23,25,27,29,31,39,44],"damage_taken":[{"damage":7.0,"enemies":"Jaw Worm","floor":1.0,"turns":5.0},{"damage":0.0,"enemies":"Small Slimes","floor":3.0,"turns":3.0},{"damage":1.0,"enemies":"Cultist","floor":5.0,"turns":3.0},{"damage":0.0,"enemies":"Blue Slaver","floor":7.0,"turns":3.0},{"damage":19.0,"enemies":"Lagavulin","floor":8.0,"turns":6.0},{"damage":6.0,"enemies":"Exordium Wildlife","floor":10.0,"turns":3.0},{"damage":0.0,"enemies":"Gremlin Nob","floor":11.0,"turns":4.0},{"damage":0.0,"enemies":"Large Slime","floor":12.0,"turns":3.0},{"damage":1.0,"enemies":"3 Sentries","floor":13.0,"turns":4.0},{"damage":21.0,"enemies":"Hexaghost","floor":16.0,"turns":5.0},{"damage":12.0,"enemies":"Spheric Guardian","floor":18.0,"turns":3.0},{"damage":8,"enemies":"2 Thieves","floor":20,"turns":2},{"damage":1,"enemies":"Cultist and Chosen","floor":22,"turns":5},{"damage":25,"enemies":"Slavers","floor":23,"turns":3},{"damage":11,"enemies":"Book of Stabbing","floor":25,"turns":4},{"damage":27,"enemies":"Shelled Parasite and Fungi","floor":27,"turns":5},{"damage":15,"enemies":"Slavers","floor":28,"turns":4},{"damage":3,"enemies":"Chosen and Byrds","floor":29,"turns":3},{"damage":18,"enemies":"Gremlin Leader","floor":31,"turns":3},{"damage":3,"enemies":"Automaton","floor":33,"turns":7},{"damage":9,"enemies":"3 Shapes","floor":35,"turns":3},{"damage":0,"enemies":"Orb Walker","floor":37,"turns":2},{"damage":0,"enemies":"Mind Bloom Boss Battle","floor":39,"turns":4},{"damage":12,"enemies":"Giant Head","floor":40,"turns":5},{"damage":1,"enemies":"Nemesis","floor":42,"turns":3},{"damage":9,"enemies":"3 Darklings","floor":44,"turns":3},{"damage":0,"enemies":"Giant Head","floor":46,"turns":5},{"damage":10,"enemies":"Sphere and 2 Shapes","floor":47,"turns":4},{"damage":0,"enemies":"Spire Growth","floor":48,"turns":3},{"damage":33,"enemies":"Awakened One","floor":50,"turns":6}],"seed_played":"5922429462449388610","potions_obtained":[{"floor":3.0,"key":"Dexterity Potion"},{"floor":5.0,"key":"Swift Potion"},{"floor":10.0,"key":"SmokeBomb"},{"floor":11.0,"key":"AttackPotion"},{"floor":12.0,"key":"Ambrosia"},{"floor":18,"key":"BottledMiracle"},{"floor":20,"key":"Explosive Potion"},{"floor":25,"key":"Block Potion"},{"floor":28,"key":"EssenceOfSteel"},{"floor":29,"key":"Fire Potion"},{"floor":37,"key":"DistilledChaos"},{"floor":39,"key":"DistilledChaos"},{"floor":40,"key":"Explosive Potion"},{"floor":44,"key":"BottledMiracle"},{"floor":47,"key":"FearPotion"}],"is_trial":false,"path_per_floor":["M","?","M","?","M","R","M","E","T","M","E","M","E","?","R","B",null,"M","?","M","$","M","E","R","E","T","M","E","M","R","E","R","B",null,"M","$","M","?","?","E","$","E","T","M","$","E","M","M","R","B",null],"character_chosen":"WATCHER","items_purchased":["Perseverance","CutThroughFate","Happy Flower","Bag of Marbles","ClockworkSouvenir","Meditate","HandDrill","Nunchaku","SneckoOil"],"campfire_rested":4,"item_purchase_floors":[21,21,21,36,36,36,41,41,45],"current_hp_per_floor":[65,51,51,51,50,50,50,31,31,25,25,25,24,24,45,29,79,67,67,64,64,68,48,48,52,52,30,15,17,43,30,56,53,89,80,80,80,80,85,73,73,72,72,68,68,68,58,58,84,51],"gold":84,"neow_bonus":"BOSS_RELIC","is_daily":false,"chose_seed":false,"campfire_upgraded":2,"win_rate":0.0,"timestamp":1612465384,"path_taken":["M","?","M","?","M","R","M","E","T","M","E","M","E","?","R","BOSS","M","?","M","$","M","E","R","E","T","?","E","M","R","E","R","BOSS","M","$","M","?","?","E","$","E","T","M","?","E","M","?","R","BOSS"],"items_purchased_type":["Card","Card","Relic","Relic","Relic","Card","Relic","Relic","Potion"],"build_version":"2020-12-22","purchased_purges":3,"victory":true,"max_hp_per_floor":[72,72,72,72,72,72,72,72,72,72,72,72,72,72,72,72,79,79,79,79,79,79,79,79,89,89,89,89,89,89,89,89,89,89,89,89,89,89,89,89,89,89,89,89,89,89,89,89,89,89],"card_choices":[{"not_picked":["BowlingBash","Halt"],"picked":"EmptyMind","floor":1.0},{"not_picked":["SashWhip","MasterReality"],"picked":"FollowUp","floor":3.0},{"not_picked":["BowlingBash","Halt","SashWhip"],"picked":"SKIP","floor":5.0},{"not_picked":["WindmillStrike","Adaptation"],"picked":"ClearTheMind","floor":7.0},{"not_picked":["EmptyBody","EmptyFist"],"picked":"SpiritShield","floor":8.0},{"not_picked":["CrushJoints","Halt","ClearTheMind"],"picked":"SKIP","floor":10.0},{"not_picked":["Pray","Prostrate"],"picked":"WindmillStrike","floor":11.0},{"not_picked":["Conclude","Consecrate"],"picked":"Crescendo","floor":12.0},{"not_picked":["WreathOfFlame","FollowUp","Evaluate"],"picked":"SKIP","floor":13.0},{"not_picked":["Devotion","Omniscience"],"picked":"Establishment","floor":16.0},{"not_picked":["ThirdEye","PathToVictory"],"picked":"Protect","floor":18},{"not_picked":["Indignation","Weave","Collect"],"picked":"SKIP","floor":20},{"not_picked":["MentalFortress","FlurryOfBlows","FollowUp"],"picked":"SKIP","floor":22},{"not_picked":["Consecrate","PathToVictory","Halt"],"picked":"SKIP","floor":23},{"not_picked":["JustLucky","Omniscience","MentalFortress"],"picked":"SKIP","floor":25},{"not_picked":["BowlingBash+1","Crescendo","ThirdEye"],"picked":"SKIP","floor":27},{"not_picked":["WheelKick","Crescendo"],"picked":"Protect","floor":28},{"not_picked":["FlurryOfBlows","Swivel","Halt+1"],"picked":"SKIP","floor":29},{"not_picked":["CrushJoints","EmptyBody","Collect+1"],"picked":"SKIP","floor":31},{"not_picked":["Devotion+1","Wish"],"picked":"Scrawl","floor":33},{"not_picked":["Crescendo","MentalFortress+1","Wallop"],"picked":"SKIP","floor":35},{"not_picked":["Study+1","EmptyBody+1","Prostrate+1"],"picked":"SKIP","floor":37},{"not_picked":["WreathOfFlame","FollowUp","ThirdEye+1"],"picked":"SKIP","floor":40},{"not_picked":["PathToVictory+1","JustLucky"],"picked":"EmptyMind+1","floor":42},{"not_picked":["Conclude","CutThroughFate+1","JustLucky"],"picked":"SKIP","floor":44},{"not_picked":["Brilliance","PathToVictory","WheelKick"],"picked":"SKIP","floor":46},{"not_picked":["EmptyMind+1","JustLucky","EmptyBody"],"picked":"SKIP","floor":47},{"not_picked":["TalkToTheHand+1","ClearTheMind+1","EmptyMind+1"],"picked":"SKIP","floor":48}],"player_experience":37036,"relics_obtained":[{"floor":8.0,"key":"Vajra"},{"floor":9.0,"key":"Boot"},{"floor":11.0,"key":"Toy Ornithopter"},{"floor":13.0,"key":"Ancient Tea Set"},{"floor":17.0,"key":"Strawberry"},{"floor":17.0,"key":"Gremlin Horn"},{"floor":17.0,"key":"WingedGreaves"},{"floor":23,"key":"StoneCalendar"},{"floor":25,"key":"Pear"},{"floor":26,"key":"Frozen Egg 2"},{"floor":28,"key":"War Paint"},{"floor":31,"key":"Old Coin"},{"floor":39,"key":"TungstenRod"},{"floor":40,"key":"Sundial"},{"floor":42,"key":"Dream Catcher"},{"floor":43,"key":"Ornamental Fan"},{"floor":46,"key":"Bronze Scales"}],"event_choices":[{"damage_healed":0.0,"max_hp_gain":0.0,"max_hp_loss":0.0,"gold_gain":0.0,"event_name":"Shining Light","player_choice":"Entered Light","floor":2.0,"gold_loss":0.0,"damage_taken":14.0,"cards_upgraded":["Defend_P","Defend_P"]},{"damage_healed":0.0,"max_hp_gain":0.0,"max_hp_loss":0.0,"gold_gain":175.0,"event_name":"Liars Game","player_choice":"AGREE","floor":4.0,"gold_loss":0.0,"damage_taken":0.0,"cards_obtained":["Doubt"]},{"cards_removed":["Defend_P"],"damage_healed":0.0,"max_hp_gain":0.0,"max_hp_loss":0.0,"gold_gain":0.0,"event_name":"The Cleric","player_choice":"Card Removal","floor":14.0,"gold_loss":50.0,"damage_taken":0.0},{"damage_healed":0,"gold_gain":0,"player_choice":"2 cards matched","damage_taken":0,"max_hp_gain":0,"max_hp_loss":0,"event_name":"Match and Keep!","floor":19,"gold_loss":0,"cards_obtained":["BowlingBash","Tantrum"]},{"cards_removed":["FollowUp"],"damage_healed":0,"gold_gain":0,"player_choice":"Removed Attack","damage_taken":0,"max_hp_gain":0,"max_hp_loss":0,"event_name":"Falling","floor":38,"gold_loss":0},{"damage_healed":0,"gold_gain":0,"player_choice":"Fight","damage_taken":0,"max_hp_gain":0,"max_hp_loss":0,"event_name":"MindBloom","floor":39,"gold_loss":0}],"is_beta":false,"boss_relics":[{"not_picked":["SacredBark","Sozu"],"picked":"Calling Bell"},{"not_picked":["Snecko Eye","Tiny House"],"picked":"VioletLotus"}],"items_purged_floors":[21,36,41],"is_endless":false,"potions_floor_spawned":[3,5,10,11,12,18,20,25,28,29,37,39,40,44,46,47],"ascension_level":1}}