{"host":"ul3z8ex5o8l5j7mh","time":1612459831,"event":{"mods":["AchievementEnabler","BaseMod","Colored Map","Colored Powertips","DeckTracker","Minty Spire (QoL Compilation)","SuperFastMode"],"gold_per_floor":[214,174,36,56,76,76,91,121,148,182,182,257,257,277,277,382,382,398,2,13,29,44,44,44],"floor_reached":23,"language":"ENG","playtime":743,"items_purged":[],"score":251,"play_id":"d3aab36f-7bc4-4037-831e-eee5aaf6e62b","local_time":"20210204183031","is_ascension_mode":true,"campfire_choices":[{"data":"Uppercut","floor":6,"key":"SMITH"},{"floor":11,"key":"RECALL"},{"data":"Bludgeon","floor":13,"key":"SMITH"},{"data":"Armaments","floor":15,"key":"SMITH"}],"circlet_count":0,"master_deck":["Strike_R","Strike_R","Strike_R","Strike_R","Strike_R","Defend_R","Defend_R","Defend_R","Defend_R","Bash","Uppercut+1","Bludgeon+1","Anger","Armaments+1","Searing Blow","Cleave","Shrug It Off","Clothesline","Bludgeon","Anger+1","Flex","Inflame"],"relics":["Burning Blood","Oddly Smooth Stone","Happy Flower","Lantern","Busted Crown","Pantograph","Bag of Marbles"],"acts_visited":["Exordium","TheCity"],"potions_floor_usage":[7,8,8,8,8,8,8,10,10,16,16],"damage_taken":[{"damage":16,"enemies":"Jaw Worm","floor":1,"turns":4},{"damage":0,"enemies":"Cultist","floor":4,"turns":2},{"damage":0,"enemies":"Small Slimes","floor":5,"turns":2},{"damage":7,"enemies":"Blue Slaver","floor":7,"turns":3},{"damage":0,"enemies":"Lagavulin","floor":8,"turns":1},{"damage":2,"enemies":"3 Sentries","floor":10,"turns":5},{"damage":15,"enemies":"Exordium Thugs","floor":14,"turns":4},{"damage":41,"enemies":"Slime Boss","floor":16,"turns":7},{"damage":8,"enemies":"3 Byrds","floor":18,"turns":4},{"damage":8,"enemies":"Spheric Guardian","floor":20,"turns":4},{"damage":9,"enemies":"Snake Plant","floor":21,"turns":2},{"damage":16,"enemies":"3 Cultists","floor":22,"turns":4},{"damage":66,"enemies":"Gremlin Leader","floor":23,"turns":5}],"seed_played":"-4147650799564033306","potions_obtained":[{"floor":2,"key":"LiquidBronze"},{"floor":2,"key":"EntropicBrew"},{"floor":2,"key":"SteroidPotion"},{"floor":5,"key":"EntropicBrew"},{"floor":7,"key":"LiquidMemories"},{"floor":10,"key":"Ancient Potion"},{"floor":14,"key":"Fire Potion"},{"floor":21,"key":"Ancient Potion"}],"is_trial":false,"path_per_floor":["M","?","$","M","M","R","M","E","T","E","R","?","R","M","R","B",null,"M","$","M","M","M","E"],"character_chosen":"IRONCLAD","items_purchased":["Bludgeon","Pantograph","Bag of Marbles"],"campfire_rested":0,"item_purchase_floors":[3,19,19],"current_hp_per_floor":[70,70,70,76,80,80,79,80,80,80,80,69,69,60,60,25,80,78,78,76,73,63,0,0],"gold":44,"neow_bonus":"HUNDRED_GOLD","is_daily":false,"chose_seed":false,"campfire_upgraded":3,"win_rate":0.0,"timestamp":1612459831,"path_taken":["M","?","$","?","M","R","M","E","T","E","R","?","R","M","R","BOSS","M","$","M","M","M","E"],"items_purchased_type":["Card","Relic","Relic"],"build_version":"2020-12-22","purchased_purges":0,"victory":false,"max_hp_per_floor":[80,80,80,80,80,80,80,80,80,80,80,80,80,80,80,80,80,80,80,80,80,80,80,80],"card_choices":[{"not_picked":["Iron Wave","Heavy Blade"],"picked":"Uppercut","floor":1},{"not_picked":["Disarm","Perfected Strike"],"picked":"Anger","floor":4},{"not_picked":["Fire Breathing","Evolve"],"picked":"Armaments","floor":5},{"not_picked":["Pommel Strike","Headbutt"],"picked":"Searing Blow","floor":7},{"not_picked":["Sentinel","Perfected Strike"],"picked":"Cleave","floor":8},{"not_picked":["Burning Pact","Infernal Blade"],"picked":"Shrug It Off","floor":10},{"not_picked":["Battle Trance","Cleave"],"picked":"Clothesline","floor":14},{"not_picked":["Limit Break","Fiend Fire"],"picked":"Bludgeon","floor":16},{"not_picked":[],"picked":"Anger+1","floor":18},{"not_picked":[],"picked":"Flex","floor":20},{"not_picked":[],"picked":"Inflame","floor":21},{"not_picked":["Thunderclap"],"picked":"SKIP","floor":22}],"player_experience":309266,"relics_obtained":[{"floor":8,"key":"Oddly Smooth Stone"},{"floor":9,"key":"Happy Flower"},{"floor":10,"key":"Lantern"}],"event_choices":[{"damage_healed":0,"gold_gain":0,"player_choice":"Bought 3 Potions","damage_taken":0,"max_hp_gain":0,"max_hp_loss":0,"event_name":"The Woman in Blue","floor":2,"gold_loss":0},{"damage_healed":0,"gold_gain":75,"player_choice":"Gather Gold","damage_taken":11,"max_hp_gain":0,"max_hp_loss":0,"event_name":"World of Goop","floor":12,"gold_loss":0}],"is_beta":false,"boss_relics":[{"not_picked":["Empty Cage","Black Blood"],"picked":"Busted Crown"}],"items_purged_floors":[],"is_endless":false,"potions_floor_spawned":[5,7,10,14,21],"killed_by":"Gremlin Leader","ascension_level":2}}