{"host":"928gv66myv2vlnsd","time":1612417423,"event":{"mods":["BaseMod","Highlight Path","Minty Spire (QoL Compilation)","StSLib"],"gold_per_floor":[111,111,36,53,12,37,37,50,50,75,0,37,37,77,77,161,161,186,186,195,26,26,52,52,79,79,122,122,158,177,177,177,263,263,281,281,281,281],"floor_reached":37,"language":"ENG","playtime":2791,"items_purged":["Strike_R"],"score":1034,"play_id":"1bcc378d-3f0c-4881-a12b-adf3f352c37f","local_time":"20210204004343","is_ascension_mode":true,"campfire_choices":[{"data":"Apotheosis","floor":7,"key":"SMITH"},{"floor":15,"key":"REST"},{"floor":24,"key":"REST"},{"data":"Offering","floor":28,"key":"SMITH"},{"floor":32,"key":"REST"}],"circlet_count":0,"master_deck":["AscendersBane","Strike_R+1","Strike_R+1","Strike_R+1","Strike_R+1","Defend_R+1","Defend_R+1","Defend_R+1","Defend_R+1","Bash","Apotheosis+1","Armaments","Body Slam","Evolve","Carnage","Reaper+1","True Grit+1","Flame Barrier","Shrug It Off","Offering+1","Disarm","J.A.X.+1","Metallicize","Metallicize","Sword Boomerang+1","Exhume"],"relics":["Burning Blood","Question Card","WingedGreaves","CeramicFish","Self Forming Clay","Velvet Choker","Nilry\u0027s Codex","Blood Vial","War Paint","Centennial Puzzle","Happy Flower","Whetstone","Bag of Marbles","SlaversCollar"],"acts_visited":["Exordium","TheCity","TheBeyond"],"potions_floor_usage":[14,16,16,29,37],"damage_taken":[{"damage":12,"enemies":"Small Slimes","floor":1,"turns":5},{"damage":7,"enemies":"2 Louse","floor":4,"turns":3},{"damage":10,"enemies":"3 Sentries","floor":6,"turns":8},{"damage":7,"enemies":"Jaw Worm","floor":8,"turns":4},{"damage":32,"enemies":"Lagavulin","floor":10,"turns":6},{"damage":31,"enemies":"3 Sentries","floor":12,"turns":11},{"damage":8,"enemies":"Gremlin Nob","floor":14,"turns":3},{"damage":41,"enemies":"Slime Boss","floor":16,"turns":13},{"damage":6,"enemies":"Chosen","floor":18,"turns":6},{"damage":12,"enemies":"Gremlin Leader","floor":23,"turns":6},{"damage":25,"enemies":"Book of Stabbing","floor":25,"turns":7},{"damage":32,"enemies":"Slavers","floor":27,"turns":8},{"damage":19,"enemies":"Book of Stabbing","floor":29,"turns":7},{"damage":11,"enemies":"2 Thieves","floor":30,"turns":4},{"damage":40,"enemies":"Champ","floor":33,"turns":20},{"damage":33,"enemies":"3 Darklings","floor":35,"turns":7},{"damage":70,"enemies":"Awakened One","floor":37,"turns":7}],"seed_played":"-5048843928445129694","potions_obtained":[{"floor":4,"key":"DuplicationPotion"},{"floor":8,"key":"BlessingOfTheForge"},{"floor":10,"key":"Weak Potion"},{"floor":14,"key":"SteroidPotion"},{"floor":23,"key":"SpeedPotion"},{"floor":30,"key":"LiquidBronze"}],"is_trial":false,"path_per_floor":["M","?","?","M","$","E","R","M","T","E","$","E","$","E","R","B",null,"M","?","?","$","?","E","R","E","T","E","R","E","M","?","R","B",null,"M","?","B"],"character_chosen":"IRONCLAD","items_purchased":["Evolve","Blood Vial"],"campfire_rested":3,"item_purchase_floors":[5,21],"current_hp_per_floor":[62,67,67,66,66,62,62,61,61,35,35,25,25,23,47,16,64,64,43,43,43,43,63,80,61,61,61,61,61,63,63,80,80,80,53,53,0,0],"gold":281,"neow_bonus":"RANDOM_COLORLESS_2","is_daily":false,"chose_seed":false,"campfire_upgraded":2,"win_rate":0.0,"timestamp":1612417423,"path_taken":["M","?","?","M","?","E","R","M","T","E","$","E","?","E","R","BOSS","M","?","?","$","?","E","R","E","T","E","R","E","?","?","R","BOSS","M","?","BOSS"],"items_purchased_type":["Card","Relic"],"build_version":"2020-12-22","purchased_purges":1,"victory":false,"max_hp_per_floor":[75,80,80,80,80,80,80,80,80,80,80,80,80,80,80,80,80,80,80,80,80,80,80,80,80,80,80,80,80,80,80,80,80,80,80,80,80,80],"card_choices":[{"not_picked":["Violence","Panache"],"picked":"Apotheosis","floor":0},{"not_picked":["Warcry","Havoc"],"picked":"Armaments","floor":1},{"not_picked":["Armaments","Anger"],"picked":"Body Slam","floor":4},{"not_picked":["Fire Breathing","Anger"],"picked":"Carnage","floor":6},{"not_picked":["Shrug It Off","Warcry","Body Slam"],"picked":"Reaper","floor":8},{"not_picked":["Flex","Rupture","Metallicize"],"picked":"True Grit","floor":10},{"not_picked":["Anger","Rage","Iron Wave"],"picked":"Flame Barrier","floor":12},{"not_picked":["Searing Blow","Warcry","Clash"],"picked":"Shrug It Off","floor":14},{"not_picked":["Brutality","Impervious","Demon Form"],"picked":"Offering","floor":16},{"not_picked":["Iron Wave","Whirlwind","Shockwave"],"picked":"Disarm","floor":18},{"not_picked":["Headbutt","Pummel","Uppercut","Clothesline"],"picked":"SKIP","floor":23},{"not_picked":["Shrug It Off","Anger","Wild Strike","Impervious"],"picked":"SKIP","floor":25},{"not_picked":["True Grit","Body Slam","Cleave"],"picked":"Metallicize","floor":27},{"not_picked":["Hemokinesis","Evolve","Infernal Blade"],"picked":"Metallicize","floor":29},{"not_picked":["Heavy Blade","Flex","Warcry"],"picked":"Sword Boomerang+1","floor":30},{"not_picked":["Demon Form","Juggernaut","Berserk"],"picked":"Exhume","floor":33},{"not_picked":["Headbutt+1","Pommel Strike+1","Blood for Blood","Entrench"],"picked":"SKIP","floor":35}],"player_experience":1453483,"relics_obtained":[{"floor":6,"key":"Question Card"},{"floor":10,"key":"WingedGreaves"},{"floor":12,"key":"CeramicFish"},{"floor":14,"key":"Self Forming Clay"},{"floor":19,"key":"Nilry\u0027s Codex"},{"floor":23,"key":"War Paint"},{"floor":25,"key":"Centennial Puzzle"},{"floor":26,"key":"Happy Flower"},{"floor":27,"key":"Whetstone"},{"floor":29,"key":"Bag of Marbles"}],"event_choices":[{"damage_healed":0,"gold_gain":0,"player_choice":"Donut","damage_taken":0,"max_hp_gain":5,"max_hp_loss":0,"event_name":"Big Fish","floor":2,"gold_loss":0},{"cards_removed":["Normality"],"damage_healed":0,"gold_gain":0,"player_choice":"Card Removal","damage_taken":0,"max_hp_gain":0,"max_hp_loss":0,"event_name":"The Cleric","floor":3,"gold_loss":75},{"damage_healed":0,"gold_gain":0,"player_choice":"Obtained Book","damage_taken":21,"max_hp_gain":0,"max_hp_loss":0,"event_name":"Cursed Tome","floor":19,"gold_loss":0},{"damage_healed":0,"gold_gain":0,"player_choice":"Obtain J.A.X.","damage_taken":0,"max_hp_gain":0,"max_hp_loss":0,"event_name":"Drug Dealer","floor":20,"gold_loss":0,"cards_obtained":["J.A.X."]},{"damage_healed":0,"gold_gain":0,"player_choice":"Forge","damage_taken":0,"max_hp_gain":0,"max_hp_loss":0,"event_name":"Accursed Blacksmith","floor":22,"gold_loss":0,"cards_upgraded":["J.A.X."]},{"damage_healed":0,"gold_gain":0,"player_choice":"Simplicity","damage_taken":0,"max_hp_gain":0,"max_hp_loss":0,"event_name":"Back to Basics","floor":31,"gold_loss":0,"cards_upgraded":["Strike_R","Strike_R","Strike_R","Defend_R","Defend_R","Defend_R"]},{"damage_healed":0,"gold_gain":0,"player_choice":"Took Portal","damage_taken":0,"max_hp_gain":0,"max_hp_loss":0,"event_name":"SecretPortal","floor":36,"gold_loss":0}],"is_beta":false,"boss_relics":[{"not_picked":["Tiny House","Runic Dome"],"picked":"Velvet Choker"},{"not_picked":["Pandora\u0027s Box","Sozu"],"picked":"SlaversCollar"}],"items_purged_floors":[11],"is_endless":false,"potions_floor_spawned":[4,8,10,14,23,30],"killed_by":"Awakened One","ascension_level":20}}