{"host":"mgjbkrm6zb65cm01","time":1612456027,"event":{"mods":["ATMod(°¢èªMod)","BaseMod","Conspire","Good Game Mod","Marisa£¨ìFÓê¡¡Ä§ÀíÉ³£©","Minty Spire (QoL Compilation)","Quick Restart","Relic Stats","Replay The Spire","Spicy Shops","StSLib","The Bladedancer","The Servant 0.9.4","UnlockEverythingMod","noobMod"],"gold_per_floor":[119,132,148,161,178,204,204,17,43,68,68,80,103,129,129,129,129],"floor_reached":16,"language":"ZHS","playtime":699,"items_purged":["Strike_R"],"score":122,"play_id":"d0fcd812-9956-4a1b-8bfb-67e81208af05","local_time":"20210205002707","is_ascension_mode":false,"campfire_choices":[{"data":"Limit Break","floor":7.0,"key":"SMITH"},{"floor":11.0,"key":"RECALL"},{"data":"Armaments","floor":15.0,"key":"SMITH"}],"circlet_count":0,"master_deck":["Strike_R","Strike_R","Strike_R","Strike_R","Defend_R","Defend_R","Defend_R","Defend_R","Bash","Shockwave","Heavy Blade","Armaments+1","Pummel","True Grit","Shockwave","Shrug It Off","Limit Break+1","Parasite","Pride","Heavy Blade","ReplayTheSpireMod:Stacked","Barricade","ReplayTheSpireMod:Stacked"],"relics":["Burning Blood","REME:ComplimentaryCards","ice","AT_ATBox","NeowsBlessing","Prayer Wheel","TungstenRod","Replay:Wax Seal","ReplayTheSpireMod:CursedCoin","Pen Nib","ClockworkSouvenir","AT_EbonyIvory","Vajra","Odd Mushroom","Replay:Mystery Machine"],"acts_visited":["Exordium"],"potions_floor_usage":[],"damage_taken":[{"damage":0.0,"enemies":"Jaw Worm","floor":1.0,"turns":1.0},{"damage":0.0,"enemies":"Small Slimes","floor":2.0,"turns":1.0},{"damage":0.0,"enemies":"Cultist","floor":3.0,"turns":2.0},{"damage":10.0,"enemies":"Looter","floor":4.0,"turns":3.0},{"damage":11.0,"enemies":"Large Slime","floor":5.0,"turns":7.0},{"damage":9.0,"enemies":"3 Sentries","floor":6.0,"turns":3.0},{"damage":33.0,"enemies":"Lagavulin","floor":10.0,"turns":6.0},{"damage":8.0,"enemies":"Blue Slaver","floor":12.0,"turns":4.0},{"damage":12.0,"enemies":"The Mushroom Lair","floor":13.0,"turns":4.0},{"damage":27.0,"enemies":"3 Sentries","floor":14.0,"turns":5.0},{"damage":0,"enemies":"Fading Forest","floor":16,"turns":2}],"seed_played":"-75435710929834108","potions_obtained":[{"floor":2.0,"key":"HeartOfIron"},{"floor":5.0,"key":"AttackPotion"},{"floor":6.0,"key":"Fire Potion"},{"floor":12.0,"key":"ElixirPotion"}],"is_trial":false,"path_per_floor":["M","M","M","M","M","E","R","$","T","E","R","M","?","E","R","B"],"character_chosen":"IRONCLAD","items_purchased":["Replay:Wax Seal","ReplayTheSpireMod:CursedCoin","Pen Nib","ClockworkSouvenir","Heavy Blade"],"campfire_rested":0,"item_purchase_floors":[8,8,8,8,8],"current_hp_per_floor":[80,80,80,76,71,68,68,68,68,41,41,39,33,12,12,12,12],"gold":129,"neow_bonus":"THREE_ENEMY_KILL","is_daily":false,"chose_seed":false,"campfire_upgraded":2,"win_rate":0.0,"timestamp":1612456027,"path_taken":["M","M","M","M","M","E","R","$","T","E","R","M","?","E","R","BOSS"],"items_purchased_type":["Relic","Relic","Relic","Relic","Card"],"build_version":"2020-12-22","purchased_purges":1,"victory":false,"max_hp_per_floor":[80,80,80,80,80,80,80,80,80,80,80,80,80,80,80,80,80],"relic_stats":{"counters":[11,38],"Prayer Wheel":4,"Pen Nib":[2],"obtain_stats":[{"AT_ATBox":0,"NeowsBlessing":0,"ReplayTheSpireMod:CursedCoin":8,"Vajra":10,"Pen Nib":8,"AT_EbonyIvory":9,"ice":0,"Odd Mushroom":13,"Replay:Mystery Machine":14,"Burning Blood":0,"ClockworkSouvenir":8,"REME:ComplimentaryCards":0,"Prayer Wheel":3,"Replay:Wax Seal":8,"TungstenRod":6},{"AT_ATBox":0,"NeowsBlessing":0,"ReplayTheSpireMod:CursedCoin":6,"Vajra":7,"Pen Nib":6,"AT_EbonyIvory":6,"ice":0,"Odd Mushroom":9,"Replay:Mystery Machine":10,"Burning Blood":0,"ClockworkSouvenir":6,"REME:ComplimentaryCards":0,"Prayer Wheel":3,"Replay:Wax Seal":6,"TungstenRod":6},{"AT_ATBox":0,"NeowsBlessing":0,"ReplayTheSpireMod:CursedCoin":17,"Vajra":23,"Pen Nib":17,"AT_EbonyIvory":17,"ice":0,"Odd Mushroom":31,"Replay:Mystery Machine":36,"Burning Blood":0,"ClockworkSouvenir":17,"REME:ComplimentaryCards":0,"Prayer Wheel":3,"Replay:Wax Seal":17,"TungstenRod":17}],"Burning Blood":42,"TungstenRod":14},"card_choices":[{"not_picked":["True Grit","Headbutt"],"picked":"Shockwave","floor":1.0},{"not_picked":["Pummel","Cleave"],"picked":"Heavy Blade","floor":2.0},{"not_picked":["Wild Strike","Headbutt"],"picked":"Armaments","floor":3.0},{"not_picked":["Iron Wave","Pommel Strike"],"picked":"Pummel","floor":3.0},{"not_picked":["Blood for Blood","Armaments"],"picked":"True Grit","floor":4.0},{"not_picked":["Wild Strike","ReplayTheSpireMod:Strike From Hell"],"picked":"Shockwave","floor":4.0},{"not_picked":["Havoc","Clash"],"picked":"Shrug It Off","floor":5.0},{"not_picked":["Clothesline","Body Slam","Rupture"],"picked":"SKIP","floor":5.0},{"not_picked":["Run Through","conspire:Purge"],"picked":"Limit Break","floor":6.0},{"not_picked":["Heavy Blade","Hemokinesis"],"picked":"ReplayTheSpireMod:Stacked","floor":10.0},{"not_picked":["True Grit","Run Through","Body Slam"],"picked":"SKIP","floor":12.0},{"not_picked":["Body Slam","True Grit","Run Through"],"picked":"SKIP","floor":12.0},{"not_picked":["Shockwave","Run Through"],"picked":"Barricade","floor":13.0},{"not_picked":["Anger","True Grit"],"picked":"ReplayTheSpireMod:Stacked","floor":14.0}],"player_experience":131834,"relics_obtained":[{"floor":6.0,"key":"TungstenRod"},{"floor":9.0,"key":"AT_EbonyIvory"},{"floor":10.0,"key":"Vajra"},{"floor":13.0,"key":"Odd Mushroom"},{"floor":14.0,"key":"Replay:Mystery Machine"}],"event_choices":[{"damage_healed":0.0,"max_hp_gain":0.0,"max_hp_loss":0.0,"gold_gain":0.0,"event_name":"Mushrooms","player_choice":"Fought Mushrooms","floor":13.0,"gold_loss":0.0,"damage_taken":0.0}],"is_beta":false,"boss_relics":[],"items_purged_floors":[8],"is_endless":false,"potions_floor_spawned":[2,5,6,12],"killed_by":"Fading Forest","ascension_level":0}}