{"host":"nb5gh6v3m3euaxag","time":1612405161,"event":{"mods":["BaseMod","Colored Map","Downfall","Hubris","Marisa????????","Minty Spire (QoL Compilation)","Replay The Spire","Shop Mod","StSLib","The Animator","The Bug Knight","The Cursed","The Disciple","The Necromancer","The Runesmith","The Servant 0.9.4"],"gold_per_floor":[99,110,127,138,138,588,588,688,588,598,598,598,628,647,547,38,49,154,154,54,65,84,84,104,104,104,104],"floor_reached":25,"language":"ENG","playtime":3367,"items_purged":[],"score":228,"play_id":"a2684da9-ff7a-4da7-a171-9580c960e81e","local_time":"20210204021921","is_ascension_mode":false,"campfire_choices":[{"data":"Guardian:TwinSlam","floor":1,"key":"SMITH"},{"data":"Guardian:WalkerClaw","floor":9,"key":"SMITH"},{"floor":15,"key":"RECALL"},{"data":"Guardian:BodySlam","floor":20,"key":"SMITH"}],"circlet_count":0,"master_deck":["Guardian:Strike_Guardian","Guardian:Strike_Guardian","Guardian:Strike_Guardian","Guardian:Strike_Guardian+1","Guardian:Defend_Guardian","Guardian:Defend_Guardian+1","Guardian:Defend_Guardian+1","Guardian:Defend_Guardian","Guardian:CurlUp","Guardian:TwinSlam+1","Guardian:WalkerClaw+1","downfall:Icky","downfall:Icky","downfall:Icky","Guardian:ArmoredProtocol","Guardian:Suspension","Guardian:Recover","Guardian:DecasProtection","Guardian:PiercingHide","Guardian:WalkerClaw","Guardian:StasisField","Forethought","Guardian:Repulse","Guardian:BodySlam+1","Guardian:StasisStrike","Guardian:Gem_Lightblue","Guardian:Gem_Cyan","animator:Curse_Greed","Guardian:ChargeCore"],"relics":["Guardian:ModeShifter","downfall:HeartBlessingBlue","Boot","downfall:HeartBlessingGreen","downfall:HeartBlessingRed"],"acts_visited":["Exordium","TheCity"],"potions_floor_usage":[14,14,22],"damage_taken":[{"damage":6,"enemies":"Jaw Worm","floor":2,"turns":4},{"damage":0,"enemies":"Small Slimes","floor":3,"turns":3},{"damage":1,"enemies":"Cultist","floor":4,"turns":5},{"damage":24,"enemies":"Exordium Thugs","floor":10,"turns":6},{"damage":17,"enemies":"Gremlin Nob","floor":13,"turns":6},{"damage":12,"enemies":"Gremlin Gang","floor":14,"turns":4},{"damage":0,"enemies":"downfall:FleeingMerchant","floor":16,"turns":4},{"damage":16,"enemies":"3 Louse","floor":17,"turns":4},{"damage":4,"enemies":"SI_SHIV_ARCHETYPE","floor":18,"turns":13},{"damage":34,"enemies":"Chosen","floor":21,"turns":9},{"damage":22,"enemies":"Sentry and Sphere","floor":22,"turns":10},{"damage":30,"enemies":"Snake Plant","floor":24,"turns":8},{"damage":37,"enemies":"Snecko","floor":25,"turns":5}],"seed_played":"2628019560936015463","potions_obtained":[{"floor":2,"key":"Swift Potion"},{"floor":13,"key":"ColorlessPotion"},{"floor":14,"key":"Regen Potion"}],"is_trial":false,"path_per_floor":["R_BF","M","M","M","?","?","T","?","R","M","PTL","PTL","E","M","R","$","M","B",null,"R","M","M","?","M","M"],"character_chosen":"GUARDIAN","items_purchased":["Guardian:PiercingHide","Guardian:WalkerClaw","Guardian:StasisField","BlessingOfTheForge","Forethought","Guardian:Repulse","Strength Potion"],"campfire_rested":0,"item_purchase_floors":[16,16,16,16,16,16,16],"current_hp_per_floor":[88,82,82,81,81,81,81,81,91,67,67,67,50,38,38,38,22,18,98,98,64,57,57,27,0,0,0],"gold":104,"neow_bonus":"TEN_PERCENT_HP_BONUS","is_daily":false,"chose_seed":false,"campfire_upgraded":3,"win_rate":0.0,"timestamp":1612405161,"path_taken":["R_BF","M","M","M","?","?","T","?","R","?","PTL","PTL","E","M","R","?","M","BOSS","R","M","?","?","?","M"],"items_purchased_type":["Card","Card","Card","Potion","Card","Card","Potion"],"build_version":"2020-12-22","purchased_purges":0,"victory":false,"max_hp_per_floor":[88,88,88,88,88,88,88,88,98,98,98,98,98,98,98,98,98,98,98,98,98,98,98,98,98,98,98],"card_choices":[{"not_picked":["Guardian:RefractedBeam","Guardian:Gem_Lightblue"],"picked":"Guardian:Gem_Red","floor":2},{"not_picked":["Guardian:Gem_Lightblue","Guardian:TimeCapacitor"],"picked":"Guardian:Gem_Green","floor":3},{"not_picked":["Guardian:VentSteam","Guardian:PiercingHide"],"picked":"Guardian:WalkerClaw","floor":4},{"not_picked":["Guardian:RollAttack","Guardian:Gem_Cyan"],"picked":"Guardian:ArmoredProtocol","floor":10},{"not_picked":["Guardian:VentSteam","Guardian:Gem_Blue"],"picked":"Guardian:Suspension","floor":13},{"not_picked":["Guardian:Gem_White","Guardian:Emergency"],"picked":"Guardian:Recover","floor":14},{"not_picked":["Guardian:PrimingBeam","Guardian:Clone"],"picked":"Guardian:DecasProtection","floor":16},{"not_picked":["Guardian:SentryBeam","Guardian:Gem_Fragmented"],"picked":"Guardian:BodySlam","floor":17},{"not_picked":["Guardian:AncientConstruct","Guardian:StasisField"],"picked":"Guardian:StasisStrike","floor":18},{"not_picked":["Guardian:PiercingHide+1","Guardian:TimeCapacitor"],"picked":"Guardian:Gem_Lightblue","floor":21},{"not_picked":["Guardian:Gem_Green","Guardian:Suspension"],"picked":"Guardian:Gem_Cyan","floor":22},{"not_picked":["Guardian:Reroute","Guardian:Gem_Lightblue"],"picked":"Guardian:ChargeCore","floor":24}],"player_experience":109984,"relics_obtained":[{"floor":13,"key":"Boot"}],"event_choices":[{"damage_healed":0,"gold_gain":100,"player_choice":"Gold","damage_taken":0,"max_hp_gain":0,"max_hp_loss":0,"event_name":"Wheel of Change","floor":8,"gold_loss":0}],"is_beta":false,"boss_relics":[{"not_picked":["Snecko Eye","Guardian:StasisSlotReductionRelic","Ring of Chaos"]}],"items_purged_floors":[],"is_endless":false,"potions_floor_spawned":[2,13,14,17,18,21],"killed_by":"Snecko","ascension_level":0}}