{"host":"0luxfixkkfk9wck3","time":1612405883,"event":{"mods":["BaseMod","DeckTracker","Downfall","Highlight Path","Minty Spire (QoL Compilation)","StSLib"],"gold_per_floor":[199,215,231,248,248,398,467,486,11,11,36,61,61,81,99,203,203,203,222,233,233,233,260,285,85,117,2,19,19,19,35,54,155,155,55,66,66,142,142,157,157,17,17,32,32,82,82,82,96,96,96,123,24,24,24,24,24,24],"floor_reached":56,"language":"ENG","playtime":30365,"items_purged":["downfall:Icky","Regret","Pride"],"score":949,"play_id":"933ff87d-e49f-48bc-b4d9-61cfa335953b","local_time":"20210203203123","is_ascension_mode":true,"campfire_choices":[{"data":"sneckomod:TailWhip","floor":1,"key":"SMITH"},{"floor":18,"key":"RECALL"},{"floor":25,"key":"REST"},{"floor":30,"key":"REST"},{"data":"RitualDagger","floor":35,"key":"SMITH"},{"floor":45,"key":"REST"},{"data":"sneckomod:UnlimitedRolls","floor":47,"key":"SMITH"},{"floor":54,"key":"REST"}],"circlet_count":0,"master_deck":["sneckomod:Strike","sneckomod:Strike","sneckomod:Strike+1","sneckomod:Defend","sneckomod:Defend","sneckomod:TailWhip+1","sneckomod:SnekBite","sneckomod:Unknown","sneckomod:Unknown","sneckomod:UnknownUncommonAttack","sneckomod:SlitherStrike","sneckomod:UnknownBlock","champ:RisingSlash+1","sneckomod:MixItUp","champ:EnchantCrown","RitualDagger+1","sneckomod:Unknown0Cost+1","Bludgeon+1","sneckomod:UnendingSupply+1","bronze:SpaghettiCode+1","sneckomod:SerpentIdol+1","sneckomod:UnknownColorless+1","sneckomod:UnlimitedRolls+1","bronze:Format+1","sneckomod:UnknownStrength+1","sneckomod:UnknownBlock+1","sneckomod:UnknownClassRED+1","Juggernaut+1","sneckomod:UnknownUncommonSkill+1","bronze:Format+1","sneckomod:TrashToTreasure+1","Body Slam+1"],"relics":["sneckomod:SuperSneckoSoul","Gremlin Horn","sneckomod:ConfusingCodex","sneckomod:UnknownEgg","Thread and Needle","Whetstone","Happy Flower","Du-Vu Doll","Regal Pillow","downfall:HeartBlessingRed","downfall:HeartBlessingBlue","Toy Ornithopter","NlothsMask","SacredBark","downfall:HeartBlessingGreen","Matryoshka","Juzu Bracelet","Ancient Tea Set","Ice Cream","HornCleat"],"acts_visited":["Exordium","TheCity","TheBeyond","TheEnding"],"potions_floor_usage":[16,23,23,23,26,50,50,50,50,50,50,55,55],"damage_taken":[{"damage":1,"enemies":"Cultist","floor":2,"turns":4},{"damage":0,"enemies":"Small Slimes","floor":3,"turns":4},{"damage":0,"enemies":"2 Louse","floor":4,"turns":2},{"damage":0,"enemies":"2 Fungi Beasts","floor":8,"turns":1},{"damage":0,"enemies":"downfall:FleeingMerchant","floor":9,"turns":4},{"damage":2,"enemies":"Gremlin Nob","floor":12,"turns":3},{"damage":26,"enemies":"Large Slime","floor":14,"turns":3},{"damage":16,"enemies":"Lots of Slimes","floor":15,"turns":3},{"damage":35,"enemies":"IC_STATUS_ARCHETYPE","floor":16,"turns":6},{"damage":4,"enemies":"Chosen","floor":19,"turns":4},{"damage":15,"enemies":"Centurion and Healer","floor":20,"turns":7},{"damage":10,"enemies":"Slavers","floor":23,"turns":4},{"damage":17,"enemies":"Book of Stabbing","floor":26,"turns":3},{"damage":7,"enemies":"downfall:FleeingMerchant","floor":27,"turns":4},{"damage":12,"enemies":"Chosen and Byrds","floor":28,"turns":4},{"damage":0,"enemies":"Snake Plant","floor":31,"turns":2},{"damage":11,"enemies":"Centurion and Healer","floor":32,"turns":3},{"damage":10,"enemies":"SI_MIRROR_ARCHETYPE","floor":33,"turns":6},{"damage":12,"enemies":"3 Darklings","floor":36,"turns":4},{"damage":1,"enemies":"3 Shapes","floor":40,"turns":4},{"damage":11,"enemies":"downfall:FleeingMerchant","floor":42,"turns":4},{"damage":6,"enemies":"Jaw Worm Horde","floor":44,"turns":4},{"damage":0,"enemies":"downfall:FleeingMerchant","floor":46,"turns":1},{"damage":26,"enemies":"Maw","floor":49,"turns":6},{"damage":90,"enemies":"DF_ARCHETYPE_ORBS","floor":50,"turns":7},{"damage":40,"enemies":"downfall:CharBossMerchant","floor":52,"turns":8},{"damage":85,"enemies":"downfall:NeowBoss","floor":55,"turns":15},{"damage":19,"enemies":"downfall:NeowBossFinal","floor":56,"turns":5}],"seed_played":"4816279537116586592","potions_obtained":[{"floor":3,"key":"ColorlessPotion"},{"floor":12,"key":"DistilledChaos"},{"floor":19,"key":"Weak Potion"},{"floor":23,"key":"DuplicationPotion"},{"floor":32,"key":"Dexterity Potion"},{"floor":40,"key":"EntropicBrew"}],"is_trial":false,"path_per_floor":["R","M","M","M","T","?","T","M","$","?","T","E","R","M","M","B",null,"R","M","M","?","?","E","T","R","E","$","M","?","R","M","M","B",null,"R","M","?","T","?","M","T","$","?","M","R","$","R","?","M","B",null,"E","$","R","B","B"],"character_chosen":"THE_SNECKO","items_purchased":["sneckomod:UnknownEgg","DuplicationPotion","Ice Cream","Swift Potion","Block Potion"],"campfire_rested":4,"item_purchase_floors":[9,9,46,53,53],"current_hp_per_floor":[81,80,80,80,80,80,80,80,80,80,80,78,78,77,66,51,80,80,76,61,55,55,45,45,100,83,81,69,69,100,100,89,79,95,95,83,83,83,83,82,82,71,71,65,100,100,100,100,74,14,79,39,39,84,19,0,0,0],"gold":24,"neow_bonus":"HUNDRED_GOLD","is_daily":false,"chose_seed":false,"campfire_upgraded":3,"win_rate":0.0,"timestamp":1612405883,"path_taken":["R","M","M","M","?","?","T","M","$","?","?","E","R","M","M","BOSS","R","M","M","?","?","E","T","R","E","$","M","?","R","?","M","BOSS","R","M","?","?","?","M","T","?","?","M","R","$","R","?","M","BOSS","E","$","R","BOSS","BOSS"],"items_purchased_type":["Relic","Potion","Relic","Potion","Potion"],"build_version":"2020-12-22","purchased_purges":3,"victory":false,"max_hp_per_floor":[90,90,90,90,90,90,90,90,90,90,90,90,90,90,90,90,90,90,90,90,90,90,90,90,100,100,100,100,100,100,100,100,100,100,100,100,100,100,100,100,100,100,100,100,100,100,100,100,100,100,100,100,100,100,100,100,100,100],"card_choices":[{"not_picked":["sneckomod:WideSting","sneckomod:Unknown1Cost"],"picked":"sneckomod:UnknownStrike","floor":2},{"not_picked":["sneckomod:UnknownExhaust","sneckomod:SoulCleanse"],"picked":"sneckomod:UnknownUncommonAttack","floor":3},{"not_picked":["sneckomod:SnakeSap","sneckomod:DefensiveFlair"],"picked":"sneckomod:SlitherStrike","floor":4},{"not_picked":["sneckomod:RainOfDice","sneckomod:WideSting"],"picked":"sneckomod:UnknownExhaust","floor":8},{"not_picked":["sneckomod:UnknownColorless","sneckomod:UnknownDraw"],"picked":"sneckomod:UnknownBlock","floor":9},{"not_picked":["sneckomod:UnknownX+1","sneckomod:CheapStock"],"picked":"sneckomod:UnknownRarePower+1","floor":12},{"not_picked":["sneckomod:SerpentIdol","sneckomod:Nope"],"picked":"sneckomod:UnknownX+1","floor":14},{"not_picked":["sneckomod:UnknownCommonAttack+1","sneckomod:Nope"],"picked":"sneckomod:MixItUp","floor":15},{"not_picked":["sneckomod:GlitteringGambit","sneckomod:Mudshield"],"picked":"sneckomod:Unknown3Cost+1","floor":16},{"not_picked":["sneckomod:WideSting+1","sneckomod:QuickMove"],"picked":"sneckomod:UnknownCommonAttack+1","floor":19},{"not_picked":["sneckomod:DiceCrush+1","sneckomod:DiceBlock","sneckomod:SlitherStrike"],"picked":"SKIP","floor":20},{"not_picked":["sneckomod:SerpentIdol","sneckomod:RainOfDice"],"picked":"sneckomod:Unknown0Cost+1","floor":23},{"not_picked":["sneckomod:UnknownUncommonSkill+1","sneckomod:SoulRoll"],"picked":"sneckomod:UnendingSupply+1","floor":26},{"not_picked":["sneckomod:ImprovisedAttack+1","sneckomod:PureSnecko"],"picked":"sneckomod:UnknownRareSkill+1","floor":27},{"not_picked":["sneckomod:TrashToTreasure","sneckomod:UnknownClassTHE_CHAMP_GRAY+1"],"picked":"sneckomod:UnknownClassTHE_BRONZE_AUTOMATON+1","floor":28},{"not_picked":["sneckomod:QuickMove+1","sneckomod:Unknown2Cost+1"],"picked":"sneckomod:SerpentIdol+1","floor":31},{"not_picked":["sneckomod:UnknownDraw+1","sneckomod:SnakeSap+1"],"picked":"sneckomod:UnknownColorless+1","floor":32},{"not_picked":["sneckomod:SoulExchange","sneckomod:DangerNoodle"],"picked":"sneckomod:UnlimitedRolls","floor":33},{"not_picked":["sneckomod:SoulRoll+1","sneckomod:DiceCrush"],"picked":"sneckomod:UnknownStrength+1","floor":36},{"not_picked":["sneckomod:SoulDraw","sneckomod:ImprovisedGuard"],"picked":"sneckomod:UnknownBlock+1","floor":40},{"not_picked":["sneckomod:QuickBite","sneckomod:CheapStock+1"],"picked":"sneckomod:UnknownClassRED+1","floor":42},{"not_picked":["sneckomod:SnakeSap+1","sneckomod:DiceBlock+1","sneckomod:SlitherStrike"],"picked":"SKIP","floor":44},{"not_picked":["sneckomod:UnknownCommonAttack+1","sneckomod:Unknown1Cost+1"],"picked":"sneckomod:UnknownUncommonSkill+1","floor":46},{"not_picked":["sneckomod:UnknownStrike+1","sneckomod:UnknownX+1"],"picked":"sneckomod:TrashToTreasure+1","floor":49},{"not_picked":["sneckomod:DefensiveFlair","sneckomod:IronFang+1","sneckomod:ImprovisedAttack+1"],"picked":"SKIP","floor":52}],"player_experience":11488489,"relics_obtained":[{"floor":5,"key":"Gremlin Horn"},{"floor":7,"key":"sneckomod:ConfusingCodex"},{"floor":11,"key":"Whetstone"},{"floor":12,"key":"Happy Flower"},{"floor":23,"key":"Regal Pillow"},{"floor":26,"key":"Toy Ornithopter"},{"floor":39,"key":"Matryoshka"},{"floor":41,"key":"Juzu Bracelet"},{"floor":41,"key":"Ancient Tea Set"},{"floor":52,"key":"HornCleat"}],"event_choices":[{"damage_healed":0,"gold_gain":0,"player_choice":"Box","damage_taken":0,"relics_obtained":["Thread and Needle"],"max_hp_gain":0,"max_hp_loss":0,"event_name":"Big Fish","floor":10,"gold_loss":0,"cards_obtained":["Regret"]},{"damage_healed":0,"gold_gain":0,"player_choice":"Stole Relic","damage_taken":0,"relics_obtained":["Du-Vu Doll"],"max_hp_gain":0,"max_hp_loss":0,"event_name":"Addict","floor":22,"gold_loss":0,"cards_obtained":["Pride"]},{"damage_healed":0,"gold_gain":0,"player_choice":"Trade","damage_taken":0,"relics_obtained":["NlothsMask"],"max_hp_gain":0,"max_hp_loss":0,"event_name":"FaceTrader","floor":29,"gold_loss":0},{"damage_healed":0,"gold_gain":0,"player_choice":"Ignored","damage_taken":0,"max_hp_gain":0,"max_hp_loss":0,"event_name":"Mysterious Sphere","floor":37,"gold_loss":0},{"cards_removed":["sneckomod:Defend"],"damage_healed":0,"gold_gain":0,"player_choice":"Removed Skill","damage_taken":0,"max_hp_gain":0,"max_hp_loss":0,"event_name":"Falling","floor":43,"gold_loss":0}],"is_beta":false,"boss_relics":[{"not_picked":["Tiny House","Fusion Hammer"],"picked":"sneckomod:SuperSneckoSoul"},{"not_picked":["Calling Bell","sneckomod:SneckoBoss"],"picked":"SacredBark"}],"items_purged_floors":[9,27,42],"is_endless":false,"potions_floor_spawned":[3,12,14,19,23,32,40,49],"killed_by":"downfall:NeowBossFinal","ascension_level":8}}