{"host":"k919bq8mkuzdqhzi","time":1612464762,"event":{"mods":["AchievementEnabler","BaseMod","Colored Map","Colored Powertips","DeckTracker","Minty Spire (QoL Compilation)","Relic Sorter","SuperFastMode"],"gold_per_floor":[119,134,36,36,46,46,46,46,93,109,74,88,88,107,107,107,107],"floor_reached":16,"language":"ENG","playtime":924,"items_purged":["Strike_R"],"score":92,"play_id":"db63f356-1ab9-4cbe-a925-b30a5b08cc36","local_time":"20210204135242","is_ascension_mode":false,"campfire_choices":[{"data":"Clothesline","floor":6,"key":"SMITH"},{"data":"Bash","floor":8,"key":"SMITH"},{"data":"Rampage","floor":15,"key":"SMITH"}],"circlet_count":0,"master_deck":["Strike_R","Strike_R","Strike_R","Defend_R","Defend_R","Defend_R","Defend_R","Bash+1","Pummel","Clothesline+1","Shrug It Off","Pommel Strike","Rampage+1","Perfected Strike"],"relics":["Burning Blood","Anchor","Tiny Chest","Toy Ornithopter"],"acts_visited":["Exordium"],"potions_floor_usage":[],"damage_taken":[{"damage":5,"enemies":"Cultist","floor":1,"turns":4},{"damage":9,"enemies":"Jaw Worm","floor":2,"turns":4},{"damage":0,"enemies":"2 Louse","floor":5,"turns":3},{"damage":6,"enemies":"2 Fungi Beasts","floor":10,"turns":5},{"damage":10,"enemies":"Gremlin Gang","floor":12,"turns":7},{"damage":17,"enemies":"Exordium Wildlife","floor":14,"turns":6},{"damage":72,"enemies":"Slime Boss","floor":16,"turns":10}],"seed_played":"-204248617379374014","potions_obtained":[{"floor":5,"key":"BlessingOfTheForge"},{"floor":10,"key":"Dexterity Potion"},{"floor":14,"key":"BlessingOfTheForge"}],"is_trial":false,"path_per_floor":["M","M","$","?","M","R","?","R","T","M","$","M","?","M","R","B"],"character_chosen":"IRONCLAD","items_purchased":["Shrug It Off","Rampage"],"campfire_rested":0,"item_purchase_floors":[3,11],"current_hp_per_floor":[80,77,77,70,76,76,76,76,76,76,76,72,72,61,61,0,0],"gold":107,"neow_bonus":"RANDOM_COMMON_RELIC","is_daily":false,"chose_seed":false,"campfire_upgraded":3,"win_rate":0.0,"timestamp":1612464762,"path_taken":["M","M","$","?","M","R","?","R","T","?","$","M","?","?","R","BOSS"],"items_purchased_type":["Card","Card"],"build_version":"2020-12-22","purchased_purges":1,"victory":false,"max_hp_per_floor":[80,80,80,80,80,80,80,80,80,80,80,80,80,80,80,80,80],"card_choices":[{"not_picked":["Wild Strike","Sentinel"],"picked":"Pummel","floor":1},{"not_picked":["Twin Strike","Power Through"],"picked":"Clothesline","floor":2},{"not_picked":["Warcry","Dark Embrace"],"picked":"Pommel Strike","floor":5},{"not_picked":["Sentinel","Anger","Wild Strike"],"picked":"SKIP","floor":10},{"not_picked":["Pommel Strike","Anger"],"picked":"Perfected Strike","floor":12},{"not_picked":["Warcry","Power Through","Anger"],"picked":"SKIP","floor":14}],"player_experience":86698,"relics_obtained":[{"floor":9,"key":"Tiny Chest"}],"event_choices":[{"cards_removed":["Strike_R"],"damage_healed":0,"gold_gain":0,"player_choice":"Card Removal","damage_taken":7,"max_hp_gain":0,"max_hp_loss":0,"event_name":"Golden Wing","floor":4,"gold_loss":0},{"damage_healed":0,"gold_gain":0,"player_choice":"Ignored","damage_taken":0,"max_hp_gain":0,"max_hp_loss":0,"event_name":"NoteForYourself","floor":7,"gold_loss":0},{"damage_healed":0,"gold_gain":0,"player_choice":"Gave Potion","damage_taken":0,"relics_obtained":["Toy Ornithopter"],"max_hp_gain":0,"max_hp_loss":0,"event_name":"WeMeetAgain","floor":13,"gold_loss":0}],"is_beta":false,"boss_relics":[],"items_purged_floors":[3],"is_endless":false,"potions_floor_spawned":[5,10,14],"killed_by":"Slime Boss","ascension_level":0}}