{"host":"mqzixrakqjp3g00v","time":1612470895,"event":{"mods":["AchievementEnabler","BaseMod","BetterRewards","Colored Map","Colored Powertips","Custom Start","Highlight Path","Minty Spire (QoL Compilation)","Quick Restart","Shop Mod","StSLib"],"gold_per_floor":[114,114,64,12,29,54,54,84,111,111,5,17,30,44,44,142,142,142],"floor_reached":17,"language":"ENG","playtime":595,"items_purged":["Strike_R"],"score":173,"play_id":"107fe203-b407-4b6d-94af-60f45ec686c4","local_time":"20210204143455","is_ascension_mode":true,"campfire_choices":[{"data":"Pommel Strike","floor":7,"key":"SMITH"},{"data":"Bash","floor":10,"key":"SMITH"},{"data":"Strike_R","floor":15,"key":"SMITH"}],"circlet_count":0,"master_deck":["Strike_R","Strike_R","Strike_R+1","Defend_R","Defend_R","Defend_R","Defend_R","Bash+1","Shrug It Off+1","Uppercut+1","Pommel Strike+1","Disarm+1","Twin Strike+1","True Grit+1","Sword Boomerang+1","True Grit+1","Juggernaut"],"relics":["Burning Blood","Toxic Egg 2","MerchantsRug","Torii","Molten Egg 2","Bag of Preparation","Orichalcum","Black Star"],"acts_visited":["Exordium","TheCity"],"potions_floor_usage":[6],"damage_taken":[{"damage":0,"enemies":"Small Slimes","floor":1,"turns":3},{"damage":2,"enemies":"Jaw Worm","floor":5,"turns":3},{"damage":3,"enemies":"Lagavulin","floor":6,"turns":6},{"damage":20,"enemies":"3 Sentries","floor":8,"turns":10},{"damage":0,"enemies":"2 Louse","floor":12,"turns":1},{"damage":1,"enemies":"Red Slaver","floor":13,"turns":3},{"damage":1,"enemies":"Looter","floor":14,"turns":3},{"damage":18,"enemies":"The Guardian","floor":16,"turns":9}],"seed_played":"6387920548108291579","potions_obtained":[{"floor":5,"key":"Energy Potion"},{"floor":6,"key":"FairyPotion"},{"floor":8,"key":"BloodPotion"},{"floor":16,"key":"SteroidPotion"}],"is_trial":false,"path_per_floor":["M","?","?","?","M","E","R","E","T","R","$","M","M","M","R","B",null],"character_chosen":"IRONCLAD","items_purchased":["Toxic Egg 2","MerchantsRug","Shrug It Off+1","Orichalcum","Twin Strike+1"],"campfire_rested":0,"item_purchase_floors":[0,0,0,11,11],"current_hp_per_floor":[80,80,80,80,80,80,80,66,66,66,66,72,77,80,80,68,80,80],"gold":142,"neow_bonus":"","is_daily":false,"chose_seed":false,"campfire_upgraded":3,"win_rate":0.0,"timestamp":1612470895,"path_taken":["M","?","?","?","?","E","R","E","T","R","$","M","M","M","R","BOSS"],"items_purchased_type":["Relic","Relic","Card","Relic","Card"],"build_version":"2020-12-22","purchased_purges":1,"victory":false,"max_hp_per_floor":[80,80,80,80,80,80,80,80,80,80,80,80,80,80,80,80,80,80],"card_choices":[{"not_picked":["Sever Soul","Wild Strike"],"picked":"Uppercut","floor":1},{"not_picked":["Thunderclap","Second Wind+1"],"picked":"Pommel Strike","floor":5},{"not_picked":["Perfected Strike","Blood for Blood"],"picked":"Disarm+1","floor":6},{"not_picked":["Armaments+1","Anger+1","Havoc+1"],"picked":"SKIP","floor":8},{"not_picked":["Clothesline+1","Evolve"],"picked":"True Grit+1","floor":12},{"not_picked":["Thunderclap+1","Feel No Pain"],"picked":"Sword Boomerang+1","floor":13},{"not_picked":["Pommel Strike+1","Cleave+1"],"picked":"True Grit+1","floor":14},{"not_picked":["Brutality","Barricade"],"picked":"Juggernaut","floor":16}],"player_experience":534804,"relics_obtained":[{"floor":6,"key":"Ornamental Fan"},{"floor":8,"key":"Molten Egg 2"},{"floor":9,"key":"Bag of Preparation"}],"event_choices":[{"damage_healed":0,"gold_gain":0,"player_choice":"Grow","damage_taken":0,"max_hp_gain":0,"max_hp_loss":0,"event_name":"Living Wall","floor":2,"gold_loss":0,"cards_upgraded":["Uppercut"]},{"cards_removed":["Strike_R"],"damage_healed":0,"gold_gain":0,"player_choice":"Card Removal","damage_taken":0,"max_hp_gain":0,"max_hp_loss":0,"event_name":"The Cleric","floor":3,"gold_loss":50},{"damage_healed":0,"gold_gain":0,"player_choice":"Paid Gold","damage_taken":0,"relics_obtained":["Dream Catcher"],"max_hp_gain":0,"max_hp_loss":0,"event_name":"WeMeetAgain","floor":4,"gold_loss":52}],"is_beta":false,"boss_relics":[{"not_picked":["SacredBark","Mark of Pain"],"picked":"Black Star"}],"items_purged_floors":[0],"is_endless":false,"potions_floor_spawned":[5,6,8,16],"ascension_level":1}}