{"host":"6to8m083wj0ro91z","time":1612432263,"event":{"mods":["BaseMod","Better Third Choice","BetterRewards","CatGirl Mod","ChefMod","Friendly Minions","Hubris","Mad Scientist","Marisa????????","Minty Spire (QoL Compilation)","Railgun Mod","Robot Space Explorer","Shade Mod","Spicy Shops","StSLib","The Alterego","The Blackbeard","The Death Knight","The Gatherer","The Marked","The Mystic","The Necromancer","The Servant 0.9.4"],"gold_per_floor":[115,115,190,206,225,225,256,256,256,286,297,327,62,88,88,190,190,202,214,3,13,13,13,41,41,64,90,108,136,235,247,247,348,398,411,424,365,375,389,424,424,435,435,470,496,529,529,542,542,542,542,542,18,45,45],"floor_reached":56,"language":"ENG","playtime":2378,"items_purged":["chefmod:Strike","chefmod:Strike","chefmod:Strike","chefmod:Strike"],"score":2238,"play_id":"fd206b2e-3c13-4edc-92ad-d863189259aa","local_time":"20210204105103","is_ascension_mode":true,"campfire_choices":[{"data":"Panache","floor":6.0,"key":"SMITH"},{"data":"chefmod:TodaysSpecial","floor":15.0,"key":"SMITH"},{"data":"chefmod:FullCourseMeal","floor":23,"key":"SMITH"},{"data":"chefmod:FreshProduce","floor":25,"key":"SMITH"},{"floor":32,"key":"RECALL"},{"data":"chefmod:NewMenu","floor":41,"key":"SMITH"},{"data":"Finesse","floor":47,"key":"SMITH"},{"data":"chefmod:Defend","floor":49,"key":"SMITH"},{"data":"chefmod:Bruschetta","floor":52,"key":"SMITH"}],"circlet_count":0,"master_deck":["chefmod:Defend+1","chefmod:Defend+1","chefmod:Defend+1","chefmod:Defend+1","chefmod:TodaysSpecial+1","Master of Strategy+1","Panache+1","Finesse+1","chefmod:FullCourseMeal+1","chefmod:FreshProduce+1","Finesse+1","hubris:DuctTapeCard","chefmod:NewMenu+1","chefmod:LocoMoco","chefmod:FiveAlarmChili+1","chefmod:Bruschetta+1","Finesse"],"relics":["chefmod:TrustyPot","chefmod:CookieJar","Bag of Preparation","hubris:DuctTape","hubris:MysteriousPyramids","Membership Card","Oddly Smooth Stone","Sundial","Ice Cream","Orichalcum","Bag of Marbles","War Paint","TheAbacus","Tiny Chest","The Courier","SlaversCollar","hubris:CrystalStatue","Omamori","hubris:Metronome","Pen Nib","Lantern","Matryoshka","Tiny House","hubris:SlimyHat","Singing Bowl","hubris:SphereOfDissonance","hubris:TenFootPole","Potion Belt","Blood Vial","Gremlin Horn","hubris:EmptyBottle","Bronze Scales","Anchor","Letter Opener","DeathKnight:PutricidesVial","Pantograph","Toy Ornithopter"],"acts_visited":["Exordium","TheCity","TheBeyond","TheEnding"],"potions_floor_usage":[55,55,55,55,55,55,55,55],"damage_taken":[{"damage":0.0,"enemies":"Jaw Worm","floor":1.0,"turns":1.0},{"damage":0.0,"enemies":"2 Louse","floor":4.0,"turns":1.0},{"damage":0.0,"enemies":"Small Slimes","floor":5.0,"turns":2.0},{"damage":0.0,"enemies":"Gremlin Nob","floor":7.0,"turns":2.0},{"damage":0.0,"enemies":"Lagavulin","floor":10.0,"turns":6.0},{"damage":0.0,"enemies":"2 Fungi Beasts","floor":11.0,"turns":2.0},{"damage":0.0,"enemies":"3 Sentries","floor":12.0,"turns":3.0},{"damage":0.0,"enemies":"Gremlin Nob","floor":14.0,"turns":1.0},{"damage":0.0,"enemies":"Slime Boss","floor":16.0,"turns":4.0},{"damage":0.0,"enemies":"2 Thieves","floor":18.0,"turns":2.0},{"damage":0.0,"enemies":"Spheric Guardian","floor":19.0,"turns":1.0},{"damage":0.0,"enemies":"Snake Plant","floor":21.0,"turns":1.0},{"damage":0,"enemies":"Book of Stabbing","floor":24,"turns":1},{"damage":0,"enemies":"Slavers","floor":27,"turns":1},{"damage":0,"enemies":"Cultist and Chosen","floor":28,"turns":1},{"damage":0,"enemies":"Book of Stabbing","floor":29,"turns":1},{"damage":0,"enemies":"Centurion and Healer","floor":31,"turns":1},{"damage":0,"enemies":"hubris:MusketHawk","floor":33,"turns":1},{"damage":0,"enemies":"Orb Walker","floor":35,"turns":1},{"damage":0,"enemies":"3 Darklings","floor":36,"turns":1},{"damage":0,"enemies":"Sphere and 2 Shapes","floor":38,"turns":1},{"damage":0,"enemies":"Spire Growth","floor":39,"turns":1},{"damage":0,"enemies":"Reptomancer","floor":40,"turns":1},{"damage":0,"enemies":"Transient","floor":42,"turns":1},{"damage":0,"enemies":"Nemesis","floor":44,"turns":1},{"damage":0,"enemies":"Giant Head","floor":46,"turns":1},{"damage":0,"enemies":"Jaw Worm Horde","floor":48,"turns":1},{"damage":0,"enemies":"Time Eater","floor":50,"turns":1},{"damage":0,"enemies":"Shield and Spear","floor":54,"turns":1},{"damage":0,"enemies":"The Heart","floor":55,"turns":3}],"seed_played":"-8465954253064864959","potions_obtained":[{"floor":1.0,"key":"Regen Potion"},{"floor":7.0,"key":"DistilledChaos"},{"floor":11.0,"key":"Ancient Potion"},{"floor":21.0,"key":"EssenceOfSteel"},{"floor":34,"key":"Dexterity Potion"},{"floor":44,"key":"Dexterity Potion"},{"floor":48,"key":"FearPotion"}],"is_trial":false,"path_per_floor":["M","?","?","M","M","R","E","?","T","E","M","E","$","E","R","B",null,"M","M","$","M","?","R","E","R","T","E","M","E","?","M","R","B",null,"M","M","$","M","M","E","R","M","T","E","T","E","R","M","R","B",null,"R","$","E","B",null],"character_chosen":"THE_CHEF","items_purchased":["chefmod:CookieJar","Bag of Preparation","Master of Strategy","chefmod:FireUp","hubris:DuctTape","hubris:MysteriousPyramids","Membership Card","Panache","Oddly Smooth Stone","Sundial","LiquidBronze","Finesse","War Paint","TheAbacus","Tiny Chest","hubris:CrystalStatue","Finesse","Omamori","hubris:SlimyHat","hubris:EmptyBottle","Bronze Scales","Anchor","Letter Opener","DeathKnight:PutricidesVial","Pantograph","Finesse","LiquidBronze"],"campfire_rested":0,"item_purchase_floors":[0,0,0,0,0,0,0,0,0,0,0,13,13,13,13,20,20,20,37,53,53,53,53,53,53,53,53],"current_hp_per_floor":[29,29,18,18,18,18,18,3,3,18,18,18,18,18,18,18,76,76,76,76,76,76,76,76,76,76,76,76,76,76,76,76,76,81,81,81,81,81,81,83,83,85,85,87,87,89,89,91,91,91,91,91,91,93,93],"gold":45,"neow_bonus":"","is_daily":false,"chose_seed":false,"campfire_upgraded":8,"win_rate":0.0,"timestamp":1612432263,"path_taken":["M","?","?","M","M","R","E","?","T","E","M","E","?","E","R","BOSS","M","M","$","M","?","R","E","R","T","E","?","E","?","M","R","BOSS","M","M","$","M","M","E","R","M","T","E","?","E","R","M","R","BOSS","R","$","E","BOSS"],"items_purchased_type":["Relic","Relic","Card","Card","Relic","Relic","Relic","Card","Relic","Relic","Potion","Card","Relic","Relic","Relic","Relic","Card","Relic","Relic","Relic","Relic","Relic","Relic","Relic","Relic","Card","Potion"],"build_version":"2020-12-22","purchased_purges":4,"victory":true,"max_hp_per_floor":[76,76,76,76,76,76,76,76,76,76,76,76,76,76,76,76,76,76,76,76,76,76,76,76,76,76,76,76,76,76,76,76,76,81,81,81,81,81,81,83,83,85,85,87,87,89,89,91,91,91,91,91,91,93,93],"card_choices":[{"not_picked":["chefmod:FreezeSolid","chefmod:FireUp","chefmod:IcePick"],"picked":"SKIP","floor":1.0},{"not_picked":["chefmod:DinoKale","chefmod:HotSoup","chefmod:Fillet"],"picked":"SKIP","floor":4.0},{"not_picked":["chefmod:ColdSteel","chefmod:AlooGobi","chefmod:ZaruSoba"],"picked":"SKIP","floor":5.0},{"not_picked":["chefmod:Defrost","chefmod:IceCreamCone","chefmod:ColdSteel"],"picked":"SKIP","floor":7.0},{"not_picked":["chefmod:HotSoup","chefmod:NoSoupForYou","chefmod:Defrost"],"picked":"SKIP","floor":10.0},{"not_picked":["chefmod:DinoKale","chefmod:BaoBuns","chefmod:ZaruSoba"],"picked":"SKIP","floor":11.0},{"not_picked":["chefmod:DinoKale","chefmod:BaoBuns","chefmod:ZaruSoba"],"picked":"SKIP","floor":11.0},{"not_picked":["chefmod:BananaSplit","chefmod:HotSoup","chefmod:FryPan"],"picked":"SKIP","floor":12.0},{"not_picked":["chefmod:DinoKale","chefmod:DoubleChop","chefmod:SushiPlatter"],"picked":"SKIP","floor":14.0},{"not_picked":["chefmod:DeathByChocolate","chefmod:BananaSplit"],"picked":"chefmod:FullCourseMeal","floor":16.0},{"not_picked":["chefmod:PotatoGratin","chefmod:BleedOut","chefmod:FireUp"],"picked":"SKIP","floor":18.0},{"not_picked":["chefmod:Chop+1","chefmod:Flambe"],"picked":"chefmod:FreshProduce","floor":19.0},{"not_picked":["chefmod:Defrost","chefmod:FarmersMarket+1","chefmod:NoSoupForYou"],"picked":"SKIP","floor":21.0},{"not_picked":["chefmod:FireUp+1","chefmod:FryPan+1","chefmod:GroceryDelivery"],"picked":"SKIP","floor":24},{"not_picked":["chefmod:Sorbet","chefmod:CandyBowl"],"picked":"chefmod:NewMenu","floor":27},{"not_picked":["chefmod:NoSoupForYou","chefmod:Fillet","chefmod:IcePick"],"picked":"SKIP","floor":28},{"not_picked":["chefmod:GroceryDelivery","chefmod:Flambe"],"picked":"chefmod:LocoMoco","floor":29},{"not_picked":["chefmod:SliceAndDice+1","chefmod:Chop","chefmod:GroceryDelivery"],"picked":"SKIP","floor":31},{"not_picked":["chefmod:QuickChop","chefmod:ColdSteel+1"],"picked":"chefmod:FiveAlarmChili+1","floor":34},{"not_picked":["chefmod:MonsterBait+1","chefmod:Leftovers","chefmod:ZaruSoba"],"picked":"SKIP","floor":35},{"not_picked":["chefmod:Granita","chefmod:FullBurn+1","chefmod:OldCookbook+1"],"picked":"SKIP","floor":36},{"not_picked":["chefmod:FarmersMarket+1","chefmod:Fillet","chefmod:Chop"],"picked":"SKIP","floor":38},{"not_picked":["chefmod:ColdSteel","chefmod:SliceAndDice"],"picked":"chefmod:Bruschetta","floor":39},{"not_picked":["chefmod:TwoForOne","chefmod:ZaruSoba+1","chefmod:IcePick"],"picked":"Singing Bowl","floor":40},{"not_picked":["chefmod:Sorbet","chefmod:TonkotsuRamen","chefmod:Defrost+1"],"picked":"Singing Bowl","floor":42},{"not_picked":["chefmod:FireUp","chefmod:ZaruSoba+1","chefmod:FryPan"],"picked":"Singing Bowl","floor":44},{"not_picked":["chefmod:Leftovers","chefmod:IcePick","chefmod:FireUp"],"picked":"Singing Bowl","floor":46},{"not_picked":["chefmod:BaoBuns+1","chefmod:AlooGobi","chefmod:Defrost"],"picked":"Singing Bowl","floor":48},{"not_picked":["chefmod:Chop","chefmod:Escargot+1","chefmod:SliceAndDice"],"picked":"Singing Bowl","floor":54}],"player_experience":1105994,"relics_obtained":[{"floor":7.0,"key":"Ice Cream"},{"floor":10.0,"key":"Orichalcum"},{"floor":12.0,"key":"Bag of Marbles"},{"floor":14.0,"key":"The Courier"},{"floor":24,"key":"hubris:Metronome"},{"floor":26,"key":"Pen Nib"},{"floor":27,"key":"Lantern"},{"floor":29,"key":"Matryoshka"},{"floor":40,"key":"Singing Bowl"},{"floor":43,"key":"hubris:SphereOfDissonance"},{"floor":44,"key":"hubris:TenFootPole"},{"floor":45,"key":"Potion Belt"},{"floor":45,"key":"Blood Vial"},{"floor":46,"key":"Gremlin Horn"},{"floor":54,"key":"Toy Ornithopter"}],"event_choices":[{"damage_healed":0.0,"max_hp_gain":0.0,"max_hp_loss":0.0,"gold_gain":0.0,"event_name":"Living Wall","player_choice":"Grow","floor":2.0,"gold_loss":0.0,"damage_taken":0.0,"cards_upgraded":["hubris:DuctTapeCard"]},{"damage_healed":0.0,"max_hp_gain":1.0,"max_hp_loss":0.0,"gold_gain":75.0,"event_name":"betterThird:BetterGoop","player_choice":"Gold","floor":3.0,"gold_loss":0.0,"damage_taken":11.0},{"damage_healed":18.0,"max_hp_gain":0.0,"max_hp_loss":76.0,"gold_gain":0.0,"event_name":"betterThird:BetterShining","player_choice":"Upgrade","floor":8.0,"gold_loss":0.0,"damage_taken":15.0,"cards_upgraded":["chefmod:Defend","chefmod:Defend"]},{"damage_healed":0,"gold_gain":0,"player_choice":"Ignored","damage_taken":0,"max_hp_gain":0,"max_hp_loss":0,"event_name":"Transmorgrifier","floor":22,"gold_loss":0},{"damage_healed":0,"gold_gain":99,"player_choice":"Steal","damage_taken":0,"max_hp_gain":0,"max_hp_loss":0,"event_name":"betterThird:BetterNest","floor":30,"gold_loss":0}],"is_beta":false,"boss_relics":[{"not_picked":["hubris:Backtick","hubris:HollowSoul"],"picked":"SlaversCollar"},{"not_picked":["hubris:CrackedHourglass","Runic Pyramid"],"picked":"Tiny House"}],"items_purged_floors":[0,0,0,0],"is_endless":false,"potions_floor_spawned":[1,7,11,18,21,27,33,38,42,44,48],"ascension_level":1}}