{"host":"u8jm3mkzbb0z8q6m","time":1612430647,"event":{"mods":["BaseMod","Challenge The Spire","Colored Powertips","Minty Spire (QoL Compilation)","Quick Restart","Replay The Spire","Spicy Shops","StSLib","¡¾ÒÅÎï¿¨ÅÆ¡¿REMEMod"],"gold_per_floor":[109,109,124,141,151,179,179,196,246,266,282,282,296,307,307,403,403,419,439,87,87,87,122,135,167,167,109,147,147,192,240,240,385,385,427,427,468,109,161,161,161,254,280,341,4,4,85,130,130,196],"floor_reached":51,"language":"ZHS","playtime":4912,"items_purged":["Pride","Parasite","Defend_G"],"score":1116,"play_id":"d4d6cfd9-a64b-4358-b680-b6523ce762cd","local_time":"20210204182407","is_ascension_mode":true,"campfire_choices":[{"data":"After Image","floor":12,"key":"SMITH"},{"data":"Tactician","floor":15,"key":"SMITH"},{"floor":29,"key":"REST"},{"floor":32,"key":"REST"},{"data":"Apotheosis","floor":40,"key":"SMITH"},{"floor":49,"key":"REST"}],"circlet_count":0,"master_deck":["Strike_G","Strike_G","Strike_G","Strike_G","Strike_G","Defend_G","Defend_G","Defend_G","Defend_G","Survivor","Neutralize","Master of Strategy","Dagger Throw","Prepared","Tactician+1","REME_ShadowStrike","Grand Finale","After Image+1","Tactician","Backflip","Acrobatics","Dodge and Roll","Doppelganger","Slice","Acrobatics+1","Pot Of Greed","Pot Of Greed","Pot Of Greed","Quick Slash+1","Eviscerate+1","Slice+1","Finisher+1","Slice+1","Flying Knee+1","Infinite Blades+1","REME_GrazeFinale+1","Outmaneuver","Pot Of Greed","Flying Knee+1","Reflex","Well Laid Plans+1","Apotheosis+1","Apotheosis","REME_ShadowStrike+1","Calculated Gamble+1","Prepared","Dagger Throw+1","Clumsy","Shame","Hidden Blade+1","Pot Of Greed+1","Madness+1","REME_TwoStrings+1","Bandage Up+1","ReplayTheSpireMod:Tripwire+1","Backflip+1"],"relics":["REME_ComplimentaryCards","Honey Jar","FaceOfCleric","Blood Vial","Orichalcum","Black Star","Blue Doll","Molten Egg 2","Mercury Hourglass","Grinning Jar","ReplayTheSpireMod:TigerMarble","TungstenRod","Mirror","Replay:Bandana","ChewingGum","BargainBundle","Peace Pipe","Ancient Tea Set","Boot","Happy Flower","Replay:Multitool","ReplayTheSpireMod:CursedCoin","Toxic Egg 2","Bag of Preparation","Centennial Puzzle","Omamori","Strawberry"],"acts_visited":["Exordium","TheCity","TheBeyond"],"potions_floor_usage":[6,16,23,23,23,23,25,44,50,50],"damage_taken":[{"damage":1,"enemies":"Small Slimes","floor":1,"turns":4},{"damage":0,"enemies":"Cultist","floor":3,"turns":3},{"damage":5,"enemies":"2 Louse","floor":4,"turns":2},{"damage":11,"enemies":"Looter","floor":5,"turns":3},{"damage":9,"enemies":"Lagavulin","floor":6,"turns":7},{"damage":2,"enemies":"2 Fungi Beasts","floor":8,"turns":3},{"damage":0,"enemies":"Large Slime","floor":10,"turns":7},{"damage":11,"enemies":"Exordium Thugs","floor":11,"turns":4},{"damage":1,"enemies":"Looter","floor":13,"turns":4},{"damage":19,"enemies":"Lots of Slimes","floor":14,"turns":3},{"damage":0,"enemies":"Slime Boss","floor":16,"turns":3},{"damage":10,"enemies":"Spheric Guardian","floor":18,"turns":3},{"damage":3,"enemies":"3 Byrds","floor":19,"turns":3},{"damage":35,"enemies":"Slavers","floor":23,"turns":5},{"damage":1,"enemies":"Snecko","floor":24,"turns":4},{"damage":9,"enemies":"Book of Stabbing","floor":25,"turns":5},{"damage":8,"enemies":"Cultist and Chosen","floor":28,"turns":5},{"damage":21,"enemies":"3 Cultists","floor":30,"turns":5},{"damage":0,"enemies":"Centurion and Healer","floor":31,"turns":3},{"damage":31,"enemies":"Automaton","floor":33,"turns":6},{"damage":27,"enemies":"3 Shapes","floor":35,"turns":3},{"damage":0,"enemies":"Orb Walker","floor":37,"turns":3},{"damage":16,"enemies":"Jaw Worm Horde","floor":39,"turns":3},{"damage":5,"enemies":"Giant Head","floor":42,"turns":4},{"damage":51,"enemies":"Reptomancer","floor":44,"turns":5},{"damage":0,"enemies":"Giant Head","floor":47,"turns":4},{"damage":20,"enemies":"3 Darklings","floor":48,"turns":3},{"damage":74,"enemies":"Awakened One","floor":50,"turns":9}],"seed_played":"-7472919324523823069","potions_obtained":[{"floor":3,"key":"PowerPotion"},{"floor":5,"key":"PowerPotion"},{"floor":8,"key":"Elixir"},{"floor":11,"key":"Weak Potion"},{"floor":16,"key":"Weak Potion"},{"floor":18,"key":"Reflective Coating"},{"floor":23,"key":"Weak Potion"},{"floor":33,"key":"BlessingOfTheForge"},{"floor":35,"key":"Energy Potion"},{"floor":47,"key":"BlessingOfTheForge"}],"is_trial":false,"path_per_floor":["M","?","M","M","M","E","?","M","T","M","M","R","M","M","R","B",null,"M","M","$","?","?","E","M","E","T","$","M","R","M","M","R","B",null,"M","?","M","$","M","R","$","E","T","E","$","?","E","M","R","B",null],"character_chosen":"THE_SILENT","items_purchased":["Blue Doll","Molten Egg 2","Finisher+1","Reflex","BargainBundle","Well Laid Plans+1","Apotheosis","DistilledChaos","Adrenaline Potion","DuplicationPotion","REME_ShadowStrike+1","ReplayTheSpireMod:CursedCoin","Toxic Egg 2","Bag of Preparation","Centennial Puzzle","Hidden Blade+1"],"campfire_rested":3,"item_purchase_floors":[20,20,27,38,38,38,38,38,38,38,38,45,45,45,45,45],"current_hp_per_floor":[69,69,70,66,56,48,66,67,67,70,62,62,64,48,48,51,80,71,71,71,71,71,39,41,35,35,35,30,54,36,39,64,36,86,60,60,63,63,89,89,89,85,85,89,89,80,99,80,100,76],"gold":196,"neow_bonus":"BOSS_RELIC","is_daily":false,"chose_seed":false,"campfire_upgraded":3,"win_rate":0.0,"timestamp":1612430647,"path_taken":["M","?","?","M","M","E","?","M","T","M","M","R","M","M","R","BOSS","M","M","$","?","?","E","M","E","T","$","M","R","M","M","R","BOSS","M","?","M","?","M","R","$","E","T","E","$","?","E","M","R","BOSS"],"items_purchased_type":["Relic","Relic","Card","Card","Relic","Card","Card","Potion","Potion","Potion","Card","Relic","Relic","Relic","Relic","Card"],"build_version":"2020-12-22","purchased_purges":3,"victory":true,"max_hp_per_floor":[70,70,71,72,73,74,74,75,75,76,77,77,78,79,79,80,80,81,82,79,79,79,80,81,82,82,82,83,83,84,85,85,86,86,87,87,88,88,89,89,89,90,90,91,91,91,99,100,100,101],"card_choices":[{"not_picked":["Blade Dance","Flying Knee","All Out Attack"],"picked":"Dagger Throw","floor":1},{"not_picked":["Blade Dance","PiercingWail","ReplayTheSpireMod:Necrosis"],"picked":"Prepared","floor":3},{"not_picked":["Poisoned Stab","ReplayTheSpireMod:Shiv Toss","Prepared"],"picked":"Tactician","floor":4},{"not_picked":["Dodge and Roll","Dagger Spray","Deflect"],"picked":"REME_ShadowStrike","floor":5},{"not_picked":["Deflect","REME_GreenPollution","Bane"],"picked":"Grand Finale","floor":6},{"not_picked":["Dagger Throw","Cloak And Dagger","Dodge and Roll"],"picked":"After Image","floor":8},{"not_picked":["Heel Hook","Deadly Poison","ReplayTheSpireMod:Scrap Shanks"],"picked":"Tactician","floor":10},{"not_picked":["Cloak And Dagger","Blade Dance","Expertise"],"picked":"Backflip","floor":11},{"not_picked":["Deflect","Leg Sweep","Prepared"],"picked":"Acrobatics","floor":13},{"not_picked":["Well Laid Plans","ReplayTheSpireMod:Exploit Weakness","Bane"],"picked":"Dodge and Roll","floor":14},{"not_picked":["REME_CopyPotion","ReplayTheSpireMod:From All Sides","Envenom"],"picked":"Doppelganger","floor":16},{"not_picked":["PiercingWail+1","Poisoned Stab","Expertise"],"picked":"Slice","floor":18},{"not_picked":["Underhanded Strike","PiercingWail","Outmaneuver+1"],"picked":"Acrobatics+1","floor":19},{"not_picked":["Deadly Poison","Terror","Malaise"],"picked":"Quick Slash+1","floor":23},{"not_picked":["Endless Agony+1","Noxious Fumes","Flying Knee+1"],"picked":"Eviscerate+1","floor":24},{"not_picked":["Cloak And Dagger","Sneak Up","Quick Slash+1"],"picked":"Slice+1","floor":25},{"not_picked":["Corpse Explosion","Setup","Hidden Blade"],"picked":"Slice+1","floor":28},{"not_picked":["Distraction","PiercingWail","Sucker Punch+1"],"picked":"Flying Knee+1","floor":30},{"not_picked":["Dagger Spray+1","Deflect+1","Setup"],"picked":"Infinite Blades+1","floor":31},{"not_picked":["REME_ShadowForm","Envenom","Phantasmal Killer"],"picked":"REME_GrazeFinale+1","floor":33},{"not_picked":["REME_GreenPollution","Flying Knee+1","Well Laid Plans+1"],"picked":"Outmaneuver","floor":35},{"not_picked":["Blade Dance+1","Sucker Punch+1","Dagger Spray+1"],"picked":"Flying Knee+1","floor":37},{"not_picked":["Deflect+1","Deadly Poison+1","Dodge and Roll"],"picked":"Calculated Gamble+1","floor":39},{"not_picked":["Masterful Stab+1","Bouncing Flask+1","Bane+1"],"picked":"Prepared","floor":42},{"not_picked":["Outmaneuver","ReplayTheSpireMod:From All Sides+1","Cloak And Dagger"],"picked":"Dagger Throw+1","floor":44},{"not_picked":["Discovery+1","REME_WheelOfFate+1","Bandage Up+1"],"picked":"Madness+1","floor":46},{"not_picked":["Dramatic Entrance+1","Magnetism","Purity+1"],"picked":"REME_TwoStrings+1","floor":46},{"not_picked":["Mind Blast+1","Replay:BasicMightCard","Replay:Sssssssssstrike+1"],"picked":"Bandage Up+1","floor":46},{"not_picked":["Backflip+1","Sucker Punch+1","Footwork"],"picked":"ReplayTheSpireMod:Tripwire+1","floor":47},{"not_picked":["Deflect+1","Blade Dance+1","Blur+1"],"picked":"Backflip+1","floor":48}],"player_experience":34022,"relics_obtained":[{"floor":6,"key":"Blood Vial"},{"floor":9,"key":"Orichalcum"},{"floor":23,"key":"Grinning Jar"},{"floor":23,"key":"ReplayTheSpireMod:TigerMarble"},{"floor":25,"key":"TungstenRod"},{"floor":25,"key":"Mirror"},{"floor":26,"key":"Replay:Bandana"},{"floor":42,"key":"Peace Pipe"},{"floor":42,"key":"Ancient Tea Set"},{"floor":43,"key":"Boot"},{"floor":44,"key":"Happy Flower"},{"floor":44,"key":"Replay:Multitool"},{"floor":47,"key":"Omamori"},{"floor":47,"key":"Strawberry"}],"event_choices":[{"damage_healed":0,"gold_gain":0,"player_choice":"Trade","damage_taken":0,"relics_obtained":["FaceOfCleric"],"max_hp_gain":0,"max_hp_loss":0,"event_name":"FaceTrader","floor":2,"gold_loss":0},{"damage_healed":18,"gold_gain":0,"player_choice":"Healed and dodged fight","damage_taken":0,"max_hp_gain":0,"max_hp_loss":0,"event_name":"Mushrooms","floor":7,"gold_loss":0,"cards_obtained":["Parasite"]},{"damage_healed":0,"gold_gain":0,"player_choice":"Stole Relic","damage_taken":0,"relics_obtained":["Mercury Hourglass"],"max_hp_gain":0,"max_hp_loss":0,"event_name":"Addict","floor":21,"gold_loss":0,"cards_obtained":["Shame"]},{"damage_healed":0,"gold_gain":0,"player_choice":"Ignored","damage_taken":0,"max_hp_gain":0,"max_hp_loss":0,"event_name":"Ghosts","floor":22,"gold_loss":0},{"cards_removed":["Shame"],"damage_healed":0,"gold_gain":0,"player_choice":"Purged","damage_taken":0,"max_hp_gain":0,"max_hp_loss":0,"event_name":"Purifier","floor":36,"gold_loss":0},{"damage_healed":0,"gold_gain":0,"player_choice":"Memory 3","damage_taken":10,"max_hp_gain":0,"max_hp_loss":0,"event_name":"SensoryStone","floor":46,"gold_loss":0}],"is_beta":false,"boss_relics":[{"not_picked":["Replay:Drink Me","Replay:Bronze Core"],"picked":"Black Star"},{"not_picked":["Runic Dome","REME_LowDesire"],"picked":"ChewingGum"}],"items_purged_floors":[20,20,38],"is_endless":false,"potions_floor_spawned":[3,5,8,11,16,18,19,23,33,35,47,48],"ascension_level":2}}