{"host":"3xls0xm49ftugio7","time":1612442036,"event":{"mods":["2.2 Compatiblity","AchievementEnabler","Act Like it!","BaseMod","Bestiary","Colored Powertips","Downfall","GifTheSpireLib","Minty Spire (QoL Compilation)","Quick Restart","Relic Stats","StSLib","slay the spire mod where everything is the same but ironclad has a cowboy hat"],"gold_per_floor":[99,113,130,150,177,277,277,333,14,89,89,103,103,103,115,212,212,212,226,236,252,262,280,280,80,115,128,138,48,48,97,110,206,206,106,9,26,41,41,41,67,67,77,94,94,121,121,148,163,163,163,196,47,47,47,47],"floor_reached":57,"language":"ENG","playtime":3311,"items_purged":["Slimebound:Strike_Slimebound","Slimebound:Strike_Slimebound"],"score":1676,"play_id":"602ecc00-2130-4e9d-89e1-b18311ffe752","local_time":"20210204143356","is_ascension_mode":true,"campfire_choices":[{"data":"Slimebound:TagTeam","floor":1,"key":"SMITH"},{"data":"Slimebound:HauntingLick","floor":11,"key":"SMITH"},{"data":"Slimebound:GoopSpray","floor":13,"key":"SMITH"},{"floor":18,"key":"RECALL"},{"data":"Slimebound:SlimeBrawl","floor":25,"key":"SMITH"},{"data":"Slimebound:Teamwork","floor":30,"key":"SMITH"},{"data":"Slimebound:SelfFormingGoo","floor":35,"key":"SMITH"},{"data":"Slimebound:Darklings","floor":42,"key":"SMITH"},{"data":"expansioncontent:InvincibleStrength","floor":45,"key":"SMITH"},{"data":"expansioncontent:InvincibleStrength","floor":47,"key":"SMITH"},{"data":"expansioncontent:AwakenDeath","floor":54,"key":"SMITH"}],"circlet_count":0,"master_deck":["Slimebound:Defend_Slimebound","Slimebound:Defend_Slimebound","Slimebound:Defend_Slimebound","Slimebound:Defend_Slimebound","Slimebound:Split","Slimebound:CorrosiveSpit","Slimebound:TagTeam+1","Slimebound:SplitAcid","Slimebound:GoopSpray+1","Slimebound:Prepare","Slimebound:LivingWall","Slimebound:HauntingLick+1","Slimebound:SlimeTap","Slimebound:SlimeBarrage+1","Slimebound:Teamwork+1","Slimebound:SlimeBrawl+1","Slimebound:Equalize","Slimebound:SlimeSpikes","Slimebound:SlimeTap","Slimebound:Darklings+1","Slimebound:SamplingLick+1","Slimebound:Equalize","Slimebound:LeechEnergy","Slimebound:Gluttony","Slimebound:Equalize+1","Slimebound:SelfFormingGoo+1","expansioncontent:InvincibleStrength+1","Slimebound:HauntingLick+1","Slimebound:Repurpose","expansioncontent:AwakenDeath+1","expansioncontent:YouAreMine","expansioncontent:InvincibleStrength+1","Slimebound:DivideAndConquer+1","Slimebound:Prepare+1","Slimebound:HauntingLick+1","Slimebound:SamplingLick","Slimebound:LeechEnergy+1","Slimebound:Teamwork"],"relics":["Slimebound:AbsorbEndCombat","Regal Pillow","Slimebound:AggressiveSlimeRelic","Pen Nib","Slimebound:SlimedTailRelic","Slimebound:TarBlob","downfall:HeartBlessingRed","downfall:HeartBlessingBlue","Bronze Scales","Omamori","expansioncontent:StudyCardRelic","downfall:HeartBlessingGreen","Happy Flower","Letter Opener","Orichalcum","Whetstone","OrangePellets"],"acts_visited":["Exordium","TheCity","TheBeyond","TheEnding"],"potions_floor_usage":[8,28,56,56,56],"damage_taken":[{"damage":0,"enemies":"Cultist","floor":2,"turns":2},{"damage":7,"enemies":"Jaw Worm","floor":3,"turns":2},{"damage":0,"enemies":"Small Slimes","floor":4,"turns":3},{"damage":6,"enemies":"Gremlin Nob","floor":8,"turns":3},{"damage":0,"enemies":"downfall:FleeingMerchant","floor":9,"turns":4},{"damage":0,"enemies":"Blue Slaver","floor":12,"turns":2},{"damage":3,"enemies":"3 Louse","floor":15,"turns":2},{"damage":26,"enemies":"DF_ARCHETYPE_STREAMLINE","floor":16,"turns":6},{"damage":0,"enemies":"Chosen","floor":19,"turns":3},{"damage":0,"enemies":"Centurion and Healer","floor":20,"turns":4},{"damage":0,"enemies":"Snecko","floor":21,"turns":5},{"damage":0,"enemies":"Snake Plant","floor":22,"turns":3},{"damage":3,"enemies":"Cultist and Chosen","floor":23,"turns":4},{"damage":34,"enemies":"Gremlin Leader","floor":26,"turns":6},{"damage":0,"enemies":"Chosen and Byrds","floor":27,"turns":3},{"damage":17,"enemies":"Centurion and Healer","floor":28,"turns":5},{"damage":3,"enemies":"downfall:FleeingMerchant","floor":29,"turns":4},{"damage":3,"enemies":"downfall:FleeingMerchant","floor":31,"turns":4},{"damage":3,"enemies":"Snecko","floor":32,"turns":2},{"damage":13,"enemies":"IC_MUSHROOM_ARCHETYPE","floor":33,"turns":5},{"damage":8,"enemies":"3 Darklings","floor":37,"turns":4},{"damage":0,"enemies":"3 Shapes","floor":38,"turns":3},{"damage":4,"enemies":"Jaw Worm Horde","floor":43,"turns":3},{"damage":4,"enemies":"Maw","floor":44,"turns":5},{"damage":10,"enemies":"Reptomancer","floor":46,"turns":5},{"damage":0,"enemies":"Giant Head","floor":48,"turns":4},{"damage":7,"enemies":"Sphere and 2 Shapes","floor":49,"turns":4},{"damage":10,"enemies":"SI_POISON_ARCHETYPE","floor":50,"turns":9},{"damage":15,"enemies":"downfall:CharBossMerchant","floor":52,"turns":8},{"damage":10,"enemies":"downfall:NeowBoss","floor":55,"turns":17},{"damage":24,"enemies":"downfall:NeowBossFinal","floor":56,"turns":12}],"seed_played":"1143580129582801461","potions_obtained":[{"floor":2,"key":"EssenceOfSteel"},{"floor":3,"key":"Block Potion"},{"floor":12,"key":"SkillPotion"},{"floor":19,"key":"Slimebound:ThreeZeroPotion"},{"floor":21,"key":"Guardian:BlockOnCardUsePotion"},{"floor":28,"key":"Strength Potion"},{"floor":32,"key":"Slimebound:ThreeZeroPotion"},{"floor":37,"key":"Guardian:BlockOnCardUsePotion"}],"is_trial":false,"path_per_floor":["R","M","M","M","T","?","T","?","$","?","R","M","R","?","M","B",null,"R","M","M","M","M","M","T","R","E","M","M","$","R","$","M","B",null,"R","$","M","M","?","?","T","R","M","M","R","E","R","E","M","B",null,"E","$","R","B","B",null],"character_chosen":"SLIMEBOUND","items_purchased":["Slimebound:SlimedTailRelic","Omamori","Slimebound:Gluttony","expansioncontent:InvincibleStrength","OrangePellets"],"campfire_rested":0,"item_purchase_floors":[9,31,31,36,53],"current_hp_per_floor":[59,59,54,54,54,54,54,50,56,56,56,58,58,58,57,38,54,54,58,59,59,59,58,58,68,45,55,42,55,55,68,69,64,68,68,68,61,69,59,59,59,59,69,69,69,69,69,69,68,66,68,65,65,65,67,61],"gold":47,"neow_bonus":"THREE_RARE_CARDS","is_daily":false,"chose_seed":false,"campfire_upgraded":10,"win_rate":0.0,"timestamp":1612442036,"path_taken":["R","M","M","M","?","?","T","?","$","?","R","?","R","?","M","BOSS","R","M","M","M","M","M","T","R","E","M","?","$","R","$","M","BOSS","R","?","?","M","?","?","T","R","?","M","R","E","R","E","M","BOSS","E","$","R","BOSS","BOSS"],"items_purchased_type":["Relic","Relic","Card","Card","Relic"],"build_version":"2020-12-22","purchased_purges":2,"victory":true,"max_hp_per_floor":[59,59,59,59,59,59,59,59,59,59,59,59,59,59,59,59,59,59,59,59,59,59,59,59,69,69,69,69,69,69,69,69,69,69,69,69,69,69,69,69,69,69,69,69,69,69,69,69,69,69,69,69,69,69,69,69],"relic_stats":{"OrangePellets":[8],"Regal Pillow":0,"Happy Flower":[22],"counters":[31,144],"Bronze Scales":[217],"Pen Nib":[19],"Letter Opener":[171],"Whetstone":["Slimebound:DivideAndConquer","Slimebound:SlimeBarrage"],"Orichalcum":[30],"obtain_stats":[{"Slimebound:AggressiveSlimeRelic":7,"Regal Pillow":5,"downfall:HeartBlessingRed":25,"Happy Flower":41,"downfall:HeartBlessingGreen":35,"Pen Nib":8,"Omamori":31,"expansioncontent:StudyCardRelic":34,"Letter Opener":46,"Whetstone":52,"Orichalcum":48,"Slimebound:TarBlob":17,"OrangePellets":53,"downfall:HeartBlessingBlue":25,"Bronze Scales":26,"Slimebound:AbsorbEndCombat":0,"Slimebound:SlimedTailRelic":9},{"Slimebound:AggressiveSlimeRelic":3,"Regal Pillow":3,"downfall:HeartBlessingRed":13,"Happy Flower":22,"downfall:HeartBlessingGreen":20,"Pen Nib":3,"Omamori":18,"expansioncontent:StudyCardRelic":20,"Letter Opener":25,"Whetstone":29,"Orichalcum":26,"Slimebound:TarBlob":8,"OrangePellets":29,"downfall:HeartBlessingBlue":13,"Bronze Scales":14,"Slimebound:AbsorbEndCombat":0,"Slimebound:SlimedTailRelic":5},{"Slimebound:AggressiveSlimeRelic":6,"Regal Pillow":6,"downfall:HeartBlessingRed":41,"Happy Flower":77,"downfall:HeartBlessingGreen":70,"Pen Nib":6,"Omamori":63,"expansioncontent:StudyCardRelic":70,"Letter Opener":90,"Whetstone":115,"Orichalcum":94,"Slimebound:TarBlob":22,"OrangePellets":115,"downfall:HeartBlessingBlue":41,"Bronze Scales":47,"Slimebound:AbsorbEndCombat":0,"Slimebound:SlimedTailRelic":13}]},"card_choices":[{"not_picked":["Slimebound:Recycling","Slimebound:MinionMaster"],"picked":"Slimebound:TagTeam","floor":0},{"not_picked":["Slimebound:Repurpose","Slimebound:TongueLash"],"picked":"Slimebound:SplitAcid","floor":2},{"not_picked":["Slimebound:Recollect","Slimebound:Dissolve"],"picked":"Slimebound:GoopSpray","floor":3},{"not_picked":["Slimebound:AcidTongue","Slimebound:HungryTackle"],"picked":"Slimebound:Prepare","floor":4},{"not_picked":["Slimebound:GoopTackle","Slimebound:FinishingTackle"],"picked":"Slimebound:LivingWall","floor":8},{"not_picked":["Slimebound:SplitMire","Slimebound:ItLooksTasty"],"picked":"Slimebound:HauntingLick","floor":9},{"not_picked":["Slimebound:LeechEnergy","Slimebound:Nibble"],"picked":"Slimebound:SlimeTap","floor":12},{"not_picked":["Slimebound:HungryTackle","Slimebound:GrowthPunch"],"picked":"Slimebound:SlimeBarrage","floor":15},{"not_picked":["Slimebound:LeechLife","Slimebound:CheckThePlaybook"],"picked":"Slimebound:Teamwork","floor":16},{"not_picked":["Slimebound:LivingWall","Slimebound:PressTheAttack"],"picked":"Slimebound:SlimeBrawl","floor":19},{"not_picked":["Slimebound:SamplingLick","Slimebound:HauntingLick"],"picked":"Slimebound:Equalize","floor":20},{"not_picked":["Slimebound:ViciousTackle","Slimebound:SplitLeeching+1","Slimebound:Schlurp"],"picked":"SKIP","floor":21},{"not_picked":["Slimebound:SplitMire","Slimebound:PressTheAttack"],"picked":"Slimebound:SlimeSpikes","floor":22},{"not_picked":["Slimebound:RainOfGoop","Slimebound:SlimeBrawl"],"picked":"Slimebound:SlimeTap","floor":23},{"not_picked":["Slimebound:SlimeBarrage+1","Slimebound:DisruptingSlam"],"picked":"Slimebound:Darklings","floor":26},{"not_picked":["Slimebound:LeechingTouch","Slimebound:SpikyOuterGoop","Slimebound:HauntingLick"],"picked":"SKIP","floor":27},{"not_picked":["Slimebound:ViciousTackle+1","Slimebound:FinishingTackle+1"],"picked":"Slimebound:SamplingLick+1","floor":28},{"not_picked":["Slimebound:SplitMire","Slimebound:ItLooksTasty"],"picked":"Slimebound:Equalize","floor":29},{"not_picked":["Slimebound:PressTheAttack+1","Slimebound:ServeAndProtect"],"picked":"Slimebound:LeechEnergy","floor":31},{"not_picked":["Slimebound:Grow+1","Slimebound:ComboTackle"],"picked":"Slimebound:Equalize+1","floor":32},{"not_picked":["Slimebound:CheckThePlaybook","Slimebound:RallyTheTroops"],"picked":"Slimebound:SelfFormingGoo","floor":33},{"not_picked":["Slimebound:Prepare+1","Slimebound:GoopTackle+1"],"picked":"Slimebound:HauntingLick+1","floor":37},{"not_picked":["Slimebound:RainOfGoop","Slimebound:FinishingTackle+1"],"picked":"Slimebound:Repurpose","floor":38},{"not_picked":["expansioncontent:Hexaburn","expansioncontent:PolyBeam"],"picked":"expansioncontent:AwakenDeath","floor":39},{"not_picked":["expansioncontent:PolyBeam","expansioncontent:GuardianWhirl"],"picked":"expansioncontent:YouAreMine","floor":39},{"not_picked":["expansioncontent:HyperBeam","expansioncontent:GuardianWhirl"],"picked":"expansioncontent:InvincibleStrength","floor":39},{"not_picked":["Slimebound:LivingWall","Slimebound:LeechingTouch"],"picked":"Slimebound:Prepare+1","floor":43},{"not_picked":["Slimebound:LeechingTouch","Slimebound:HungryTackle","Slimebound:GoopTackle"],"picked":"SKIP","floor":44},{"not_picked":["Slimebound:DivideAndConquer+1","Slimebound:Gluttony"],"picked":"Slimebound:HauntingLick+1","floor":46},{"not_picked":["Slimebound:SplitBruiser","Slimebound:PressTheAttack+1"],"picked":"Slimebound:SamplingLick","floor":48},{"not_picked":["Slimebound:SpikyOuterGoop+1","Slimebound:SplitAcid"],"picked":"Slimebound:LeechEnergy+1","floor":49},{"not_picked":["Slimebound:Nibble","Slimebound:RejuvenatingLick+1"],"picked":"Slimebound:Teamwork","floor":52}],"player_experience":1025405,"relics_obtained":[{"floor":5,"key":"Regal Pillow"},{"floor":7,"key":"Slimebound:AggressiveSlimeRelic"},{"floor":26,"key":"Bronze Scales"},{"floor":41,"key":"Happy Flower"},{"floor":46,"key":"Letter Opener"},{"floor":48,"key":"Orichalcum"},{"floor":52,"key":"Whetstone"}],"event_choices":[{"cards_removed":["Slimebound:Strike_Slimebound"],"damage_healed":0,"gold_gain":0,"player_choice":"Offered Basic","damage_taken":0,"max_hp_gain":0,"max_hp_loss":0,"event_name":"Bonfire Elementals","floor":14,"gold_loss":0}],"is_beta":false,"boss_relics":[{"not_picked":["SacredBark","Calling Bell"],"picked":"Slimebound:TarBlob"},{"not_picked":["Snecko Eye","Fusion Hammer"],"picked":"expansioncontent:StudyCardRelic"}],"items_purged_floors":[29,31],"is_endless":false,"potions_floor_spawned":[2,3,12,19,21,27,28,32,33,37,48],"ascension_level":7}}