{"host":"zsnmfqgcm92hlreo","time":1612414642,"event":{"mods":["AchievementEnabler","Act Like it!","BaseMod","Bestiary","Block Reminder","Colored Map","Colored Powertips","Hermit","Jorbs\u0027s Wanderer Trilogy","Minty Spire (QoL Compilation)","Permanent Neow","Quick Restart","Relic Stats","StSLib","Weighted Paths"],"gold_per_floor":[117,117,97,114,114,144,144,179,179,211,228,248,275,295,295,374,374,386,386,10,10,10,41,41,72,72,99,110,110,126,154,154,228,228,240,240,258,71,118,118,136,171,171,205,205,219,245,257,257,257,257,257,257,10,42,42],"floor_reached":57,"language":"ENG","playtime":2856,"items_purged":["Strike_R","Strike_R"],"score":3392,"play_id":"a3bba4c9-af33-413a-921b-3c949ce8c480","local_time":"20210203225722","is_ascension_mode":true,"campfire_choices":[{"data":"Heavy Blade","floor":7.0,"key":"SMITH"},{"data":"Dual Wield","floor":15.0,"key":"SMITH"},{"data":"Disarm","floor":24.0,"key":"SMITH"},{"data":"Juggernaut","floor":29.0,"key":"SMITH"},{"data":"Disarm","floor":32.0,"key":"SMITH"},{"data":"Heavy Blade","floor":40.0,"key":"SMITH"},{"data":"Heavy Blade","floor":45.0,"key":"SMITH"},{"floor":49.0,"key":"RECALL"},{"data":"Shockwave","floor":53.0,"key":"SMITH"}],"circlet_count":0,"master_deck":["AscendersBane","Strike_R","Strike_R","Strike_R","Defend_R","Defend_R","Defend_R","Defend_R","Bash","Shockwave+1","Spot Weakness","Heavy Blade+1","Reaper","Corruption","Dark Embrace","Dual Wield+1","Exhume","Juggernaut+1","Disarm+1","Spot Weakness","Disarm+1","Barricade","Dual Wield+1","Shrug It Off+1","Juggernaut","Bludgeon","Shrug It Off+1","Heavy Blade+1","Disarm+1","Spot Weakness+1","Heavy Blade+1","Heavy Blade","Body Slam+1","Limit Break+1","Spot Weakness+1"],"relics":["Snecko Eye","Centennial Puzzle","Oddly Smooth Stone","InkBottle","Gremlin Horn","Paper Frog","Coffee Dripper","MutagenicStrength","Question Card","Enchiridion","Nloth\u0027s Gift","Akabeko","HornCleat","Toxic Egg 2","Anchor","Omamori","Philosopher\u0027s Stone","Pocketwatch","Vajra","Pear","Potion Belt","Bronze Scales","Du-Vu Doll"],"acts_visited":["Exordium","TheCity","TheBeyond","TheEnding"],"potions_floor_usage":[56,56,56,56],"damage_taken":[{"damage":5.0,"enemies":"2 Louse","floor":1.0,"turns":3.0},{"damage":0.0,"enemies":"Cultist","floor":4.0,"turns":2.0},{"damage":6.0,"enemies":"Gremlin Nob","floor":6.0,"turns":3.0},{"damage":20.0,"enemies":"3 Sentries","floor":8.0,"turns":5.0},{"damage":12.0,"enemies":"Lagavulin","floor":10.0,"turns":6.0},{"damage":3.0,"enemies":"Jaw Worm","floor":11.0,"turns":2.0},{"damage":0.0,"enemies":"2 Fungi Beasts","floor":12.0,"turns":2.0},{"damage":8.0,"enemies":"3 Sentries","floor":13.0,"turns":4.0},{"damage":0.0,"enemies":"Large Slime","floor":14.0,"turns":2.0},{"damage":40.0,"enemies":"Hexaghost","floor":16.0,"turns":8.0},{"damage":0.0,"enemies":"3 Byrds","floor":18.0,"turns":4.0},{"damage":0.0,"enemies":"Book of Stabbing","floor":23.0,"turns":3.0},{"damage":0.0,"enemies":"Gremlin Leader","floor":25.0,"turns":3.0},{"damage":0.0,"enemies":"Book of Stabbing","floor":27.0,"turns":3.0},{"damage":0.0,"enemies":"Shell Parasite","floor":28.0,"turns":3.0},{"damage":0.0,"enemies":"Cultist and Chosen","floor":30.0,"turns":5.0},{"damage":0.0,"enemies":"Gremlin Leader","floor":31.0,"turns":2.0},{"damage":0.0,"enemies":"Collector","floor":33.0,"turns":4.0},{"damage":0.0,"enemies":"3 Darklings","floor":35.0,"turns":3.0},{"damage":0.0,"enemies":"3 Shapes","floor":37.0,"turns":4.0},{"damage":22.0,"enemies":"2 Orb Walkers","floor":39.0,"turns":5.0},{"damage":0.0,"enemies":"Maw","floor":41.0,"turns":3.0},{"damage":0.0,"enemies":"Reptomancer","floor":42.0,"turns":3.0},{"damage":0.0,"enemies":"Nemesis","floor":44.0,"turns":3.0},{"damage":0.0,"enemies":"Spire Growth","floor":46.0,"turns":2.0},{"damage":0.0,"enemies":"Giant Head","floor":47.0,"turns":5.0},{"damage":0.0,"enemies":"3 Darklings","floor":48.0,"turns":2.0},{"damage":60.0,"enemies":"Donu and Deca","floor":50.0,"turns":4.0},{"damage":38.0,"enemies":"Awakened One","floor":51.0,"turns":5.0},{"damage":38.0,"enemies":"Shield and Spear","floor":55.0,"turns":3.0},{"damage":60,"enemies":"The Heart","floor":56,"turns":6}],"seed_played":"-4970636527439095070","potions_obtained":[{"floor":1.0,"key":"SneckoOil"},{"floor":3.0,"key":"SteroidPotion"},{"floor":10.0,"key":"Explosive Potion"},{"floor":11.0,"key":"Fruit Juice"},{"floor":12.0,"key":"Explosive Potion"},{"floor":13.0,"key":"Dexterity Potion"},{"floor":14.0,"key":"Fire Potion"},{"floor":18.0,"key":"PowerPotion"},{"floor":37.0,"key":"SpeedPotion"},{"floor":47.0,"key":"Ancient Potion"},{"floor":48.0,"key":"Swift Potion"}],"is_trial":false,"path_per_floor":["M","?","?","M","T","E","R","E","T","E","M","M","E","M","R","B",null,"M","?","$","?","?","E","R","E","T","E","M","R","M","E","R","B",null,"M","?","M","$","?","R","M","E","T","E","R","M","E","M","R","B","B",null,"R","$","E","B",null],"character_chosen":"IRONCLAD","items_purchased":["Spot Weakness","Question Card","Disarm+1","Bronze Scales","LiquidBronze"],"campfire_rested":0,"item_purchase_floors":[20,20,38,54,54],"current_hp_per_floor":[63,63,63,63,63,57,57,37,37,31,43,63,75,75,75,54,74,80,80,80,59,59,80,80,80,80,80,80,80,80,80,80,80,80,80,80,80,80,71,71,71,80,80,90,90,90,90,90,90,30,49,80,80,80,52,7],"gold":42,"neow_bonus":"BOSS_RELIC","is_daily":false,"chose_seed":false,"campfire_upgraded":8,"win_rate":0.0,"timestamp":1612414642,"path_taken":["M","?","?","?","?","E","R","E","T","E","M","M","E","M","R","BOSS","M","?","$","?","?","E","R","E","T","E","M","R","M","E","R","BOSS","M","?","M","?","?","R","?","E","T","E","R","?","E","M","R","BOSS","BOSS","R","$","E","BOSS"],"items_purchased_type":["Card","Relic","Card","Relic","Potion"],"build_version":"2020-12-22","purchased_purges":2,"victory":true,"max_hp_per_floor":[75,75,75,75,75,75,75,75,75,75,80,80,80,80,80,80,80,80,80,80,80,80,80,80,80,80,80,80,80,80,80,80,80,80,80,80,80,80,80,80,80,80,80,90,90,90,90,90,90,90,90,90,90,90,90,90],"relic_stats":{"Centennial Puzzle":[33],"Gremlin Horn":[30,30],"counters":[31,112],"Bronze Scales":[66],"Snecko Eye":[239,224,245,239],"Nloth\u0027s Gift":8,"Question Card":17,"obtain_stats":[{"Gremlin Horn":10,"Enchiridion":21,"Vajra":42,"Burning Blood":0,"Centennial Puzzle":5,"HornCleat":25,"Philosopher\u0027s Stone":34,"Toxic Egg 2":26,"InkBottle":9,"Paper Frog":13,"Potion Belt":47,"Pear":44,"Oddly Smooth Stone":6,"Omamori":31,"Question Card":20,"White Beast Statue":8,"Akabeko":23,"Du-Vu Doll":55,"Anchor":27,"MutagenicStrength":19,"Bronze Scales":54,"Snecko Eye":0,"Coffee Dripper":17,"Nloth\u0027s Gift":22,"Pocketwatch":39},{"Gremlin Horn":5,"Enchiridion":11,"Vajra":23,"Burning Blood":0,"Centennial Puzzle":2,"HornCleat":13,"Philosopher\u0027s Stone":18,"Toxic Egg 2":13,"InkBottle":4,"Paper Frog":8,"Potion Belt":26,"Pear":24,"Oddly Smooth Stone":3,"Omamori":17,"Question Card":11,"White Beast Statue":4,"Akabeko":12,"Du-Vu Doll":30,"Anchor":14,"MutagenicStrength":11,"Bronze Scales":29,"Snecko Eye":0,"Coffee Dripper":10,"Nloth\u0027s Gift":11,"Pocketwatch":21},{"Gremlin Horn":19,"Enchiridion":41,"Vajra":82,"Burning Blood":0,"Centennial Puzzle":5,"HornCleat":47,"Philosopher\u0027s Stone":64,"Toxic Egg 2":47,"InkBottle":13,"Paper Frog":27,"Potion Belt":92,"Pear":85,"Oddly Smooth Stone":8,"Omamori":60,"Question Card":41,"White Beast Statue":13,"Akabeko":44,"Du-Vu Doll":106,"Anchor":50,"MutagenicStrength":41,"Bronze Scales":103,"Snecko Eye":0,"Coffee Dripper":37,"Nloth\u0027s Gift":41,"Pocketwatch":76}],"InkBottle":[49],"Pocketwatch":[6]},"card_choices":[{"not_picked":["Blood for Blood","Flex"],"picked":"Shockwave","floor":1.0},{"not_picked":["Clash","Ghostly Armor"],"picked":"Spot Weakness","floor":4.0},{"not_picked":["Cleave","Whirlwind"],"picked":"Heavy Blade","floor":6.0},{"not_picked":["Warcry","Dark Embrace"],"picked":"Reaper","floor":8.0},{"not_picked":["Wild Strike","Sever Soul"],"picked":"Corruption","floor":10.0},{"not_picked":["Havoc","Sever Soul"],"picked":"Dark Embrace","floor":11.0},{"not_picked":["Twin Strike","True Grit"],"picked":"Dual Wield","floor":12.0},{"not_picked":["Wild Strike","Anger"],"picked":"Exhume","floor":13.0},{"not_picked":["Havoc","Twin Strike","Cleave"],"picked":"SKIP","floor":14.0},{"not_picked":["Brutality","Exhume"],"picked":"Juggernaut","floor":16.0},{"not_picked":["Thunderclap+1","Twin Strike","Disarm"],"picked":"SKIP","floor":18.0},{"not_picked":["Thunderclap+1","Twin Strike"],"picked":"Disarm","floor":18.0},{"not_picked":["Twin Strike","Corruption","Headbutt"],"picked":"Disarm","floor":23.0},{"not_picked":["Inflame","Blood for Blood+1","Clash"],"picked":"Barricade","floor":25.0},{"not_picked":["Warcry+1","Carnage","Feed"],"picked":"Dual Wield+1","floor":27.0},{"not_picked":["Twin Strike","Body Slam","Perfected Strike"],"picked":"Shrug It Off+1","floor":28.0},{"not_picked":["Sword Boomerang","Iron Wave","Fire Breathing","Flex+1"],"picked":"SKIP","floor":30.0},{"not_picked":["Berserk","Flex+1","Twin Strike"],"picked":"Juggernaut","floor":31.0},{"not_picked":["Brutality","Reaper","Limit Break+1"],"picked":"Bludgeon","floor":33.0},{"not_picked":["Evolve","Thunderclap+1","Wild Strike"],"picked":"Shrug It Off+1","floor":35.0},{"not_picked":["Seeing Red+1","Battle Trance+1","Pommel Strike+1","Burning Pact+1"],"picked":"SKIP","floor":37.0},{"not_picked":["Evolve","Intimidate+1","Corruption"],"picked":"Spot Weakness+1","floor":39.0},{"not_picked":["Cleave","Wild Strike","Burning Pact+1"],"picked":"Heavy Blade","floor":41.0},{"not_picked":["Flex+1","Rage+1","Pommel Strike","Anger+1"],"picked":"SKIP","floor":42.0},{"not_picked":["Twin Strike+1","Corruption","Berserk"],"picked":"Heavy Blade","floor":44.0},{"not_picked":["True Grit+1","Pommel Strike","Burning Pact+1","Dark Embrace+1"],"picked":"SKIP","floor":46.0},{"not_picked":["Sentinel+1","Metallicize","Brutality"],"picked":"Body Slam+1","floor":47.0},{"not_picked":["Rampage","Heavy Blade","Battle Trance+1"],"picked":"Limit Break+1","floor":48.0},{"not_picked":["Barricade","Thunderclap+1","Feel No Pain"],"picked":"Spot Weakness+1","floor":55.0}],"player_experience":1019356,"relics_obtained":[{"floor":5.0,"key":"Centennial Puzzle"},{"floor":6.0,"key":"Oddly Smooth Stone"},{"floor":8.0,"key":"White Beast Statue"},{"floor":9.0,"key":"InkBottle"},{"floor":10.0,"key":"Gremlin Horn"},{"floor":13.0,"key":"Paper Frog"},{"floor":21.0,"key":"Enchiridion"},{"floor":23.0,"key":"Akabeko"},{"floor":25.0,"key":"HornCleat"},{"floor":26.0,"key":"Toxic Egg 2"},{"floor":27.0,"key":"Anchor"},{"floor":31.0,"key":"Omamori"},{"floor":39.0,"key":"Pocketwatch"},{"floor":42.0,"key":"Vajra"},{"floor":44.0,"key":"Pear"},{"floor":47.0,"key":"Potion Belt"},{"floor":55.0,"key":"Du-Vu Doll"}],"event_choices":[{"damage_healed":0.0,"max_hp_gain":0.0,"max_hp_loss":0.0,"gold_gain":0.0,"event_name":"Shining Light","player_choice":"Ignored","floor":2.0,"gold_loss":0.0,"damage_taken":0.0},{"damage_healed":0.0,"max_hp_gain":0.0,"max_hp_loss":0.0,"gold_gain":0.0,"event_name":"The Woman in Blue","player_choice":"Bought 1 Potion","floor":3.0,"gold_loss":0.0,"damage_taken":0.0},{"damage_healed":0.0,"max_hp_gain":0.0,"max_hp_loss":0.0,"gold_gain":0.0,"event_name":"Drug Dealer","player_choice":"Inject Mutagens","floor":19.0,"gold_loss":0.0,"damage_taken":0.0,"relics_obtained":["MutagenicStrength"]},{"damage_healed":0.0,"max_hp_gain":0.0,"max_hp_loss":0.0,"gold_gain":0.0,"event_name":"Cursed Tome","player_choice":"Obtained Book","floor":21.0,"gold_loss":0.0,"damage_taken":21.0},{"damage_healed":0.0,"max_hp_gain":0.0,"max_hp_loss":0.0,"gold_gain":0.0,"event_name":"N\u0027loth","player_choice":"Traded Relic","floor":22.0,"relics_lost":["White Beast Statue"],"gold_loss":0.0,"damage_taken":0.0,"relics_obtained":["Nloth\u0027s Gift"]},{"damage_healed":0.0,"max_hp_gain":0.0,"max_hp_loss":0.0,"gold_gain":0.0,"event_name":"Match and Keep!","player_choice":"1 cards matched","floor":36.0,"gold_loss":0.0,"damage_taken":0.0,"cards_obtained":["Heavy Blade"]},{"damage_healed":0.0,"max_hp_gain":0.0,"max_hp_loss":0.0,"gold_gain":0.0,"event_name":"Match and Keep!","player_choice":"1 cards matched","floor":36.0,"gold_loss":0.0,"damage_taken":0.0,"cards_obtained":["Heavy Blade"]},{"damage_healed":0.0,"max_hp_gain":0.0,"max_hp_loss":0.0,"gold_gain":0.0,"event_name":"Mysterious Sphere","player_choice":"Fight","floor":39.0,"gold_loss":0.0,"damage_taken":0.0}],"is_beta":false,"boss_relics":[{"not_picked":["Pandora\u0027s Box","Astrolabe"],"picked":"Coffee Dripper"},{"not_picked":["Calling Bell","Fusion Hammer"],"picked":"Philosopher\u0027s Stone"}],"items_purged_floors":[20,38],"is_endless":false,"potions_floor_spawned":[1,10,11,12,13,14,16,18,25,28,30,37,41,47,48],"ascension_level":20}}