{"host":"0dsi8ju7ih3zb7n8","time":1612465828,"event":{"mods":["2.2 Compatiblity","Act Like it!","Astrologer","BaseMod","Downfall","Hermit","Minty Spire (QoL Compilation)","Robot Space Explorer","Spicy Shops","StSLib","The Marked"],"gold_per_floor":[99,114,134,134,234,244,326,360,393,393,451,551,476,492,503,598,598,548,561,561,661,746,774,828,478,478,165,115,97,128,157,173,268,268,218,237,253,253,305,255,255,282,52,52,52,63,13,31,44,44,44,75,16,16,16,16],"floor_reached":57,"language":"ENG","playtime":3012,"items_purged":[],"score":1349,"play_id":"e21ef8e8-04fc-4aa1-9792-6bf2449239c9","local_time":"20210204201028","daily_mods":["SealedDeck","Heirloom","Flight"],"is_ascension_mode":false,"campfire_choices":[{"data":"Slimebound:LevelUp","floor":1,"key":"SMITH"},{"floor":10,"key":"RECALL"},{"data":"Slimebound:Recycling","floor":18,"key":"SMITH"},{"floor":25,"key":"REST"},{"data":"Slimebound:SplitSpecialist","floor":26,"key":"SMITH"},{"data":"Slimebound:SpikyOuterGoop","floor":28,"key":"SMITH"},{"data":"Slimebound:MinionMaster","floor":35,"key":"SMITH"},{"floor":40,"key":"REST"},{"data":"Slimebound:OneTwoCombo","floor":47,"key":"SMITH"},{"data":"Slimebound:LeadByExample","floor":54,"key":"SMITH"}],"circlet_count":0,"master_deck":["Slimebound:LeechEnergy","Slimebound:SplitLeeching","Slimebound:SlimeSpikes","Slimebound:MegaLick","Slimebound:LevelUp+1","Slimebound:SplitBruiser","Slimebound:SplitAcid","Slimebound:SplitAcid","Slimebound:RejuvenatingLick","Slimebound:SplitSpecialist+1","Slimebound:SplitBruiser","Slimebound:ProtectTheBoss","Slimebound:RejuvenatingLick","Slimebound:SplitBruiser+1","Slimebound:Recycling+1","downfall:Haunted","downfall:Haunted","Shame","Slimebound:SplitMire+1","Slimebound:SplitBruiser+1","Slimebound:FirmFortitude+1","Slimebound:LeechEnergy+1","Slimebound:CheckThePlaybook+1","Pride","Slimebound:HungryTackle","Slimebound:SpikyOuterGoop+1","Slimebound:Recollect+1","Slimebound:SlimeBrawl+1","Slimebound:SlimeSlap+1","Slimebound:TongueLash+1","Slimebound:MinionMaster+1","Slimebound:AcidTongue+1","Slimebound:SlimeBarrage+1","Slimebound:Replication+1","Slimebound:Equalize","Slimebound:LeadByExample+1","Slimebound:OneTwoCombo+1","Slimebound:AcidTongue","Slimebound:Replication+1","Slimebound:MegaLick+1","Slimebound:Recycling"],"relics":["Slimebound:AbsorbEndCombatUpgraded","TungstenRod","downfall:BrokenWingStatue","Kunai","Slimebound:PotencyRelic","Toxic Egg 2","Mummified Hand","Du-Vu Doll","Slimebound:GreedOozeRelic","Potion Belt","downfall:HeartBlessingBlue","downfall:HeartBlessingGreen","downfall:HeartBlessingRed","Cauldron","ClockworkSouvenir","Sling","Matryoshka","Red Mask","Omamori","bronze:MakeshiftBattery","Mango","Centennial Puzzle","Pantograph","CaptainsWheel","Guardian:PocketSentry","The Courier","Bottled Flame","Whetstone","Membership Card"],"acts_visited":["Exordium","TheCity","TheBeyond","TheEnding"],"potions_floor_usage":[29,32,33,39,55,55],"damage_taken":[{"damage":0,"enemies":"Cultist","floor":2,"turns":2},{"damage":0,"enemies":"2 Louse","floor":3,"turns":2},{"damage":4,"enemies":"Small Slimes","floor":6,"turns":2},{"damage":7,"enemies":"Gremlin Nob","floor":8,"turns":4},{"damage":16,"enemies":"3 Sentries","floor":9,"turns":3},{"damage":0,"enemies":"Gremlin Nob","floor":11,"turns":2},{"damage":0,"enemies":"Large Slime","floor":14,"turns":2},{"damage":5,"enemies":"2 Fungi Beasts","floor":15,"turns":2},{"damage":16,"enemies":"WA_ARCHETYPE_RETAIN","floor":16,"turns":4},{"damage":0,"enemies":"Shell Parasite","floor":19,"turns":2},{"damage":31,"enemies":"Book of Stabbing","floor":23,"turns":3},{"damage":8,"enemies":"downfall:FleeingMerchant","floor":27,"turns":4},{"damage":0,"enemies":"downfall:FleeingMerchant","floor":29,"turns":3},{"damage":13,"enemies":"Masked Bandits","floor":30,"turns":3},{"damage":19,"enemies":"Slavers","floor":31,"turns":4},{"damage":2,"enemies":"3 Byrds","floor":32,"turns":3},{"damage":20,"enemies":"DF_ARCHETYPE_CLAW","floor":33,"turns":6},{"damage":16,"enemies":"3 Darklings","floor":36,"turns":3},{"damage":6,"enemies":"Orb Walker","floor":37,"turns":2},{"damage":11,"enemies":"Orb Walker","floor":38,"turns":4},{"damage":44,"enemies":"2 Orb Walkers","floor":39,"turns":4},{"damage":12,"enemies":"Reptomancer","floor":42,"turns":3},{"damage":12,"enemies":"Writhing Mass","floor":46,"turns":3},{"damage":2,"enemies":"Transient","floor":48,"turns":5},{"damage":4,"enemies":"3 Darklings","floor":49,"turns":3},{"damage":17,"enemies":"IC_BLOCK_ARCHETYPE","floor":50,"turns":4},{"damage":29,"enemies":"downfall:CharBossMerchant","floor":52,"turns":4},{"damage":22,"enemies":"downfall:NeowBoss","floor":55,"turns":8},{"damage":46,"enemies":"downfall:NeowBossFinal","floor":56,"turns":8}],"seed_played":"3615126578450086694","potions_obtained":[{"floor":2,"key":"Swift Potion"},{"floor":6,"key":"Slimebound:ThreeZeroPotion"},{"floor":9,"key":"SkillPotion"},{"floor":23,"key":"Dexterity Potion"},{"floor":27,"key":"ColorlessPotion"},{"floor":30,"key":"Ancient Potion"},{"floor":32,"key":"Guardian:BlockOnCardUsePotion"},{"floor":36,"key":"FearPotion"},{"floor":38,"key":"bronze:BurnAndBuffPotion"},{"floor":49,"key":"Slimebound:SlimedPotion"}],"is_trial":true,"path_per_floor":["R","M","M","?","?","M","T","E","E","R","?","?","?","M","M","B",null,"R","M","?","?","?","E","T","R","R","$","R","$","?","E","M","B",null,"R","M","M","?","?","R","T","E","$","?","T","M","R","M","M","B",null,"E","$","R","B","B",null],"character_chosen":"SLIMEBOUND","items_purchased":["Cauldron","Slimebound:SpikyOuterGoop","ClockworkSouvenir","Sling","Matryoshka","Slimebound:OneTwoCombo","Guardian:PocketSentry","Membership Card"],"campfire_rested":2,"item_purchase_floors":[27,27,27,29,29,43,43,53],"current_hp_per_floor":[65,65,65,65,65,61,61,58,44,44,46,46,46,46,43,29,65,65,65,44,44,33,14,14,46,46,53,53,56,46,33,34,29,75,75,62,62,60,33,59,59,56,56,56,56,50,50,71,67,84,89,71,71,71,82,61],"gold":16,"neow_bonus":"","is_daily":false,"chose_seed":false,"campfire_upgraded":7,"win_rate":0.0,"timestamp":1612465828,"path_taken":["R","M","?","?","?","M","T","E","E","R","?","?","?","?","M","BOSS","R","M","?","?","?","E","T","R","R","$","R","?","?","E","M","BOSS","R","M","M","?","?","R","T","E","$","?","?","M","R","?","M","BOSS","E","$","R","BOSS","BOSS"],"items_purchased_type":["Relic","Card","Relic","Relic","Relic","Card","Relic","Relic"],"build_version":"2020-12-22","purchased_purges":0,"victory":true,"max_hp_per_floor":[65,65,65,65,65,65,65,65,65,65,65,65,65,65,65,65,65,65,65,65,65,65,65,65,75,75,75,75,75,75,75,75,75,75,75,75,75,75,89,89,89,89,89,89,89,89,89,89,89,89,89,89,89,89,89,89],"card_choices":[{"not_picked":["Slimebound:GoopTackle","Slimebound:FinishingTackle"],"picked":"Slimebound:SplitBruiser","floor":2},{"not_picked":["Slimebound:SplitBruiser","Slimebound:Prepare"],"picked":"Slimebound:ProtectTheBoss","floor":3},{"not_picked":["Slimebound:LivingWall","Slimebound:FinishingTackle","Slimebound:LeechingTouch"],"picked":"SKIP","floor":6},{"not_picked":["Slimebound:PressTheAttack","Slimebound:SplitLeeching"],"picked":"Slimebound:RejuvenatingLick","floor":8},{"not_picked":["Slimebound:FinishingTackle","Slimebound:GoopTackle"],"picked":"Slimebound:SplitBruiser+1","floor":9},{"not_picked":["Slimebound:Schlurp+1","Slimebound:ComboTackle"],"picked":"Slimebound:Recycling","floor":11},{"not_picked":["Slimebound:GoopSpray+1","Slimebound:SplitLeeching+1"],"picked":"Slimebound:SplitMire+1","floor":14},{"not_picked":["Slimebound:LeechingTouch","Slimebound:FinishingTackle"],"picked":"Slimebound:SplitBruiser+1","floor":15},{"not_picked":["Slimebound:DouseInSlime+1","Slimebound:MassFeed"],"picked":"Slimebound:FirmFortitude+1","floor":16},{"not_picked":["Slimebound:FinishingTackle","Slimebound:GoopTackle"],"picked":"Slimebound:LeechEnergy+1","floor":19},{"not_picked":["Slimebound:LeechingTouch","Slimebound:SplitBruiser+1"],"picked":"Slimebound:SamplingLick+1","floor":23},{"not_picked":["Slimebound:GoopSpray+1","Slimebound:LeechEnergy+1"],"picked":"Slimebound:HungryTackle","floor":27},{"not_picked":["Slimebound:RollThrough","Slimebound:SlimeBarrage"],"picked":"Slimebound:Recollect+1","floor":29},{"not_picked":["Slimebound:ComboTackle","Slimebound:HungryTackle+1"],"picked":"Slimebound:SlimeBrawl+1","floor":30},{"not_picked":["Slimebound:SlimeSpikes+1","Slimebound:Overexert"],"picked":"Slimebound:SlimeSlap","floor":31},{"not_picked":["Slimebound:LeechingTouch","Slimebound:SlimeSpikes+1"],"picked":"Slimebound:TongueLash","floor":32},{"not_picked":["Slimebound:SlimeSlap","Slimebound:LeechLife"],"picked":"Slimebound:MinionMaster","floor":33},{"not_picked":["Slimebound:SlimeSpikes+1","Slimebound:HauntingLick+1"],"picked":"Slimebound:AcidTongue+1","floor":36},{"not_picked":["Slimebound:SlimeBrawl+1","Slimebound:Schlurp+1"],"picked":"Slimebound:SlimeBarrage+1","floor":37},{"not_picked":["Slimebound:Schlurp+1","Slimebound:SamplingLick+1"],"picked":"Slimebound:Replication+1","floor":38},{"not_picked":["Slimebound:SplitBruiser+1","Slimebound:RainOfGoop+1"],"picked":"Slimebound:Equalize","floor":39},{"not_picked":["Slimebound:SplitAcid+1","Slimebound:GoopSpray+1"],"picked":"Slimebound:LeadByExample","floor":42},{"not_picked":["Slimebound:FlameTackle+1","Slimebound:Schlurp+1"],"picked":"Slimebound:AcidTongue","floor":46},{"not_picked":["Slimebound:GoopSpray+1","Slimebound:LeechEnergy+1"],"picked":"Slimebound:Replication+1","floor":48},{"not_picked":["Slimebound:FormOfPuddle+1","Slimebound:SamplingLick+1"],"picked":"Slimebound:MegaLick+1","floor":49},{"not_picked":["Slimebound:Dissolve+1","Slimebound:SamplingLick+1"],"picked":"Slimebound:Recycling","floor":52}],"player_experience":863367,"relics_obtained":[{"floor":7,"key":"Kunai"},{"floor":8,"key":"Slimebound:PotencyRelic"},{"floor":9,"key":"Toxic Egg 2"},{"floor":11,"key":"Mummified Hand"},{"floor":23,"key":"Potion Belt"},{"floor":30,"key":"Red Mask"},{"floor":31,"key":"Omamori"},{"floor":39,"key":"Mango"},{"floor":41,"key":"Centennial Puzzle"},{"floor":41,"key":"Pantograph"},{"floor":42,"key":"CaptainsWheel"},{"floor":45,"key":"The Courier"},{"floor":45,"key":"Bottled Flame"},{"floor":52,"key":"Whetstone"}],"event_choices":[{"damage_healed":0,"gold_gain":0,"player_choice":"Fought Bandits","damage_taken":0,"max_hp_gain":0,"max_hp_loss":0,"event_name":"Masked Bandits","floor":30,"gold_loss":0},{"damage_healed":0,"gold_gain":0,"player_choice":"Fight","damage_taken":0,"max_hp_gain":0,"max_hp_loss":0,"event_name":"Mysterious Sphere","floor":39,"gold_loss":0},{"cards_removed":["Slimebound:SamplingLick"],"damage_healed":0,"gold_gain":0,"player_choice":"Removed Skill","damage_taken":0,"max_hp_gain":0,"max_hp_loss":0,"event_name":"Falling","floor":44,"gold_loss":0}],"is_beta":false,"boss_relics":[{"not_picked":["Busted Crown","Empty Cage"],"picked":"Slimebound:AbsorbEndCombatUpgraded"},{"not_picked":["Black Star","Velvet Choker"],"picked":"bronze:MakeshiftBattery"}],"items_purged_floors":[],"is_endless":false,"potions_floor_spawned":[2,6,9,15,16,23,30,32,36,38,49],"ascension_level":0}}