{"host":"w01zow3jg16g8jdh","time":1612445326,"event":{"mods":["AchievementEnabler","BaseMod","DeckTracker","Keyboard Shortcuts","Minty Spire (QoL Compilation)","Permanent Neow","StSLib","SuperFastMode"],"gold_per_floor":[118,132,149,160,179,179,179,204,204,239,68,68,68,83,83,173,173,173,173],"floor_reached":18,"language":"KOR","playtime":383,"items_purged":[],"score":344,"play_id":"c248f545-ccf4-46fe-96c9-662b26b42a56","local_time":"20210204222846","is_ascension_mode":true,"campfire_choices":[{"floor":6.0,"key":"REST"},{"data":"MentalFortress","floor":15.0,"key":"SMITH"}],"circlet_count":0,"master_deck":["AscendersBane","Strike_P+1","Strike_P+1","Strike_P+1","Strike_P","Defend_P+1","Defend_P+1","Defend_P","Eruption+1","Vigilance","LessonLearned","Indignation+1","MentalFortress+1","WheelKick","MentalFortress+1","Scrawl","CurseOfTheBell"],"relics":["PureWater","Lizard Tail","GoldenEye","Prayer Wheel","Medical Kit","Golden Idol","Calling Bell","Blood Vial","The Courier"],"acts_visited":["Exordium","TheCity"],"potions_floor_usage":[],"damage_taken":[{"damage":3.0,"enemies":"2 Louse","floor":1.0,"turns":3.0},{"damage":7.0,"enemies":"Small Slimes","floor":2.0,"turns":3.0},{"damage":4.0,"enemies":"Cultist","floor":3.0,"turns":3.0},{"damage":9.0,"enemies":"Exordium Thugs","floor":4.0,"turns":4.0},{"damage":9.0,"enemies":"Large Slime","floor":5.0,"turns":4.0},{"damage":37.0,"enemies":"3 Sentries","floor":8.0,"turns":7.0},{"damage":3.0,"enemies":"Gremlin Nob","floor":10.0,"turns":3.0},{"damage":17.0,"enemies":"2 Fungi Beasts","floor":14.0,"turns":3.0},{"damage":16.0,"enemies":"The Guardian","floor":16.0,"turns":11.0},{"damage":17,"enemies":"Spheric Guardian","floor":18,"turns":5}],"seed_played":"8008511966407441144","potions_obtained":[{"floor":1.0,"key":"StancePotion"},{"floor":2.0,"key":"CultistPotion"},{"floor":14.0,"key":"SkillPotion"}],"is_trial":false,"path_per_floor":["M","M","M","M","M","R","?","E","T","E","$","?","$","M","R","B",null,"M"],"character_chosen":"WATCHER","items_purchased":["Medical Kit"],"campfire_rested":1,"item_purchase_floors":[11],"current_hp_per_floor":[40,33,29,20,11,31,31,14,14,11,11,11,11,31,31,15,50,35,35],"gold":173,"neow_bonus":"THREE_RARE_CARDS","is_daily":false,"chose_seed":false,"campfire_upgraded":1,"win_rate":0.0,"timestamp":1612445326,"path_taken":["M","M","M","M","M","R","?","E","T","E","$","?","$","M","R","BOSS","M"],"items_purchased_type":["Relic"],"build_version":"2020-12-22","purchased_purges":0,"victory":false,"max_hp_per_floor":[68,68,68,68,68,68,68,68,68,68,68,62,62,62,62,62,62,62,62],"card_choices":[{"not_picked":["Judgement","Establishment"],"picked":"LessonLearned","floor":0.0},{"not_picked":["SandsOfTime","ClearTheMind"],"picked":"Indignation","floor":1.0},{"not_picked":["TalkToTheHand","ThirdEye"],"picked":"MentalFortress","floor":2.0},{"not_picked":["Prostrate","Crescendo","Worship"],"picked":"SKIP","floor":3.0},{"not_picked":["JustLucky","Judgement"],"picked":"WheelKick","floor":4.0},{"not_picked":["Halt","SashWhip","Collect"],"picked":"SKIP","floor":5.0},{"not_picked":["Crescendo","SpiritShield","ClearTheMind"],"picked":"SKIP","floor":8.0},{"not_picked":["Tantrum","DeceiveReality"],"picked":"MentalFortress","floor":10.0},{"not_picked":["FollowUp","PathToVictory","Evaluate"],"picked":"SKIP","floor":14.0},{"not_picked":["Prostrate","SashWhip","Consecrate"],"picked":"SKIP","floor":14.0},{"not_picked":["Blasphemy","Omniscience"],"picked":"Scrawl","floor":16.0}],"player_experience":355395,"relics_obtained":[{"floor":8.0,"key":"Lizard Tail"},{"floor":9.0,"key":"GoldenEye"},{"floor":10.0,"key":"Prayer Wheel"},{"floor":17.0,"key":"Blood Vial"},{"floor":17.0,"key":"The Courier"}],"event_choices":[{"cards_removed":["Defend_P"],"damage_healed":0.0,"max_hp_gain":0.0,"max_hp_loss":0.0,"gold_gain":0.0,"event_name":"Living Wall","player_choice":"Forget","floor":7.0,"gold_loss":0.0,"damage_taken":0.0},{"damage_healed":0.0,"max_hp_gain":0.0,"max_hp_loss":6.0,"gold_gain":0.0,"event_name":"Golden Idol","player_choice":"Lose Max HP","floor":12.0,"gold_loss":0.0,"damage_taken":0.0,"relics_obtained":["Golden Idol"]}],"is_beta":false,"boss_relics":[{"not_picked":["Tiny House","Snecko Eye"],"picked":"Calling Bell"}],"items_purged_floors":[],"is_endless":false,"potions_floor_spawned":[1,2,4,14],"killed_by":"Spheric Guardian","ascension_level":20}}