{"host":"z5bn7jsck728mmiq","time":1612431912,"event":{"mods":["BaseMod","Bestiary","DeckTracker","Hermit","Marisa????????","Minty Spire (QoL Compilation)","Permanent Neow","StSLib","The Disciple","The Gatherer","The Hierophant","The Servant 0.9.4","Trackpad","Wide Potions"],"gold_per_floor":[144,144,189,234,279,369,369,414,414,459,439,484,529,36,36,336,336,381,381,42,42,6,96,96,11,61,106,151,196,241,286,286,586,586,631,676,226,226,226,226,226,271,296,146,236,236,341,386,386,386],"floor_reached":51,"language":"ENG","playtime":1577,"items_purged":[],"score":926,"play_id":"644126bb-694c-4298-ac3c-df5aabc034f6","local_time":"20210204014512","daily_mods":["Insanity","Colorless Cards","Midas"],"is_ascension_mode":false,"campfire_choices":[{"floor":7,"key":"REST"},{"floor":15,"key":"REST"},{"floor":24,"key":"REST"},{"floor":32,"key":"REST"},{"floor":40,"key":"REST"},{"floor":46,"key":"REST"},{"floor":49,"key":"REST"}],"circlet_count":0,"master_deck":["Clash+1","Perfected Strike","Pommel Strike","Panacea","Purity","Armaments","Good Instincts","Finesse","Body Slam","Heavy Blade+1","Warcry","Body Slam","Sword Boomerang","Body Slam","Reckless Charge","Seeing Red","Flex","Heavy Blade","Second Wind","Armaments","Feel No Pain","Perfected Strike","Hemokinesis","Perfected Strike","Battle Trance","Twin Strike","Thunderclap","Armaments","Pommel Strike","Thunderclap","Rupture","Shrug It Off","Flex","Pommel Strike","Twin Strike","Deep Breath","Whirlwind","Dropkick","Power Through","Entrench","Bloodletting","Flash of Steel","Iron Wave","Iron Wave","Warcry","Flex","Bloodletting","Headbutt","Madness","Thunderclap","Flex","Pommel Strike","Thunderclap+1","Combust","Combust","Armaments","Infernal Blade","Cleave","Clothesline","Heavy Blade","Ghostly Armor","Mayhem","Dramatic Entrance","Bash","Sever Soul","Spot Weakness","Blood for Blood","Flex","Clothesline","Shrug It Off+1","Flex","Flex+1","Inflame","Reaper","Sword Boomerang","True Grit+1","Impervious","Iron Wave+1","Seeing Red+1","Mind Blast+1","Hemokinesis+1","Decay","Flash of Steel+1","Shrug It Off+1","Combust+1","Shrug It Off+1"],"relics":["Burning Blood","Matryoshka","Orichalcum","Pear","trackpad:GuardianSpirit","ClockworkSouvenir","trackpad:StolenKidneys","Sling","trackpad:SappingStone","Red Skull","Pantograph","Ancient Tea Set","Tiny Chest","Runic Cube","Whetstone","Strawberry","Orrery","trackpad:ByrdCharm","Vajra","Toy Ornithopter","TungstenRod","Turnip"],"acts_visited":["Exordium","TheCity","TheBeyond"],"potions_floor_usage":[6,50],"damage_taken":[{"damage":3,"enemies":"Small Slimes","floor":1,"turns":3},{"damage":0,"enemies":"Cultist","floor":3,"turns":3},{"damage":2,"enemies":"2 Louse","floor":4,"turns":2},{"damage":9,"enemies":"Exordium Thugs","floor":5,"turns":3},{"damage":8,"enemies":"3 Sentries","floor":6,"turns":5},{"damage":14,"enemies":"Looter","floor":8,"turns":3},{"damage":12,"enemies":"Large Slime","floor":10,"turns":3},{"damage":9,"enemies":"Exordium Wildlife","floor":12,"turns":3},{"damage":2,"enemies":"3 Louse","floor":13,"turns":1},{"damage":50,"enemies":"Hexaghost","floor":16,"turns":7},{"damage":15,"enemies":"Shell Parasite","floor":18,"turns":3},{"damage":10,"enemies":"Slavers","floor":23,"turns":3},{"damage":13,"enemies":"3 Byrds","floor":27,"turns":4},{"damage":23,"enemies":"Snake Plant","floor":28,"turns":5},{"damage":16,"enemies":"Sentry and Sphere","floor":29,"turns":6},{"damage":5,"enemies":"Chosen and Byrds","floor":30,"turns":4},{"damage":20,"enemies":"Shelled Parasite and Fungi","floor":31,"turns":3},{"damage":108,"enemies":"Collector","floor":33,"turns":7},{"damage":8,"enemies":"Orb Walker","floor":35,"turns":3},{"damage":43,"enemies":"3 Shapes","floor":36,"turns":3},{"damage":6,"enemies":"Jaw Worm Horde","floor":42,"turns":2},{"damage":42,"enemies":"Reptomancer","floor":45,"turns":3},{"damage":7,"enemies":"2 Orb Walkers","floor":47,"turns":5},{"damage":0,"enemies":"Sphere and 2 Shapes","floor":48,"turns":2},{"damage":81,"enemies":"Time Eater","floor":50,"turns":8}],"seed_played":"2514053361250750194","potions_obtained":[{"floor":5,"key":"Weak Potion"},{"floor":6,"key":"Dexterity Potion"},{"floor":11,"key":"Swift Potion"},{"floor":12,"key":"EntropicBrew"},{"floor":35,"key":"CultistPotion"}],"is_trial":false,"path_per_floor":["M","?","M","M","M","E","R","M","T","M","?","M","M","$","R","B",null,"M","?","$","?","$","E","R","?","T","M","M","M","M","M","R","B",null,"M","M","$","?","?","R","T","M","T","$","E","R","?","M","R","B",null],"character_chosen":"IRONCLAD","items_purchased":["Heavy Blade","trackpad:GuardianSpirit","ClockworkSouvenir","Ghostly Armor","Sling","trackpad:SappingStone","Sever Soul","Blood for Blood","Whetstone","Strawberry","Orrery","Toy Ornithopter"],"campfire_rested":7,"item_purchase_floors":[14,14,14,14,20,20,20,22,37,37,37,44],"current_hp_per_floor":[80,80,80,80,77,75,80,72,82,76,76,73,77,77,90,46,90,81,81,81,81,81,77,90,90,90,83,66,56,57,43,70,17,90,88,51,58,58,58,87,87,87,87,87,51,80,79,85,97,44],"gold":386,"neow_bonus":"","is_daily":true,"chose_seed":false,"campfire_upgraded":0,"win_rate":0.0,"timestamp":1612431912,"path_taken":["M","?","?","M","M","E","R","M","T","?","?","M","?","$","R","BOSS","M","?","?","?","$","E","R","?","T","M","M","?","M","M","R","BOSS","M","M","$","?","?","R","?","M","T","$","E","R","?","M","R","BOSS"],"items_purchased_type":["Card","Relic","Relic","Card","Relic","Relic","Card","Card","Relic","Relic","Relic","Relic"],"build_version":"2020-12-22","purchased_purges":0,"victory":true,"max_hp_per_floor":[80,80,80,80,80,80,80,80,90,90,90,90,90,90,90,90,90,90,90,90,90,90,90,90,90,90,90,90,90,90,90,90,90,90,90,90,97,97,97,97,97,97,97,97,97,97,97,97,97,97],"card_choices":[{"not_picked":["Wild Strike","Perfected Strike"],"picked":"Flex","floor":1},{"not_picked":["Wild Strike","Havoc"],"picked":"Pommel Strike","floor":3},{"not_picked":["Shrug It Off","Heavy Blade"],"picked":"Thunderclap","floor":4},{"not_picked":["Purity","Clash"],"picked":"Combust","floor":5},{"not_picked":["Panache","Power Through"],"picked":"Combust","floor":6},{"not_picked":["True Grit","Body Slam"],"picked":"Armaments","floor":8},{"not_picked":["Armaments","PanicButton"],"picked":"Infernal Blade","floor":10},{"not_picked":["Iron Wave","Warcry"],"picked":"Cleave","floor":12},{"not_picked":["Madness","Body Slam"],"picked":"Clothesline","floor":13},{"not_picked":["Master of Strategy","Juggernaut"],"picked":"Mayhem","floor":16},{"not_picked":["Sword Boomerang","Twin Strike"],"picked":"Dramatic Entrance","floor":18},{"not_picked":["Cleave+1","Carnage"],"picked":"Flex","floor":23},{"not_picked":["Iron Wave","Forethought"],"picked":"Clothesline","floor":27},{"not_picked":["Anger","Deep Breath"],"picked":"Shrug It Off+1","floor":28},{"not_picked":["Havoc","Warcry+1"],"picked":"Flex","floor":29},{"not_picked":["Armaments","Wild Strike"],"picked":"Flex+1","floor":30},{"not_picked":["Clothesline+1","Evolve"],"picked":"Inflame","floor":31},{"not_picked":["Violence","Metamorphosis"],"picked":"Reaper","floor":33},{"not_picked":["Pommel Strike","Clash"],"picked":"Sword Boomerang","floor":35},{"not_picked":["Pommel Strike+1","Hemokinesis"],"picked":"True Grit+1","floor":36},{"not_picked":["Bandage Up+1","Body Slam+1"],"picked":"Impervious","floor":37},{"not_picked":["Bandage Up+1","Shockwave"],"picked":"Iron Wave+1","floor":37},{"not_picked":["Pummel+1","Clothesline"],"picked":"Seeing Red+1","floor":37},{"not_picked":["Power Through+1","Clothesline+1"],"picked":"Mind Blast+1","floor":37},{"not_picked":["Anger","Wild Strike"],"picked":"Hemokinesis+1","floor":37},{"not_picked":["True Grit+1","Secret Technique"],"picked":"Flash of Steel+1","floor":42},{"not_picked":["Hemokinesis+1","Dual Wield"],"picked":"Shrug It Off+1","floor":45},{"not_picked":["Flex+1","Clothesline"],"picked":"Combust+1","floor":47},{"not_picked":["Warcry","Shockwave"],"picked":"Shrug It Off+1","floor":48}],"player_experience":105870,"relics_obtained":[{"floor":6,"key":"Matryoshka"},{"floor":9,"key":"Orichalcum"},{"floor":9,"key":"Pear"},{"floor":23,"key":"Red Skull"},{"floor":26,"key":"Ancient Tea Set"},{"floor":26,"key":"Tiny Chest"},{"floor":41,"key":"trackpad:ByrdCharm"},{"floor":43,"key":"Vajra"},{"floor":45,"key":"TungstenRod"},{"floor":47,"key":"Turnip"}],"event_choices":[{"damage_healed":0,"gold_gain":0,"player_choice":"Forge","damage_taken":0,"max_hp_gain":0,"max_hp_loss":0,"event_name":"Accursed Blacksmith","floor":2,"gold_loss":0,"cards_upgraded":["Heavy Blade"]},{"damage_healed":0,"gold_gain":0,"player_choice":"Bought 1 Potion","damage_taken":0,"max_hp_gain":0,"max_hp_loss":0,"event_name":"The Woman in Blue","floor":11,"gold_loss":0},{"damage_healed":0,"gold_gain":0,"player_choice":"1 cards matched","damage_taken":0,"max_hp_gain":0,"max_hp_loss":0,"event_name":"Match and Keep!","floor":19,"gold_loss":0,"cards_obtained":["Bash"]},{"damage_healed":0,"gold_gain":0,"player_choice":"Read","damage_taken":0,"max_hp_gain":0,"max_hp_loss":0,"event_name":"The Library","floor":21,"gold_loss":0,"cards_obtained":["Spot Weakness"]},{"damage_healed":0,"gold_gain":0,"player_choice":"Obtained Relic","damage_taken":0,"relics_obtained":["Pantograph"],"max_hp_gain":0,"max_hp_loss":0,"event_name":"Addict","floor":25,"gold_loss":85},{"damage_healed":0,"gold_gain":0,"player_choice":"Ignored","damage_taken":0,"max_hp_gain":0,"max_hp_loss":0,"event_name":"OrinTheCat","floor":38,"gold_loss":0},{"damage_healed":0,"gold_gain":0,"cards_transformed":["Wraith"],"player_choice":"Transformed","damage_taken":0,"max_hp_gain":0,"max_hp_loss":0,"event_name":"Transmorgrifier","floor":39,"gold_loss":0,"cards_obtained":["Decay"]},{"damage_healed":0,"gold_gain":0,"player_choice":"Fight","damage_taken":0,"max_hp_gain":0,"max_hp_loss":0,"event_name":"Mysterious Sphere","floor":47,"gold_loss":0}],"is_beta":false,"boss_relics":[{"not_picked":["Philosopher\u0027s Stone","Snecko Eye"],"picked":"trackpad:StolenKidneys"},{"not_picked":["Coffee Dripper","Busted Crown"],"picked":"Runic Cube"}],"items_purged_floors":[],"is_endless":false,"potions_floor_spawned":[5,6,10,12,29,30,31,35,36,45,48],"ascension_level":0}}