{"host":"uu8qcv8llpcbwyus","time":1612423945,"event":{"mods":["100% Spire Juice","BaseMod","CapriCore","Conspire","Downfall","HololiveMod","Hubris","Marisa（霧雨　魔理沙）","Minty Spire (QoL Compilation)","Reimu（博??梦）","Remilia（蕾米莉?）","Replay The Spire","StSLib","The Administrix","The Animator","The Gatherer","The Immortal","The Servant 0.9.4","TheSwordswoman","WarShipGirlsR/??少女R mod","Yakumo Yukari mod"],"gold_per_floor":[13,13,88,104,117,150,150,160,160,160,179,179,179,211,211,312,312,332,332,332,332,349,349,264,51,51,151,151,178,205,221,221,325,325,337,357,377,392,403,403,403,403,483,483,475,493,493,508,508,492],"floor_reached":51,"language":"ENG","playtime":2455,"items_purged":["MokouMod:Strike+1"],"score":930,"play_id":"b09d3512-01d4-4bbd-bbfc-9bc6b9dbcf2f","local_time":"20210203233225","is_ascension_mode":true,"campfire_choices":[{"data":"MokouMod:Burn","floor":7.0,"key":"SMITH"},{"data":"MokouMod:Sear","floor":13.0,"key":"SMITH"},{"data":"MokouMod:FlareStarter","floor":15.0,"key":"SMITH"},{"data":"MokouMod:PhoenixForm","floor":23,"key":"SMITH"},{"data":"MokouMod:Ventilation","floor":28,"key":"SMITH"},{"data":"Pot Of Greed","floor":32,"key":"SMITH"},{"data":"Pot Of Greed","floor":40,"key":"SMITH"},{"data":"Pot Of Greed","floor":42,"key":"SMITH"},{"floor":49,"key":"REST"}],"circlet_count":0,"master_deck":["MokouMod:Strike+1","MokouMod:Strike+1","MokouMod:Strike+1","MokouMod:Strike+1","MokouMod:Defend+1","MokouMod:Defend+1","MokouMod:Defend+1","MokouMod:Defend+1","MokouMod:HeatSpark","MokouMod:FlareStarter+1","MokouMod:TemporalFireSeal","MokouMod:Burn+1","MokouMod:Rekindle+1","MokouMod:Sear+1","MokouMod:RadiantBlade","MokouMod:PhoenixForm+1","MokouMod:Firecracker+1","MokouMod:Ventilation+1","MokouMod:FujiyamaVolcano","Pot Of Greed+1","Pot Of Greed+1","MokouMod:SearingBlow+11","MokouMod:InfernalWave","MokouMod:RisingSunBarrier","MokouMod:TemporalFireSeal+1","MokouMod:Meltdown","Pot Of Greed+1","MokouMod:BurningDraft"],"relics":["MokouMod:PhoenixFeather","Tiny Chest","Lantern","hubris:Icosahedron","hubris:ToyBattleship","Painkiller Herb","MealTicket","hubris:Reverence","Replay:Wax Seal","AntiCross","Durian","conspire:BottledYoYo","Grinning Jar","Mirror","conspire:SlowCooker","HornCleat","Golden Egg"],"acts_visited":["Exordium","TheCity","TheBeyond"],"potions_floor_usage":[16,16,31,50],"damage_taken":[{"damage":9.0,"enemies":"2 Louse","floor":1.0,"turns":3.0},{"damage":7.0,"enemies":"Jaw Worm","floor":4.0,"turns":4.0},{"damage":5.0,"enemies":"Cultist","floor":5.0,"turns":4.0},{"damage":54.0,"enemies":"Gremlin Nob","floor":6.0,"turns":6.0},{"damage":14.0,"enemies":"Blue Slaver","floor":8.0,"turns":8.0},{"damage":6.0,"enemies":"Looter","floor":11.0,"turns":4.0},{"damage":15.0,"enemies":"3 Sentries","floor":14.0,"turns":10.0},{"damage":8152013,"enemies":"Slime Boss","floor":16,"turns":10},{"damage":2,"enemies":"Shell Parasite","floor":18,"turns":6},{"damage":6,"enemies":"conspire:FuzzyDice","floor":22,"turns":9},{"damage":0,"enemies":"Colosseum Slavers","floor":27,"turns":4},{"damage":11,"enemies":"Colosseum Nobs","floor":27,"turns":4},{"damage":10,"enemies":"Gremlin Leader","floor":30,"turns":5},{"damage":22,"enemies":"Chosen and Byrds","floor":31,"turns":6},{"damage":13,"enemies":"Pondfish","floor":33,"turns":5},{"damage":14,"enemies":"3 Darklings","floor":35,"turns":4},{"damage":0,"enemies":"Orb Walker","floor":36,"turns":2},{"damage":0,"enemies":"3 Darklings","floor":37,"turns":5},{"damage":11,"enemies":"Sphere and 2 Shapes","floor":38,"turns":3},{"damage":35,"enemies":"Jaw Worm Horde","floor":39,"turns":4},{"damage":0,"enemies":"Spire Growth","floor":45,"turns":4},{"damage":40,"enemies":"4 Shapes","floor":46,"turns":3},{"damage":11,"enemies":"Sphere and 2 Shapes","floor":48,"turns":3},{"damage":11,"enemies":"Awakened One","floor":50,"turns":8}],"seed_played":"3288718852292564923","potions_obtained":[{"floor":4.0,"key":"GamblersBrew"},{"floor":8.0,"key":"SkillPotion"},{"floor":16,"key":"LiquidBronze"},{"floor":18,"key":"Guardian:BlockOnCardUsePotion"},{"floor":30,"key":"AttackPotion"},{"floor":31,"key":"Elixir"},{"floor":45,"key":"Swift Potion"}],"is_trial":false,"path_per_floor":["M","?","?","M","M","E","R","M","T","?","M","?","R","E","R","B",null,"?","?","T","?","?","T","?","T","T","?","T","T","E","?","T","B",null,"?","?","?","?","?","T","T","T","T","?","?","?","?","?","T","B",null],"character_chosen":"MKU","items_purchased":["MokouMod:Ventilation"],"campfire_rested":1,"item_purchase_floors":[25],"current_hp_per_floor":[73,78,69,62,57,3,3,23,23,23,17,17,17,2,2,14,74,72,72,72,72,66,66,66,81,81,75,75,75,65,43,43,30,82,68,68,68,57,22,22,22,22,22,87,87,47,47,36,62,51],"gold":492,"neow_bonus":"TWENTY_PERCENT_HP_BONUS","is_daily":false,"chose_seed":false,"campfire_upgraded":8,"win_rate":0.0,"timestamp":1612423945,"path_taken":["M","?","?","?","M","E","R","M","T","?","M","?","R","E","R","BOSS","?","?","?","?","?","T","?","T","T","?","T","?","E","?","T","BOSS","?","?","?","?","?","T","?","T","T","?","?","?","?","?","T","BOSS"],"items_purchased_type":["Card"],"build_version":"2020-12-22","purchased_purges":1,"victory":true,"max_hp_per_floor":[89,94,94,94,94,94,94,94,94,94,94,94,94,94,94,94,94,94,94,94,94,94,94,94,94,94,99,99,99,99,99,99,99,99,99,99,99,99,99,99,99,99,99,87,87,87,87,87,87,87],"card_choices":[{"not_picked":["MokouMod:AdaptivePyromancy","MokouMod:RoaringFlare"],"picked":"MokouMod:FlareStarter","floor":1.0},{"not_picked":["MokouMod:ResoluteFlare","MokouMod:HeatFactory"],"picked":"MokouMod:TemporalFireSeal","floor":4.0},{"not_picked":["MokouMod:ResoluteFlare","MokouMod:ResonanceReactor"],"picked":"MokouMod:Burn","floor":5.0},{"not_picked":["MokouMod:ScorchingColumn","MokouMod:Firecracker"],"picked":"MokouMod:Rekindle","floor":6.0},{"not_picked":["MokouMod:IgneousBlow","MokouMod:AdaptivePyromancy"],"picked":"MokouMod:Sear","floor":8.0},{"not_picked":["MokouMod:HeatTransfer","MokouMod:Afterburner","MokouMod:ResoluteFlare"],"picked":"SKIP","floor":11.0},{"not_picked":["MokouMod:Stoke","MokouMod:ScorchingColumn"],"picked":"MokouMod:RadiantBlade","floor":14.0},{"not_picked":["MokouMod:ResonatingAura","MokouMod:Rekindle"],"picked":"MokouMod:PhoenixForm","floor":16},{"not_picked":["MokouMod:Ember","MokouMod:RoaringFlare"],"picked":"MokouMod:Firecracker+1","floor":18},{"not_picked":["MokouMod:CrimsonFlare","MokouMod:Wildfire","MokouMod:UncontrollableSolarReaction"],"picked":"SKIP","floor":22},{"not_picked":["MokouMod:Stoke","MokouMod:DanceofFlames"],"picked":"MokouMod:FujiyamaVolcano","floor":27},{"not_picked":["MokouMod:Ember","MokouMod:HeatTransfer"],"picked":"MokouMod:SearingBlow","floor":30},{"not_picked":["MokouMod:ThermalPressure+1","MokouMod:Stoke","MokouMod:Overheat"],"picked":"SKIP","floor":31},{"not_picked":["MokouMod:ResonanceReactor","MokouMod:AdaptivePyromancy"],"picked":"MokouMod:InfernalWave","floor":35},{"not_picked":["MokouMod:CrimsonArmoury","MokouMod:InfernalWave+1"],"picked":"MokouMod:RisingSunBarrier","floor":36},{"not_picked":["MokouMod:Fireball","MokouMod:Combust"],"picked":"MokouMod:TemporalFireSeal+1","floor":37},{"not_picked":["MokouMod:FlamingFireTalons","MokouMod:EternalBurstReactor","MokouMod:IgnitionBlast"],"picked":"SKIP","floor":38},{"not_picked":["MokouMod:EternalBurstReactor","MokouMod:ScorchingColumn+1"],"picked":"MokouMod:Meltdown","floor":39},{"not_picked":["MokouMod:FlareStarter","MokouMod:AdaptivePyromancy","MokouMod:ScorchingColumn+1"],"picked":"SKIP","floor":45},{"not_picked":["MokouMod:RoaringFlare+1","MokouMod:IgneousBlow+1","MokouMod:Afterburner"],"picked":"SKIP","floor":46},{"not_picked":["MokouMod:RetainTemperature+1","MokouMod:IndiscriminateIgnition"],"picked":"MokouMod:BurningDraft","floor":48}],"player_experience":1166805,"relics_obtained":[{"floor":6.0,"key":"Tiny Chest"},{"floor":9.0,"key":"Lantern"},{"floor":14.0,"key":"hubris:ToyBattleship"},{"floor":20,"key":"hubris:Reverence"},{"floor":26,"key":"AntiCross"},{"floor":27,"key":"Durian"},{"floor":27,"key":"conspire:BottledYoYo"},{"floor":29,"key":"Grinning Jar"},{"floor":30,"key":"Mirror"},{"floor":41,"key":"HornCleat"},{"floor":43,"key":"Golden Egg"}],"event_choices":[{"damage_healed":0.0,"max_hp_gain":5.0,"max_hp_loss":0.0,"gold_gain":0.0,"event_name":"Big Fish","player_choice":"Donut","floor":2.0,"gold_loss":0.0,"damage_taken":0.0},{"damage_healed":0.0,"max_hp_gain":0.0,"max_hp_loss":0.0,"gold_gain":75.0,"event_name":"FaceTrader","player_choice":"Touch","floor":3.0,"gold_loss":0.0,"damage_taken":9.0},{"damage_healed":0,"gold_gain":0,"player_choice":"Simplicity","damage_taken":0,"max_hp_gain":0,"max_hp_loss":0,"event_name":"Back to Basics","floor":21,"gold_loss":0,"cards_upgraded":["MokouMod:Strike","MokouMod:Strike","MokouMod:Strike","MokouMod:Strike","MokouMod:Strike","MokouMod:Defend","MokouMod:Defend","MokouMod:Defend","MokouMod:Defend"]},{"damage_healed":0,"gold_gain":0,"player_choice":"Obtained Relic","damage_taken":0,"relics_obtained":["Replay:Wax Seal"],"max_hp_gain":0,"max_hp_loss":0,"event_name":"Addict","floor":24,"gold_loss":85},{"damage_healed":0,"gold_gain":0,"player_choice":"Fight","damage_taken":0,"max_hp_gain":0,"max_hp_loss":0,"event_name":"Colosseum","floor":27,"gold_loss":0},{"damage_healed":0,"gold_gain":0,"player_choice":"Fought Nobs","damage_taken":0,"max_hp_gain":0,"max_hp_loss":0,"event_name":"Colosseum","floor":27,"gold_loss":0},{"damage_healed":87,"gold_gain":0,"player_choice":"Heal","damage_taken":0,"max_hp_gain":0,"max_hp_loss":12,"event_name":"The Moai Head","floor":44,"gold_loss":0}],"is_beta":false,"boss_relics":[{"not_picked":["Replay:Bronze Core","hubris:HollowSoul"],"picked":"Painkiller Herb"},{"not_picked":["Astrolabe","Replay:Drink Me"],"picked":"conspire:SlowCooker"}],"items_purged_floors":[25],"is_endless":false,"potions_floor_spawned":[4,8,16,18,27,30,31,37,38,45],"ascension_level":7}}