{"host":"0xtpc43j5kblke7u","time":1612408955,"event":{"mods":["AchievementEnabler","BaseMod","Colored Map","Highlight Path","Minty Spire (QoL Compilation)"],"gold_per_floor":[109,109,126,126,141,174,174,20,20,47,47,57,67,85,85,187,187,206,206,224,239,239,239,239],"floor_reached":23,"language":"ENG","playtime":1166,"items_purged":["Strike_B"],"score":274,"play_id":"31e950ed-f832-4b0e-b0a8-2e6e888d28f7","local_time":"20210203222235","is_ascension_mode":true,"campfire_choices":[{"floor":7.0,"key":"REST"},{"floor":15.0,"key":"REST"}],"circlet_count":0,"master_deck":["Strike_B","Defend_B","Defend_B","Defend_B","Defend_B","Zap","Dualcast","Conserve Battery","Compile Driver","Ball Lightning","Leap","Rip and Tear","Barrage","Creative AI+1","Sweeping Beam","Core Surge","Electrodynamics+1","Ball Lightning","Leap"],"relics":["Cracked Core","WingedGreaves","Matryoshka","Strawberry","Frozen Egg 2","Letter Opener","Fusion Hammer","Meat on the Bone","Gremlin Horn"],"acts_visited":["Exordium","TheCity"],"potions_floor_usage":[21,23],"damage_taken":[{"damage":3.0,"enemies":"Small Slimes","floor":1.0,"turns":3.0},{"damage":11.0,"enemies":"Jaw Worm","floor":3.0,"turns":4.0},{"damage":0.0,"enemies":"Cultist","floor":5.0,"turns":3.0},{"damage":18.0,"enemies":"3 Sentries","floor":6.0,"turns":7.0},{"damage":14.0,"enemies":"Gremlin Nob","floor":10.0,"turns":4.0},{"damage":0.0,"enemies":"3 Louse","floor":12.0,"turns":3.0},{"damage":14.0,"enemies":"Exordium Thugs","floor":13.0,"turns":3.0},{"damage":15.0,"enemies":"Gremlin Gang","floor":14.0,"turns":4.0},{"damage":27.0,"enemies":"The Guardian","floor":16.0,"turns":10.0},{"damage":18,"enemies":"Shell Parasite","floor":18,"turns":4},{"damage":5,"enemies":"Chosen","floor":20,"turns":4},{"damage":17,"enemies":"Snecko","floor":21,"turns":4},{"damage":29,"enemies":"Book of Stabbing","floor":23,"turns":3}],"seed_played":"3552094029764846239","potions_obtained":[{"floor":6.0,"key":"FearPotion"},{"floor":10.0,"key":"LiquidMemories"},{"floor":12.0,"key":"AttackPotion"},{"floor":14.0,"key":"BlessingOfTheForge"},{"floor":20,"key":"EssenceOfSteel"}],"is_trial":false,"path_per_floor":["M","?","M","?","M","E","R","$","T","E","?","M","M","M","R","B",null,"M","?","M","M","T","E"],"character_chosen":"DEFECT","items_purchased":["Rip and Tear"],"campfire_rested":2,"item_purchase_floors":[8],"current_hp_per_floor":[65,62,51,44,44,26,48,48,55,41,41,41,27,12,36,9,64,46,46,41,24,24,0,0],"gold":239,"neow_bonus":"THREE_CARDS","is_daily":false,"chose_seed":false,"campfire_upgraded":0,"win_rate":0.0,"timestamp":1612408955,"path_taken":["M","?","M","?","M","E","R","?","T","E","?","M","?","M","R","BOSS","M","?","?","M","?","E"],"items_purchased_type":["Card"],"build_version":"2020-12-22","purchased_purges":1,"victory":false,"max_hp_per_floor":[75,75,75,75,75,75,75,75,82,82,82,82,82,82,82,82,82,82,82,82,82,82,82,82],"card_choices":[{"not_picked":["Aggregate","Steam"],"picked":"Conserve Battery","floor":0.0},{"not_picked":["Leap","Reprogram"],"picked":"Compile Driver","floor":1.0},{"not_picked":["Steam","Auto Shields"],"picked":"Ball Lightning","floor":3.0},{"not_picked":["Ball Lightning","Cold Snap","Self Repair"],"picked":"SKIP","floor":5.0},{"not_picked":["FTL","Chill"],"picked":"Leap","floor":6.0},{"not_picked":["Hologram","Storm+1"],"picked":"Barrage","floor":10.0},{"not_picked":["Steam","Consume"],"picked":"Sweeping Beam","floor":12.0},{"not_picked":["Rip and Tear","Lockon"],"picked":"Core Surge","floor":13.0},{"not_picked":["Force Field","Turbo","Compile Driver"],"picked":"SKIP","floor":14.0},{"not_picked":["Machine Learning+1","All For One"],"picked":"Electrodynamics+1","floor":16.0},{"not_picked":["Cold Snap","Melter+1"],"picked":"Ball Lightning","floor":18},{"not_picked":["Hello World+1","Lockon"],"picked":"Leap","floor":20},{"not_picked":["Storm+1","Sunder","Steam Power"],"picked":"SKIP","floor":21}],"player_experience":665414,"relics_obtained":[{"floor":6.0,"key":"Matryoshka"},{"floor":9.0,"key":"Strawberry"},{"floor":9.0,"key":"Frozen Egg 2"},{"floor":10.0,"key":"Letter Opener"},{"floor":22,"key":"Meat on the Bone"},{"floor":22,"key":"Gremlin Horn"}],"event_choices":[{"damage_healed":0.0,"max_hp_gain":0.0,"max_hp_loss":0.0,"gold_gain":0.0,"event_name":"Scrap Ooze","player_choice":"Success","floor":2.0,"gold_loss":0.0,"damage_taken":3.0,"relics_obtained":["WingedGreaves"]},{"cards_removed":["Strike_B"],"damage_healed":0.0,"max_hp_gain":0.0,"max_hp_loss":0.0,"gold_gain":0.0,"event_name":"Golden Wing","player_choice":"Card Removal","floor":4.0,"gold_loss":0.0,"damage_taken":7.0},{"damage_healed":0.0,"max_hp_gain":0.0,"max_hp_loss":0.0,"gold_gain":0.0,"cards_transformed":["Strike_B"],"event_name":"Transmorgrifier","player_choice":"Transformed","floor":11.0,"gold_loss":0.0,"damage_taken":0.0,"cards_obtained":["Creative AI"]},{"damage_healed":0,"gold_gain":0,"player_choice":"Ignored","damage_taken":0,"max_hp_gain":0,"max_hp_loss":0,"event_name":"N\u0027loth","floor":19,"gold_loss":0}],"is_beta":false,"boss_relics":[{"not_picked":["Tiny House","Pandora\u0027s Box"],"picked":"Fusion Hammer"}],"items_purged_floors":[8],"is_endless":false,"potions_floor_spawned":[6,10,12,14,20],"killed_by":"Book of Stabbing","ascension_level":7}}