{"host":"lnnm69al9x392px5","time":1612427607,"event":{"mods":["BaseMod","Downfall","Hermit","Minty Spire (QoL Compilation)","Replay The Spire","StSLib","The Cursed"],"gold_per_floor":[99,112,212,212,212,212,212,224,240,240,271,232,249,267,282,282,282,282],"floor_reached":16,"language":"ENG","playtime":568,"items_purged":[],"score":102,"play_id":"8aac86e7-3509-4fcc-9e0c-ef7851b475b7","local_time":"20210204003327","is_ascension_mode":false,"campfire_choices":[{"data":"bronze:Strike","floor":1,"key":"PURGE"}],"circlet_count":0,"master_deck":["bronze:Strike","bronze:Strike","bronze:Strike","bronze:Defend","bronze:Defend","bronze:Defend","bronze:Defend","bronze:Replicate","bronze:Goto","bronze:BugBarrage","bronze:BugBarrage","bronze:WildBeam","bronze:BurnOut","bronze:BugBarrage","bronze:ShipIt","bronze:WildBeam"],"relics":["bronze:BronzeCore","bronze:SilverBullet","Nunchaku","Singing Bowl","downfall:ShatteredFragment","Replay:Accelerometer","Dead Branch"],"acts_visited":["Exordium"],"potions_floor_usage":[14,16],"damage_taken":[{"damage":1,"enemies":"Jaw Worm","floor":2,"turns":2},{"damage":0,"enemies":"2 Louse","floor":8,"turns":2},{"damage":0,"enemies":"Small Slimes","floor":9,"turns":2},{"damage":8,"enemies":"3 Sentries","floor":11,"turns":5},{"damage":0,"enemies":"downfall:FleeingMerchant","floor":12,"turns":4},{"damage":17,"enemies":"Exordium Thugs","floor":13,"turns":3},{"damage":0,"enemies":"Blue Slaver","floor":14,"turns":2},{"damage":0,"enemies":"Red Slaver","floor":15,"turns":1},{"damage":21,"enemies":"WA_ARCHETYPE_RETAIN","floor":16,"turns":3}],"seed_played":"7335931831170948945","potions_obtained":[{"floor":11,"key":"SneckoOil"},{"floor":13,"key":"bronze:BuildAFunctionPotion"},{"floor":15,"key":"CultistPotion"}],"is_trial":false,"path_per_floor":["R","M","?","?","T","?","T","M","M","?","E","$","M","M","M","B"],"character_chosen":"THE_AUTOMATON","items_purchased":["bronze:BugBarrage"],"campfire_rested":0,"item_purchase_floors":[12],"current_hp_per_floor":[70,69,69,62,62,41,41,41,43,43,35,35,20,20,20,0,0,0],"gold":282,"neow_bonus":"RANDOM_COMMON_RELIC","is_daily":false,"chose_seed":false,"campfire_upgraded":0,"win_rate":0.0,"timestamp":1612427607,"path_taken":["R","M","?","?","?","?","T","M","M","?","E","$","M","?","M","BOSS"],"items_purchased_type":["Card"],"build_version":"2020-12-22","purchased_purges":0,"victory":false,"max_hp_per_floor":[70,70,70,70,70,70,70,70,72,72,72,72,74,74,74,74,74,74],"card_choices":[{"not_picked":["bronze:Constructor","bronze:WildBeam"],"picked":"bronze:BugBarrage","floor":2},{"not_picked":["bronze:Frontload","bronze:Constructor"],"picked":"bronze:BugBarrage","floor":8},{"not_picked":["bronze:NullPointer","bronze:CutThrough","bronze:Turbo"],"picked":"Singing Bowl","floor":9},{"not_picked":["bronze:BuggyMess","bronze:Overload"],"picked":"bronze:WildBeam","floor":11},{"not_picked":["bronze:ClassDefault","bronze:Turbo"],"picked":"bronze:BurnOut","floor":12},{"not_picked":["bronze:Turbo","bronze:BitShift","bronze:ForceShield"],"picked":"Singing Bowl","floor":13},{"not_picked":["bronze:Deprecate","bronze:Turbo"],"picked":"bronze:ShipIt","floor":14},{"not_picked":["bronze:Frontload","bronze:ChosenStrike"],"picked":"bronze:WildBeam","floor":15}],"player_experience":353832,"relics_obtained":[{"floor":5,"key":"Singing Bowl"},{"floor":7,"key":"Replay:Accelerometer"},{"floor":11,"key":"Dead Branch"}],"event_choices":[{"damage_healed":0,"gold_gain":0,"player_choice":"Success","damage_taken":7,"relics_obtained":["Nunchaku"],"max_hp_gain":0,"max_hp_loss":0,"event_name":"Scrap Ooze","floor":4,"gold_loss":0}],"is_beta":false,"boss_relics":[],"items_purged_floors":[],"is_endless":false,"potions_floor_spawned":[11,13,15],"killed_by":"WA_ARCHETYPE_RETAIN","ascension_level":0}}