{"host":"zgdag062zrknap1a","time":1612421625,"event":{"mods":["AchievementEnabler","Act Like it!","Aspiration","Bard","BaseMod","BetterRewards","Colored Map","Colored Powertips","Conspire","Downfall","Gensokyo","Hallownest","Hermit","Highlight Path","Hubris","Infinite Spire","Jorbs\u0027s Wanderer Trilogy","Marisa????????","Minty Spire (QoL Compilation)","Quick Restart","Rare Cards Sparkle","Replay The Spire","Shop Mod","StSLib","The Bug Knight","The Cursed","The Hierophant","The Necromancer","The Runesmith","The Servant 0.9.4"],"gold_per_floor":[117,135,100,100,100,100,131,131,131,131,131],"floor_reached":10,"language":"ENG","playtime":359,"items_purged":[],"score":64,"play_id":"d429bd47-521f-4f5a-b487-c7fe37830a02","local_time":"20210203225345","is_ascension_mode":false,"campfire_choices":[{"floor":6,"key":"RECALL"},{"data":"Draining Mist","floor":8,"key":"SMITH"}],"circlet_count":0,"master_deck":["Strike_G","Strike_G+1","Strike_G","Strike_G","Strike_G","Defend_G","Defend_G+1","Defend_G","Defend_G","Defend_G","Survivor","Neutralize","Draining Mist+1","Noxious Fumes","Sneak Up","Catalyst","Deadly Poison"],"relics":["Ring of the Snake","PreservedInsect","Matryoshka","infinitespire:Golems Mask","ReplayTheSpireMod:Ninjato"],"acts_visited":["Exordium"],"potions_floor_usage":[7,7],"damage_taken":[{"damage":0,"enemies":"2 Louse","floor":1,"turns":3},{"damage":11,"enemies":"Jaw Worm","floor":2,"turns":4},{"damage":8,"enemies":"Gremlin Nob","floor":7,"turns":3},{"damage":0,"enemies":"3 Sentries","floor":10,"turns":1}],"seed_played":"2144442445462765113","potions_obtained":[{"floor":7,"key":"AttackPotion"}],"is_trial":false,"path_per_floor":["M","M","?","?","?","R","E","R","T","E"],"character_chosen":"THE_SILENT","items_purchased":["Draining Mist","PreservedInsect","Noxious Fumes","Sneak Up","Matryoshka","PowerPotion","AttackPotion"],"campfire_rested":0,"item_purchase_floors":[0,0,0,0,0,0,0],"current_hp_per_floor":[38,27,44,44,30,30,22,22,22,22,22],"gold":131,"neow_bonus":"","is_daily":false,"chose_seed":false,"campfire_upgraded":1,"win_rate":0.0,"timestamp":1612421625,"path_taken":["M","M","?","?","?","R","E","R","T","E"],"items_purchased_type":["Card","Relic","Card","Card","Relic","Potion","Potion"],"build_version":"2020-12-22","purchased_purges":0,"victory":false,"max_hp_per_floor":[70,70,70,70,70,70,70,70,70,70,70],"card_choices":[{"not_picked":["hubris:SlightOfHand","Dodge and Roll"],"picked":"Catalyst","floor":1},{"not_picked":["Flying Knee","hubris:Sniper"],"picked":"Deadly Poison","floor":2},{"not_picked":["Slice","hubris:TrickCloak","Cloak And Dagger"],"picked":"SKIP","floor":7}],"player_experience":397177,"relics_obtained":[{"floor":7,"key":"infinitespire:Golems Mask"},{"floor":9,"key":"ReplayTheSpireMod:Ninjato"}],"event_choices":[{"damage_healed":17,"gold_gain":0,"player_choice":"Healed","damage_taken":0,"max_hp_gain":0,"max_hp_loss":0,"event_name":"The Cleric","floor":3,"gold_loss":35},{"damage_healed":0,"gold_gain":0,"player_choice":"Ignored","damage_taken":0,"max_hp_gain":0,"max_hp_loss":0,"event_name":"Liars Game","floor":4,"gold_loss":0},{"damage_healed":0,"gold_gain":0,"player_choice":"Entered Light","damage_taken":14,"max_hp_gain":0,"max_hp_loss":0,"event_name":"Shining Light","floor":5,"gold_loss":0,"cards_upgraded":["Defend_G","Strike_G"]}],"is_beta":false,"boss_relics":[],"items_purged_floors":[],"is_endless":false,"potions_floor_spawned":[7],"killed_by":"3 Sentries","ascension_level":0}}