{"host":"ydg0vn0pu4pubmdt","time":1612433966,"event":{"mods":["AchievementEnabler","BaseMod","Colored Map","Gold Saver","Minty Spire (QoL Compilation)","Quick Restart","SuperFastMode"],"gold_per_floor":[362,512,164,183,197,197,213,226,251,261,277,292,351,382,382,382,382],"floor_reached":16,"language":"KOR","playtime":449,"items_purged":["Doubt"],"score":212,"play_id":"eeb33410-afdf-4a02-bfd0-07a8fde3f8c0","local_time":"20210204191926","is_ascension_mode":true,"campfire_choices":[{"data":"Neutralize","floor":6,"key":"SMITH"},{"floor":15,"key":"REST"}],"circlet_count":0,"master_deck":["AscendersBane","Strike_G","Strike_G","Strike_G","Strike_G","Strike_G","Defend_G","Defend_G","Defend_G","Defend_G","Defend_G","Survivor","Neutralize+1","Dagger Throw","Cloak And Dagger+1","Dagger Spray","Choke","Crippling Poison+1","Glass Knife","Backflip+1","Cloak And Dagger+1","Escape Plan+1"],"relics":["Ring of the Snake","Toxic Egg 2","Bag of Preparation","Happy Flower","Snake Skull"],"acts_visited":["Exordium"],"potions_floor_usage":[11,13],"damage_taken":[{"damage":3,"enemies":"2 Louse","floor":1,"turns":3},{"damage":0,"enemies":"Jaw Worm","floor":4,"turns":6},{"damage":0,"enemies":"Small Slimes","floor":5,"turns":3},{"damage":2,"enemies":"Blue Slaver","floor":7,"turns":4},{"damage":0,"enemies":"Red Slaver","floor":8,"turns":3},{"damage":4,"enemies":"2 Fungi Beasts","floor":10,"turns":3},{"damage":6,"enemies":"3 Louse","floor":11,"turns":2},{"damage":0,"enemies":"Large Slime","floor":12,"turns":4},{"damage":3,"enemies":"3 Sentries","floor":13,"turns":4},{"damage":24,"enemies":"Lagavulin","floor":14,"turns":8},{"damage":22,"enemies":"Slime Boss","floor":16,"turns":5}],"seed_played":"-5525301530086208684","potions_obtained":[{"floor":4,"key":"Swift Potion"},{"floor":7,"key":"Explosive Potion"},{"floor":10,"key":"SteroidPotion"}],"is_trial":false,"path_per_floor":["M","?","$","M","M","R","M","M","T","M","M","M","?","E","R","B"],"character_chosen":"THE_SILENT","items_purchased":["Toxic Egg 2"],"campfire_rested":1,"item_purchase_floors":[3],"current_hp_per_floor":[41,41,41,41,41,41,39,39,39,35,29,29,26,2,21,0,0],"gold":382,"neow_bonus":"TWO_FIFTY_GOLD","is_daily":false,"chose_seed":false,"campfire_upgraded":1,"win_rate":0.0,"timestamp":1612433966,"path_taken":["M","?","$","M","M","R","M","M","T","M","M","M","?","E","R","BOSS"],"items_purchased_type":["Relic"],"build_version":"2020-12-22","purchased_purges":1,"victory":false,"max_hp_per_floor":[66,66,66,66,66,66,66,66,66,66,66,66,66,66,66,66,66],"card_choices":[{"not_picked":["Outmaneuver","Setup"],"picked":"Dagger Throw","floor":1},{"not_picked":["Caltrops","Outmaneuver+1"],"picked":"Cloak And Dagger+1","floor":4},{"not_picked":["Dagger Throw","Sucker Punch","Distraction+1"],"picked":"SKIP","floor":5},{"not_picked":["Infinite Blades","Concentrate+1"],"picked":"Dagger Spray","floor":7},{"not_picked":["Deadly Poison+1","Distraction+1"],"picked":"Choke","floor":8},{"not_picked":["Masterful Stab","Outmaneuver+1"],"picked":"Crippling Poison+1","floor":10},{"not_picked":["Finisher","Bouncing Flask+1"],"picked":"Glass Knife","floor":11},{"not_picked":["Infinite Blades","Calculated Gamble+1"],"picked":"Backflip+1","floor":12},{"not_picked":["Acrobatics+1","Flying Knee"],"picked":"Cloak And Dagger+1","floor":13},{"not_picked":["Catalyst+1","Reflex+1"],"picked":"Escape Plan+1","floor":14}],"player_experience":617369,"relics_obtained":[{"floor":9,"key":"Bag of Preparation"},{"floor":13,"key":"Happy Flower"},{"floor":14,"key":"Snake Skull"}],"event_choices":[{"damage_healed":0,"gold_gain":150,"player_choice":"AGREE","damage_taken":0,"max_hp_gain":0,"max_hp_loss":0,"event_name":"Liars Game","floor":2,"gold_loss":0,"cards_obtained":["Doubt"]},{"damage_healed":0,"gold_gain":30,"player_choice":"Searched \u00272\u0027 times","damage_taken":0,"max_hp_gain":0,"max_hp_loss":0,"event_name":"Dead Adventurer","floor":13,"gold_loss":0}],"is_beta":false,"boss_relics":[],"items_purged_floors":[3],"is_endless":false,"potions_floor_spawned":[4,7,10],"killed_by":"Slime Boss","ascension_level":20}}