{"host":"5n1fl7z5i1vf7jan","time":1612412220,"event":{"mods":["BaseMod","Minty Spire (QoL Compilation)","Quick Restart","Relic Stats"],"gold_per_floor":[113,113,128,143,157,157,157],"floor_reached":6,"language":"ENG","playtime":225,"items_purged":[],"score":74,"play_id":"91a0a7d8-8b87-489f-83dc-b2a7396ac0f1","local_time":"20210203201700","is_ascension_mode":true,"campfire_choices":[],"circlet_count":0,"master_deck":["AscendersBane","Strike_P","Strike_P","Strike_P","Defend_P","Defend_P","Defend_P","Defend_P","Eruption","Vigilance","TalkToTheHand","JustLucky","BowlingBash","TalkToTheHand"],"relics":["Coffee Dripper"],"acts_visited":["Exordium"],"potions_floor_usage":[5],"damage_taken":[{"damage":2,"enemies":"Small Slimes","floor":1,"turns":3},{"damage":0,"enemies":"Cultist","floor":3,"turns":4},{"damage":14,"enemies":"2 Louse","floor":4,"turns":3},{"damage":0,"enemies":"Large Slime","floor":5,"turns":3},{"damage":49,"enemies":"3 Sentries","floor":6,"turns":13}],"seed_played":"-6032967956094492974","potions_obtained":[{"floor":1,"key":"LiquidMemories"},{"floor":4,"key":"Ancient Potion"}],"is_trial":false,"path_per_floor":["M","?","M","M","M","E"],"character_chosen":"WATCHER","items_purchased":[],"campfire_rested":0,"item_purchase_floors":[],"current_hp_per_floor":[59,59,59,45,45,0,0],"gold":157,"neow_bonus":"BOSS_RELIC","is_daily":false,"chose_seed":false,"campfire_upgraded":0,"win_rate":0.0,"timestamp":1612412220,"path_taken":["M","?","M","?","M","E"],"items_purchased_type":[],"build_version":"2020-12-22","purchased_purges":0,"victory":false,"max_hp_per_floor":[68,68,68,68,68,68,68],"relic_stats":{"counters":[5,26],"obtain_stats":[{"Coffee Dripper":0,"PureWater":0},{"Coffee Dripper":0,"PureWater":0},{"Coffee Dripper":0,"PureWater":0}]},"card_choices":[{"not_picked":["SandsOfTime","FlyingSleeves"],"picked":"TalkToTheHand","floor":1},{"not_picked":["Evaluate","PathToVictory"],"picked":"JustLucky","floor":3},{"not_picked":["CrushJoints","DeceiveReality"],"picked":"BowlingBash","floor":4},{"not_picked":["CrushJoints","Meditate"],"picked":"TalkToTheHand","floor":5}],"player_experience":306751,"relics_obtained":[],"event_choices":[{"cards_removed":["Strike_P"],"damage_healed":0,"gold_gain":0,"player_choice":"Offered Basic","damage_taken":0,"max_hp_gain":0,"max_hp_loss":0,"event_name":"Bonfire Elementals","floor":2,"gold_loss":0}],"is_beta":false,"boss_relics":[],"items_purged_floors":[],"is_endless":false,"potions_floor_spawned":[1,4],"killed_by":"3 Sentries","ascension_level":19}}