{"host":"87fdiiwflhrwsj8a","time":1612402689,"event":{"mods":["Aspiration","BaseMod","Better Match","Better Third Choice","BetterRewards","Colored Map","Conspire","GifTheSpireLib","Infinite Spire","Minty Spire (QoL Compilation)","Quick Restart","Relic Sorter","Replay The Spire","StSLib","Stuff the Spire","The Marked","The Servant 0.9.4"],"gold_per_floor":[116,148,148,161,161,190,190,219,219,229,248,248,264,290,290,392,392,407,407,407,407,280,280,299,312,312,338,338,364,209,234,234,337,437,455,455,475,490,625,625,639,669,669,669,727,799,799,799,799,799,799,799,232,280,280],"floor_reached":56,"language":"ENG","playtime":3179,"items_purged":["Strike_S+1"],"score":1484,"play_id":"b66a318b-2cd4-473e-b0ef-5a2ea4dfec8a","local_time":"20210203203809","is_ascension_mode":true,"campfire_choices":[{"data":"SurpressingFire","floor":15,"key":"SMITH"},{"data":"BottledTime","floor":23,"key":"SMITH"},{"data":"Jack Of All Trades","floor":28,"key":"SMITH"},{"floor":32,"key":"REST"},{"data":"Initiator","floor":40,"key":"SMITH"},{"floor":47,"key":"RECALL"},{"floor":52,"key":"REST"}],"circlet_count":0,"master_deck":["Strike_S+1","Strike_S+1","Strike_S+1","Defend_S+1","Defend_S+1","Defend_S+1","Defend_S+1","KidneyShot+1","Exchange+1","SilverBlades+1","Violence+1","Swift Strike+1","Good Instincts+1","SurpressingFire+1","BottledTime+1","TimeWarp+1","SurpressingFire+1","BottledTime+1","BottledTime+1","SurpressingFire+1","Dilation+1","Trip+1","Jack Of All Trades+1","Advance+1","FanOfKnives+1","Initiator+1","infinitespire:Collect+1","ReplayTheSpireMod:Haul+1","infinitespire:UltimateForm+1","FanOfKnives+1","Read+1","Luminosity","FastForward","Rearm","Rearm+1"],"relics":["Uniform","ClockworkSouvenir","Lee\u0027s Waffle","StuffTheSpire:HistoryBook","infinitespire:CursedDice","Replay:Wax Seal","Eternal Feather","StuffTheSpire:HeavyRock","aspiration:HummingbirdHeart","aspiration:FrozenJewel","conspire:RoyalGoblet","TungstenRod","Busted Crown","aspiration:RitualStick","ReplayTheSpireMod:ShopPack","Replay:Mystery Machine","Juzu Bracelet","aspiration:Lifesprig","Gremlin Food","Replay:Wanted Poster","StuffTheSpire:GreaterSneckoEye","Mercury Hourglass","Replay:Bottled Steam","Mummified Hand","Replay:Arrowhead","infinitespire:EvilPickle","PreservedInsect","Mark of the Bloom","Pet Ghost","Happy Flower","Toy Ornithopter"],"acts_visited":["Exordium","TheCity","TheBeyond","TheEnding"],"potions_floor_usage":[14,16,18,55,55],"damage_taken":[{"damage":2,"enemies":"Jaw Worm","floor":1,"turns":3},{"damage":4,"enemies":"conspire:MimicChest","floor":2,"turns":5},{"damage":0,"enemies":"2 Louse","floor":4,"turns":3},{"damage":23,"enemies":"Lagavulin","floor":6,"turns":11},{"damage":22,"enemies":"3 Sentries","floor":8,"turns":10},{"damage":0,"enemies":"Small Slimes","floor":10,"turns":4},{"damage":0,"enemies":"conspire:2 RoseBushes","floor":11,"turns":5},{"damage":1,"enemies":"Large Slime","floor":13,"turns":6},{"damage":4,"enemies":"Gremlin Nob","floor":14,"turns":4},{"damage":16,"enemies":"Fading Forest","floor":16,"turns":11},{"damage":20,"enemies":"3 Byrds","floor":18,"turns":8},{"damage":0,"enemies":"Spheric Guardian","floor":24,"turns":6},{"damage":9,"enemies":"Snecko","floor":25,"turns":7},{"damage":20,"enemies":"Replay:Snechameleon","floor":27,"turns":8},{"damage":13,"enemies":"Book of Stabbing","floor":29,"turns":5},{"damage":4,"enemies":"Slavers","floor":31,"turns":4},{"damage":16,"enemies":"Pondfish","floor":33,"turns":9},{"damage":13,"enemies":"Orb Walker","floor":35,"turns":4},{"damage":4,"enemies":"3 Darklings","floor":37,"turns":5},{"damage":4,"enemies":"Spire Growth","floor":38,"turns":5},{"damage":18,"enemies":"Sphere and 2 Shapes","floor":41,"turns":6},{"damage":21,"enemies":"Nemesis","floor":42,"turns":5},{"damage":0,"enemies":"3 Darklings","floor":45,"turns":3},{"damage":0,"enemies":"R_Hoarder","floor":46,"turns":5},{"damage":0,"enemies":"Replay:Hell Engine","floor":50,"turns":3},{"damage":2,"enemies":"Shield and Spear","floor":54,"turns":3},{"damage":0,"enemies":"The Heart","floor":55,"turns":5}],"seed_played":"5722251166501365429","potions_obtained":[{"floor":6,"key":"Strength Potion"},{"floor":11,"key":"SteroidPotion"},{"floor":13,"key":"CultistPotion"},{"floor":14,"key":"Doom Potion"},{"floor":24,"key":"Elixir"},{"floor":25,"key":"FearPotion"},{"floor":35,"key":"Weak Potion"},{"floor":38,"key":"PowerPotion"}],"is_trial":false,"path_per_floor":["M","?","$","M","?","E","?","E","T","M","M","?","M","E","R","B",null,"M","AVR","?","?","$","R","M","M","T","E","R","E","$","E","R","B",null,"M","?","M","M","?","R","M","E","T","AVR","M","E","R","?","R_BF","B",null,"R","$","E","B",null],"character_chosen":"THE_SERVANT","items_purchased":["ClockworkSouvenir","Lee\u0027s Waffle","StuffTheSpire:HistoryBook","SilverBlades","Violence","Swift Strike","Good Instincts","Fire Potion","ReplayTheSpireMod:ShopPack","aspiration:Lifesprig","Pet Ghost","Luminosity","FastForward","Rearm","Happy Flower"],"campfire_rested":2,"item_purchase_floors":[0,0,0,0,0,0,0,0,22,30,53,53,53,53,53],"current_hp_per_floor":[70,66,66,66,66,43,43,21,21,21,21,21,20,16,28,22,72,52,52,39,27,27,39,39,30,30,10,25,12,12,8,46,30,77,64,45,41,37,37,52,34,13,13,13,13,13,31,31,31,31,31,31,31,29,29],"gold":280,"neow_bonus":"","is_daily":false,"chose_seed":false,"campfire_upgraded":4,"win_rate":0.0,"timestamp":1612402689,"path_taken":["M","?","$","M","?","E","?","E","T","?","M","?","?","E","R","BOSS","M","AVR","?","?","$","R","M","M","T","E","R","E","?","E","R","BOSS","M","?","M","M","?","R","M","E","T","AVR","M","E","R","?","R_BF","BOSS","R","$","E","BOSS"],"items_purchased_type":["Relic","Relic","Relic","Card","Card","Card","Card","Potion","Relic","Relic","Relic","Card","Card","Card","Relic"],"build_version":"2020-12-22","purchased_purges":1,"victory":true,"max_hp_per_floor":[72,72,72,72,72,72,72,72,72,72,72,72,72,72,72,72,72,72,72,72,77,77,77,77,77,77,77,77,77,77,77,77,77,77,77,77,77,77,77,77,77,77,77,77,77,77,77,77,77,77,77,77,77,77,77],"card_choices":[{"not_picked":["FanOfKnives","Shuttle","Revamp"],"picked":"SKIP","floor":1},{"not_picked":["DualDimension","Luminosity"],"picked":"SurpressingFire","floor":2},{"not_picked":["FastForward","ReturningBlade"],"picked":"BottledTime","floor":4},{"not_picked":["FastForward","GearUp"],"picked":"TimeWarp","floor":6},{"not_picked":["FastForward","Spin"],"picked":"SurpressingFire","floor":8},{"not_picked":["Replace","StarChef","Gouge"],"picked":"SKIP","floor":10},{"not_picked":["Snipe","DoubleEdge"],"picked":"BottledTime","floor":11},{"not_picked":["MoonPhase","Alleviate"],"picked":"BottledTime","floor":13},{"not_picked":["StarChef","Replace"],"picked":"SurpressingFire","floor":14},{"not_picked":["FloweringNight","Deny"],"picked":"Dilation","floor":16},{"not_picked":["Potential","DoubleEdge","WasteNot"],"picked":"SKIP","floor":18},{"not_picked":[],"picked":"Trip","floor":22},{"not_picked":[],"picked":"Jack Of All Trades","floor":22},{"not_picked":[],"picked":"Advance+1","floor":24},{"not_picked":["Spin"],"picked":"SKIP","floor":25},{"not_picked":[],"picked":"FanOfKnives+1","floor":27},{"not_picked":["Reset+1"],"picked":"SKIP","floor":29},{"not_picked":["Unruled+1"],"picked":"SKIP","floor":31},{"not_picked":[],"picked":"Initiator","floor":33},{"not_picked":["Alleviate"],"picked":"SKIP","floor":35},{"not_picked":["MoonPhase"],"picked":"SKIP","floor":37},{"not_picked":["ShatteredReality+1"],"picked":"SKIP","floor":38},{"not_picked":["ShatteredReality+1"],"picked":"SKIP","floor":38},{"not_picked":["ReplayUltimateDefense"],"picked":"SKIP","floor":39},{"not_picked":["Defy"],"picked":"SKIP","floor":41},{"not_picked":["Misdirection+1"],"picked":"SKIP","floor":42},{"not_picked":[],"picked":"FanOfKnives+1","floor":45},{"not_picked":["Read+1"],"picked":"SKIP","floor":46},{"not_picked":[],"picked":"Read+1","floor":46},{"not_picked":[],"picked":"Rearm+1","floor":54}],"player_experience":2577863,"relics_obtained":[{"floor":2,"key":"Replay:Wax Seal"},{"floor":6,"key":"Eternal Feather"},{"floor":8,"key":"StuffTheSpire:HeavyRock"},{"floor":9,"key":"aspiration:HummingbirdHeart"},{"floor":14,"key":"aspiration:FrozenJewel"},{"floor":27,"key":"Replay:Mystery Machine"},{"floor":29,"key":"Juzu Bracelet"},{"floor":31,"key":"Gremlin Food"},{"floor":36,"key":"StuffTheSpire:GreaterSneckoEye"},{"floor":39,"key":"Mercury Hourglass"},{"floor":42,"key":"Replay:Bottled Steam"},{"floor":43,"key":"Mummified Hand"},{"floor":46,"key":"PreservedInsect"},{"floor":54,"key":"Toy Ornithopter"}],"event_choices":[{"damage_healed":0,"gold_gain":0,"player_choice":"Bought 0 Potions","damage_taken":0,"max_hp_gain":0,"max_hp_loss":0,"event_name":"The Woman in Blue","floor":7,"gold_loss":0},{"damage_healed":0,"gold_gain":0,"player_choice":"Upgraded","damage_taken":0,"max_hp_gain":0,"max_hp_loss":0,"event_name":"Upgrade Shrine","floor":12,"gold_loss":0,"cards_upgraded":["SilverBlades"]},{"damage_healed":0,"gold_gain":0,"player_choice":"Shed Blood","damage_taken":18,"max_hp_gain":5,"max_hp_loss":0,"event_name":"Forgotten Altar","floor":21,"gold_loss":0},{"damage_healed":0,"gold_gain":0,"player_choice":"Random: Red","damage_taken":0,"max_hp_gain":0,"max_hp_loss":0,"event_name":"betterThird:BetterPortal","floor":39,"gold_loss":0},{"damage_healed":0,"gold_gain":0,"player_choice":"Upgrade","damage_taken":0,"relics_obtained":["Mark of the Bloom"],"max_hp_gain":0,"max_hp_loss":0,"event_name":"MindBloom","floor":48,"gold_loss":0,"cards_upgraded":["Strike_S","Strike_S","Strike_S","Defend_S","Defend_S","Defend_S","Defend_S","KidneyShot","Exchange","Violence","Swift Strike","Good Instincts","SurpressingFire","BottledTime","TimeWarp","SurpressingFire","BottledTime","Dilation","Trip","infinitespire:Collect","ReplayTheSpireMod:Haul","infinitespire:UltimateForm"]}],"is_beta":false,"boss_relics":[{"not_picked":["Coffee Dripper","Replay:Bronze Core"],"picked":"conspire:RoyalGoblet"},{"not_picked":["SacredBark","infinitespire:Cupcake"],"picked":"Replay:Wanted Poster"}],"items_purged_floors":[53],"is_endless":false,"potions_floor_spawned":[6,11,13,14,24,25,27,35,38,41,42],"ascension_level":1}}