{"host":"nsc6ozq3atyrdr3m","time":1612470486,"event":{"mods":["BaseMod","Colored Map","Minty Spire (QoL Compilation)"],"gold_per_floor":[110,110,110,35,35,35,67,87,110,110,130,163,37,49,49,49,49],"floor_reached":16,"language":"FRA","playtime":230,"items_purged":["Defend_R"],"score":266,"play_id":"ae4ffb68-bc8a-4c78-818c-7f1749b424eb","local_time":"20210204212806","is_ascension_mode":true,"campfire_choices":[{"data":"Bash","floor":6,"key":"SMITH"},{"data":"Flex","floor":10,"key":"SMITH"},{"floor":15,"key":"REST"}],"circlet_count":0,"master_deck":["AscendersBane","Strike_R","Strike_R","Strike_R","Strike_R","Strike_R","Defend_R","Defend_R","Defend_R","Bash+1","Whirlwind+1","Flex+1","Thunderclap","Inflame"],"relics":["Burning Blood","NeowsBlessing","Smiling Mask","Happy Flower","Art of War"],"acts_visited":["Exordium"],"potions_floor_usage":[12],"damage_taken":[{"damage":0,"enemies":"Jaw Worm","floor":1,"turns":1},{"damage":0,"enemies":"Gremlin Nob","floor":7,"turns":1},{"damage":0,"enemies":"Cultist","floor":8,"turns":1},{"damage":4,"enemies":"2 Louse","floor":11,"turns":2},{"damage":40,"enemies":"Lagavulin","floor":12,"turns":5},{"damage":14,"enemies":"Blue Slaver","floor":14,"turns":4},{"damage":59,"enemies":"The Guardian","floor":16,"turns":8}],"seed_played":"278129474162911549","potions_obtained":[{"floor":1,"key":"ElixirPotion"},{"floor":7,"key":"BlessingOfTheForge"},{"floor":12,"key":"Ancient Potion"}],"is_trial":false,"path_per_floor":["M","$","?","$","?","R","E","M","T","R","M","E","$","M","R","B"],"character_chosen":"IRONCLAD","items_purchased":["Whirlwind","Inflame"],"campfire_rested":1,"item_purchase_floors":[4,13],"current_hp_per_floor":[74,74,74,74,74,74,75,75,75,75,75,41,41,33,55,0,0],"gold":49,"neow_bonus":"THREE_ENEMY_KILL","is_daily":false,"chose_seed":false,"campfire_upgraded":2,"win_rate":0.0,"timestamp":1612470486,"path_taken":["M","$","?","$","?","R","E","M","T","R","?","E","$","M","R","BOSS"],"items_purchased_type":["Card","Card"],"build_version":"2020-12-22","purchased_purges":1,"victory":false,"max_hp_per_floor":[75,75,75,75,75,75,75,75,75,75,75,75,75,75,75,75,75],"card_choices":[{"not_picked":["Evolve","Havoc","Intimidate"],"picked":"SKIP","floor":1},{"not_picked":["Headbutt","Combust"],"picked":"Flex","floor":7},{"not_picked":["Reckless Charge","Headbutt"],"picked":"Thunderclap","floor":8},{"not_picked":["Armaments","Fiend Fire","Headbutt"],"picked":"SKIP","floor":11},{"not_picked":["Clash","Combust","Juggernaut"],"picked":"SKIP","floor":12},{"not_picked":["Body Slam","Shrug It Off","Havoc"],"picked":"SKIP","floor":14}],"player_experience":376746,"relics_obtained":[{"floor":7,"key":"Smiling Mask"},{"floor":9,"key":"Happy Flower"},{"floor":12,"key":"Art of War"}],"event_choices":[{"damage_healed":0,"gold_gain":0,"player_choice":"Ignored","damage_taken":0,"max_hp_gain":0,"max_hp_loss":0,"event_name":"Shining Light","floor":3,"gold_loss":0},{"damage_healed":0,"gold_gain":0,"player_choice":"Upgraded","damage_taken":0,"max_hp_gain":0,"max_hp_loss":0,"event_name":"Upgrade Shrine","floor":5,"gold_loss":0,"cards_upgraded":["Whirlwind"]}],"is_beta":false,"boss_relics":[],"items_purged_floors":[13],"is_endless":false,"potions_floor_spawned":[1,7,12],"killed_by":"The Guardian","ascension_level":20}}