{"host":"n605f8gctjc87d7h","time":1612479391,"event":{"mods":["Aspiration","Bard","BaseMod","Better Match","Better Note","Better Skull","Better Third Choice","Conspire","Downfall","Halation","Hermit","Infinite Spire","Minty Spire (QoL Compilation)","Replay The Spire","Retaliation","Shade Mod","Spicy Shops","StSLib","The IronCluck","The Jungle"],"gold_per_floor":[112,55,55,70,80,80,80,113,113,113,125,125,125,141,141,216,216,233,233,233,216,216,216,216,216,226,226,226,226,243,243,243,256,256,329,329,348,367,367,392,410,410,410],"floor_reached":42,"language":"ENG","playtime":2472,"items_purged":[],"score":698,"play_id":"7078d769-90a3-4145-9a01-7b388277a92b","local_time":"20210204145631","is_ascension_mode":true,"campfire_choices":[{"data":"Iron Wave","floor":6,"key":"SMITH"},{"floor":12,"key":"REST"},{"floor":15,"key":"REST"},{"floor":23,"key":"REST"},{"floor":27,"key":"REST"},{"floor":31,"key":"REST"},{"data":"conspire:Charge","floor":34,"key":"SMITH"}],"circlet_count":0,"master_deck":["AscendersBane","conspire:GhostlyStrike","conspire:GhostlyStrike","conspire:GhostlyStrike","conspire:GhostlyStrike","conspire:GhostlyDefend","conspire:GhostlyDefend","conspire:GhostlyDefend","Bash","Inflame","Shockwave+1","Iron Wave+1","Shrug It Off","DDmod:BurningFumesPowerCard+1","conspire:Charge+1","ReplayTheSpireMod:Stacked","Voices","Demon Form+1","Twin Strike","Infernal Blade","Feed"],"relics":["Burning Blood","ReplayTheSpireMod:Spearhead","Incense Burner","Frozen Egg 2","Ring of Misfortune","Mirror","halation:EternalFortune","Vajra","conspire:GiftBox"],"acts_visited":["Exordium","TheCity","TheBeyond"],"potions_floor_usage":[8,8,8,8,8,8,11,16,16,21,35,35,41],"damage_taken":[{"damage":8,"enemies":"Jaw Worm","floor":1,"turns":6},{"damage":1,"enemies":"Cultist","floor":4,"turns":4},{"damage":6,"enemies":"2 Louse","floor":5,"turns":3},{"damage":26,"enemies":"3 Sentries","floor":8,"turns":8},{"damage":18,"enemies":"Large Slime","floor":11,"turns":4},{"damage":20,"enemies":"3 Louse","floor":14,"turns":3},{"damage":51,"enemies":"Hexaghost","floor":16,"turns":8},{"damage":40,"enemies":"3 Byrds","floor":18,"turns":7},{"damage":12,"enemies":"2 Thieves","floor":21,"turns":4},{"damage":23,"enemies":"Sentry and Sphere","floor":26,"turns":9},{"damage":13,"enemies":"Snake Plant","floor":30,"turns":6},{"damage":1,"enemies":"Chosen and Byrds","floor":33,"turns":7},{"damage":24,"enemies":"conspire:MysteriousRune","floor":35,"turns":9},{"damage":28,"enemies":"3 Darklings","floor":37,"turns":6},{"damage":0,"enemies":"3 Shapes","floor":38,"turns":5},{"damage":0,"enemies":"Mind Bloom Boss Battle","floor":40,"turns":6},{"damage":42,"enemies":"Jaw Worm Horde","floor":41,"turns":7},{"damage":28,"enemies":"R_Hoarder","floor":42,"turns":8}],"seed_played":"-6234735047628716098","potions_obtained":[{"floor":1,"key":"ColorlessPotion"},{"floor":11,"key":"Venom Potion"},{"floor":18,"key":"SkillPotion"},{"floor":30,"key":"AttackPotion"},{"floor":33,"key":"Weak Potion"},{"floor":40,"key":"Adrenaline Potion"},{"floor":41,"key":"sneckomod:MuddlingPotion"}],"is_trial":false,"path_per_floor":["M","$","?","M","M","R","?","E","T","T","M","R","?","M","R","B",null,"M","?","?","M","?","R","PTL","PTL","M","R","T","?","M","R","?","M","R","B",null,"M","M","?","?","M","E"],"character_chosen":"IRONCLAD","items_purchased":["Shockwave+1"],"campfire_rested":5,"item_purchase_floors":[2],"current_hp_per_floor":[66,66,66,71,71,71,71,51,51,51,39,61,61,47,69,24,62,28,28,28,22,22,44,44,44,27,49,49,52,45,68,68,73,73,55,72,50,56,56,62,26,0,0],"gold":410,"neow_bonus":"REMOVE_CARD","is_daily":false,"chose_seed":false,"campfire_upgraded":2,"win_rate":0.0,"timestamp":1612479391,"path_taken":["M","$","?","?","M","R","?","E","T","?","?","R","?","M","R","BOSS","M","?","?","M","?","R","PTL","PTL","M","R","T","?","M","R","?","M","R","BOSS","M","M","?","?","M","E"],"items_purchased_type":["Card"],"build_version":"2020-12-22","purchased_purges":0,"victory":false,"max_hp_per_floor":[75,75,75,75,75,75,75,75,75,75,75,75,75,75,75,75,75,75,75,75,75,75,75,75,75,75,75,75,78,78,78,78,78,78,78,78,78,78,78,78,78,78,78],"card_choices":[{"not_picked":["Flex","DDmod:UnstoppableAttack"],"picked":"Inflame","floor":1},{"not_picked":["True Grit","DDmod:UnstoppableAttack"],"picked":"Iron Wave","floor":4},{"not_picked":["Armaments","Replay:Many Hands","Pommel Strike"],"picked":"SKIP","floor":5},{"not_picked":["Flex","Feel No Pain"],"picked":"Shrug It Off","floor":8},{"not_picked":["DDmod:SpikedSkill","Twin Strike"],"picked":"DDmod:BurningFumesPowerCard+1","floor":11},{"not_picked":["ReplayTheSpireMod:Strike From Hell","Replay:Undeath\u0027s Touch"],"picked":"conspire:Charge","floor":14},{"not_picked":["Warcry","True Grit"],"picked":"ReplayTheSpireMod:Stacked","floor":18},{"not_picked":["Clothesline","Armaments","Headbutt"],"picked":"SKIP","floor":21},{"not_picked":["DDmod:PokeAttack","Replay:Undeath\u0027s Touch","Clothesline"],"picked":"SKIP","floor":26},{"not_picked":["Dual Wield+1","ReplayReversal","Limit Break"],"picked":"SKIP","floor":30},{"not_picked":["Life Link+1","Headbutt","Uppercut+1"],"picked":"SKIP","floor":33},{"not_picked":["conspire:Purge","Exhume"],"picked":"Demon Form+1","floor":35},{"not_picked":["Sword Boomerang","Run Through"],"picked":"Twin Strike","floor":37},{"not_picked":["Replay:Undeath\u0027s Touch","ReplayTheSpireMod:Stacked"],"picked":"Infernal Blade","floor":38},{"not_picked":["Impervious","DDmod:AllInSkill"],"picked":"Feed","floor":40},{"not_picked":["Disarm","DDmod:PokeAttack","Sword Boomerang+1"],"picked":"SKIP","floor":41}],"player_experience":813512,"relics_obtained":[{"floor":8,"key":"ReplayTheSpireMod:Spearhead"},{"floor":9,"key":"Incense Burner"},{"floor":10,"key":"Frozen Egg 2"},{"floor":22,"key":"Ring of Misfortune"},{"floor":28,"key":"Mirror"},{"floor":40,"key":"conspire:GiftBox"}],"event_choices":[{"cards_removed":["Defend_R"],"damage_healed":0,"gold_gain":0,"player_choice":"Purged","damage_taken":0,"max_hp_gain":0,"max_hp_loss":0,"event_name":"Purifier","floor":3,"gold_loss":0},{"damage_healed":0,"gold_gain":0,"player_choice":"Ignored","damage_taken":80,"max_hp_gain":0,"max_hp_loss":0,"event_name":"betterThird:BetterSerpent","floor":7,"gold_loss":0},{"damage_healed":0,"gold_gain":0,"player_choice":"Agree","damage_taken":0,"max_hp_gain":0,"max_hp_loss":0,"event_name":"conspire:LoneGhost","floor":13,"gold_loss":0},{"damage_healed":0,"gold_gain":0,"player_choice":"Ignored","damage_taken":0,"max_hp_gain":0,"max_hp_loss":0,"event_name":"Tomb of Lord Red Mask","floor":39,"gold_loss":0},{"damage_healed":0,"gold_gain":0,"player_choice":"Fight","damage_taken":0,"max_hp_gain":0,"max_hp_loss":0,"event_name":"MindBloom","floor":40,"gold_loss":0}],"is_beta":false,"boss_relics":[{"not_picked":["Philosopher\u0027s Stone","halation:MonkeysPaw","Snecko Eye"]},{"not_picked":["infinitespire:Burning Sword","Cursed Key","halation:PinkAlligatorPlush"]}],"items_purged_floors":[],"is_endless":false,"potions_floor_spawned":[1,11,18,30,33,40,41],"killed_by":"R_Hoarder","ascension_level":14}}