{"host":"l5zfpd2l2htson6l","time":1612478506,"event":{"mods":["AchievementEnabler","BaseMod","Colored Map","Colored Powertips","Minty Spire (QoL Compilation)","Permanent Neow","Quick Restart","Rare Cards Sparkle","Relic Stats","SuperFastMode"],"gold_per_floor":[116,132,57,77,152,152,170,202,202,45,63,88,88,118,118,193,193,203,203,203,222,242,271,4,29,54,73,86,86,136,161,161,234,234,251,251,251,264,283,318,318,337,337,46,78,78,110,125,125,125,125],"floor_reached":50,"language":"ENG","playtime":1824,"items_purged":[],"score":1395,"play_id":"f845a487-378c-4c0e-8314-e7a3b81a2900","local_time":"20210204144146","is_ascension_mode":true,"campfire_choices":[{"data":"Whirlwind","floor":6.0,"key":"SMITH"},{"data":"Fire Breathing","floor":13.0,"key":"SMITH"},{"data":"Evolve","floor":15.0,"key":"SMITH"},{"data":"Double Tap","floor":29.0,"key":"SMITH"},{"floor":32.0,"key":"REST"},{"data":"Evolve","floor":41.0,"key":"SMITH"},{"data":"Feel No Pain","floor":46.0,"key":"SMITH"},{"floor":49.0,"key":"REST"}],"circlet_count":0,"master_deck":["AscendersBane","Strike_R","Strike_R","Strike_R","Strike_R","Defend_R","Defend_R","Defend_R","Bash+1","Twin Strike","Whirlwind+1","Fire Breathing+1","Shockwave","Power Through","Disarm","Evolve+1","Demon Form","Wild Strike","Necronomicurse","Uppercut+1","Disarm","Double Tap+1","Heavy Blade+1","Brutality","Headbutt+1","Immolate+1","Evolve+1","Bludgeon+1","Corruption","Armaments+1","Feel No Pain+1","Shrug It Off","Pommel Strike+1","Shrug It Off","Seeing Red+1"],"relics":["Burning Blood","PreservedInsect","Centennial Puzzle","OrangePellets","StrikeDummy","Question Card","Velvet Choker","Necronomicon","Molten Egg 2","Gremlin Horn","Unceasing Top","Bag of Preparation","Thread and Needle","Runic Cube","Vajra","Whetstone","Smiling Mask","Frozen Egg 2"],"acts_visited":["Exordium","TheCity","TheBeyond"],"potions_floor_usage":[50],"damage_taken":[{"damage":4.0,"enemies":"2 Louse","floor":1.0,"turns":4.0},{"damage":6.0,"enemies":"Jaw Worm","floor":2.0,"turns":4.0},{"damage":1.0,"enemies":"Cultist","floor":4.0,"turns":3.0},{"damage":0.0,"enemies":"Lots of Slimes","floor":7.0,"turns":1.0},{"damage":26.0,"enemies":"Gremlin Nob","floor":8.0,"turns":4.0},{"damage":0.0,"enemies":"Gremlin Gang","floor":11.0,"turns":1.0},{"damage":20.0,"enemies":"Lagavulin","floor":12.0,"turns":5.0},{"damage":8.0,"enemies":"Gremlin Nob","floor":14.0,"turns":3.0},{"damage":28.0,"enemies":"Slime Boss","floor":16.0,"turns":5.0},{"damage":4.0,"enemies":"Chosen","floor":18.0,"turns":4.0},{"damage":6.0,"enemies":"Spheric Guardian","floor":21.0,"turns":3.0},{"damage":12.0,"enemies":"Snake Plant","floor":22.0,"turns":4.0},{"damage":14.0,"enemies":"Book of Stabbing","floor":23.0,"turns":2.0},{"damage":0.0,"enemies":"Gremlin Leader","floor":25.0,"turns":2.0},{"damage":0.0,"enemies":"Chosen and Byrds","floor":27.0,"turns":2.0},{"damage":19.0,"enemies":"Shelled Parasite and Fungi","floor":28.0,"turns":2.0},{"damage":0.0,"enemies":"Slavers","floor":31.0,"turns":1.0},{"damage":36.0,"enemies":"Collector","floor":33.0,"turns":7.0},{"damage":3.0,"enemies":"Orb Walker","floor":35.0,"turns":3.0},{"damage":0.0,"enemies":"3 Darklings","floor":38.0,"turns":1.0},{"damage":1.0,"enemies":"Jaw Worm Horde","floor":39.0,"turns":2.0},{"damage":35.0,"enemies":"Giant Head","floor":40.0,"turns":5.0},{"damage":13.0,"enemies":"Transient","floor":42.0,"turns":6.0},{"damage":0.0,"enemies":"Reptomancer","floor":45.0,"turns":2.0},{"damage":35.0,"enemies":"Nemesis","floor":47.0,"turns":7.0},{"damage":3.0,"enemies":"3 Darklings","floor":48.0,"turns":2.0},{"damage":58,"enemies":"Donu and Deca","floor":50,"turns":5}],"seed_played":"-7922653229423212389","potions_obtained":[{"floor":0.0,"key":"Fruit Juice"},{"floor":0.0,"key":"BlessingOfTheForge"},{"floor":0.0,"key":"Weak Potion"},{"floor":8.0,"key":"DistilledChaos"},{"floor":21.0,"key":"Swift Potion"},{"floor":35.0,"key":"EssenceOfSteel"},{"floor":42.0,"key":"SkillPotion"}],"is_trial":false,"path_per_floor":["M","M","?","M","?","R","M","E","T","$","M","E","R","E","R","B",null,"M","?","?","M","M","E","$","E","T","M","M","R","?","E","R","B",null,"M","?","?","M","M","E","R","M","T","$","E","R","E","M","R","B"],"character_chosen":"IRONCLAD","items_purchased":["OrangePellets","Gremlin Horn","Feel No Pain","Whetstone","Shrug It Off"],"campfire_rested":2,"item_purchase_floors":[10,24,44,44,44],"current_hp_per_floor":[75,75,75,80,69,69,75,55,55,55,61,47,47,45,45,23,66,68,47,47,47,41,33,33,39,39,45,32,32,32,38,62,32,68,71,71,71,77,80,51,51,44,44,44,50,50,21,24,48,0,0],"gold":125,"neow_bonus":"THREE_SMALL_POTIONS","is_daily":false,"chose_seed":false,"campfire_upgraded":6,"win_rate":0.0,"timestamp":1612478506,"path_taken":["M","M","?","M","?","R","M","E","T","$","M","E","R","E","R","BOSS","M","?","?","M","M","E","?","E","T","M","M","R","?","E","R","BOSS","M","?","?","M","M","E","R","M","T","$","E","R","E","M","R","BOSS"],"items_purchased_type":["Relic","Relic","Card","Relic","Card"],"build_version":"2020-12-22","purchased_purges":0,"victory":false,"max_hp_per_floor":[80,80,80,80,80,80,80,80,80,80,80,80,80,80,80,80,80,80,80,80,80,80,80,80,80,80,80,80,80,80,80,80,80,80,80,80,80,80,80,80,80,80,80,80,80,80,80,80,80,80,80],"relic_stats":{"Gremlin Horn":[16,17],"counters":[27,90],"PreservedInsect":425,"Bag of Preparation":[26],"Whetstone":["Uppercut","Bash"],"Question Card":18,"Smiling Mask":0,"Burning Blood":154,"OrangePellets":[5],"Centennial Puzzle":[48],"Necronomicon":[40],"obtain_stats":[{"Gremlin Horn":24,"Velvet Choker":17,"Vajra":40,"Thread and Needle":31,"PreservedInsect":8,"Bag of Preparation":26,"Whetstone":44,"Frozen Egg 2":47,"Question Card":14,"Smiling Mask":45,"Burning Blood":0,"OrangePellets":10,"Centennial Puzzle":9,"Molten Egg 2":23,"Necronomicon":19,"StrikeDummy":12,"Unceasing Top":25,"Runic Cube":34},{"Gremlin Horn":13,"Velvet Choker":9,"Vajra":22,"Thread and Needle":17,"PreservedInsect":5,"Bag of Preparation":14,"Whetstone":23,"Frozen Egg 2":25,"Question Card":8,"Smiling Mask":24,"Burning Blood":0,"OrangePellets":5,"Centennial Puzzle":5,"Molten Egg 2":13,"Necronomicon":10,"StrikeDummy":7,"Unceasing Top":14,"Runic Cube":18},{"Gremlin Horn":43,"Velvet Choker":30,"Vajra":68,"Thread and Needle":50,"PreservedInsect":16,"Bag of Preparation":45,"Whetstone":74,"Frozen Egg 2":83,"Question Card":25,"Smiling Mask":76,"Burning Blood":0,"OrangePellets":16,"Centennial Puzzle":16,"Molten Egg 2":43,"Necronomicon":34,"StrikeDummy":22,"Unceasing Top":45,"Runic Cube":57}],"Unceasing Top":[0],"Runic Cube":[27]},"card_choices":[{"not_picked":["Clothesline","Rupture"],"picked":"Twin Strike","floor":1.0},{"not_picked":["Twin Strike","Clash","Thunderclap"],"picked":"SKIP","floor":2.0},{"not_picked":["Clash","Armaments"],"picked":"Whirlwind","floor":4.0},{"not_picked":["Ghostly Armor","Wild Strike"],"picked":"Fire Breathing","floor":7.0},{"not_picked":["Headbutt","Rampage"],"picked":"Shockwave","floor":8.0},{"not_picked":["Shrug It Off","Flame Barrier"],"picked":"Power Through","floor":11.0},{"not_picked":["Metallicize","Pommel Strike"],"picked":"Disarm","floor":12.0},{"not_picked":["Clash","Twin Strike"],"picked":"Evolve","floor":14.0},{"not_picked":["Limit Break","Corruption","Immolate"],"picked":"Demon Form","floor":16.0},{"not_picked":["Havoc","Dual Wield","Pummel"],"picked":"Wild Strike","floor":18.0},{"not_picked":["Twin Strike","Wild Strike","Shrug It Off"],"picked":"Disarm","floor":21.0},{"not_picked":["Wild Strike","Iron Wave","Shockwave"],"picked":"Double Tap","floor":22.0},{"not_picked":["Clothesline+1","Cleave+1","Bloodletting"],"picked":"Heavy Blade+1","floor":23.0},{"not_picked":["Thunderclap+1","Dark Embrace","Anger+1","Feel No Pain"],"picked":"SKIP","floor":25.0},{"not_picked":["Dark Embrace","Entrench","Clothesline+1","Iron Wave+1"],"picked":"SKIP","floor":27.0},{"not_picked":["Dark Embrace","Entrench","Clothesline+1","Iron Wave+1"],"picked":"SKIP","floor":27.0},{"not_picked":["Searing Blow+1","Cleave+1","Pommel Strike+1"],"picked":"Brutality","floor":28.0},{"not_picked":["Body Slam+1","Demon Form","Shrug It Off"],"picked":"Headbutt+1","floor":31.0},{"not_picked":["Brutality","Exhume","Barricade"],"picked":"Immolate+1","floor":33.0},{"not_picked":["Clothesline+1","Whirlwind+1","Flex"],"picked":"Evolve","floor":35.0},{"not_picked":["Warcry","Thunderclap+1","Anger+1"],"picked":"Bludgeon+1","floor":38.0},{"not_picked":["True Grit","Body Slam+1","Clothesline+1","Entrench"],"picked":"SKIP","floor":39.0},{"not_picked":["Heavy Blade+1","Entrench","Blood for Blood+1"],"picked":"Corruption","floor":40.0},{"not_picked":["Wild Strike+1","Inflame","Perfected Strike+1"],"picked":"Armaments+1","floor":42.0},{"not_picked":["True Grit","Seeing Red","Clash+1"],"picked":"Pommel Strike+1","floor":45.0},{"not_picked":["Clothesline+1","Intimidate+1","Juggernaut+1"],"picked":"Shrug It Off","floor":47.0},{"not_picked":["Headbutt+1","Iron Wave+1","Anger+1"],"picked":"Seeing Red+1","floor":48.0}],"player_experience":892855,"relics_obtained":[{"floor":8.0,"key":"PreservedInsect"},{"floor":9.0,"key":"Centennial Puzzle"},{"floor":12.0,"key":"StrikeDummy"},{"floor":14.0,"key":"Question Card"},{"floor":19.0,"key":"Necronomicon"},{"floor":23.0,"key":"Molten Egg 2"},{"floor":25.0,"key":"Unceasing Top"},{"floor":26.0,"key":"Bag of Preparation"},{"floor":31.0,"key":"Thread and Needle"},{"floor":40.0,"key":"Vajra"},{"floor":45.0,"key":"Smiling Mask"},{"floor":47.0,"key":"Frozen Egg 2"}],"event_choices":[{"cards_removed":["Strike_R"],"damage_healed":0.0,"max_hp_gain":0.0,"max_hp_loss":0.0,"gold_gain":0.0,"event_name":"The Cleric","player_choice":"Card Removal","floor":3.0,"gold_loss":75.0,"damage_taken":0.0},{"damage_healed":0.0,"max_hp_gain":0.0,"max_hp_loss":0.0,"gold_gain":75.0,"event_name":"World of Goop","player_choice":"Gather Gold","floor":5.0,"gold_loss":0.0,"damage_taken":11.0},{"damage_healed":0.0,"max_hp_gain":0.0,"max_hp_loss":0.0,"gold_gain":0.0,"event_name":"Cursed Tome","player_choice":"Obtained Book","floor":19.0,"gold_loss":0.0,"damage_taken":21.0},{"damage_healed":0.0,"max_hp_gain":0.0,"max_hp_loss":0.0,"gold_gain":0.0,"event_name":"The Library","player_choice":"Read","floor":20.0,"gold_loss":0.0,"damage_taken":0.0,"cards_obtained":["Uppercut"]},{"damage_healed":0.0,"max_hp_gain":0.0,"max_hp_loss":0.0,"gold_gain":50.0,"event_name":"Nest","player_choice":"Stole From Cult","floor":30.0,"gold_loss":0.0,"damage_taken":0.0},{"damage_healed":0.0,"max_hp_gain":0.0,"max_hp_loss":0.0,"gold_gain":0.0,"event_name":"Tomb of Lord Red Mask","player_choice":"Ignored","floor":36.0,"gold_loss":0.0,"damage_taken":0.0},{"cards_removed":["Defend_R"],"damage_healed":0.0,"max_hp_gain":0.0,"max_hp_loss":0.0,"gold_gain":0.0,"event_name":"Falling","player_choice":"Removed Skill","floor":37.0,"gold_loss":0.0,"damage_taken":0.0}],"is_beta":false,"boss_relics":[{"not_picked":["Runic Dome","Calling Bell"],"picked":"Velvet Choker"},{"not_picked":["Runic Pyramid","Tiny House"],"picked":"Runic Cube"}],"items_purged_floors":[],"is_endless":false,"potions_floor_spawned":[1,4,8,14,21,22,25,31,35,42,45],"killed_by":"Donu and Deca","ascension_level":20}}