{"host":"9kesdg97wkrx2bva","time":1612479284,"event":{"mods":["AchievementEnabler","BaseMod","Colored Map","GifTheSpireLib","Infinite Spire","Minty Spire (QoL Compilation)","Replay The Spire","StSLib"],"gold_per_floor":[118,118,132,132,132,167,167,180,205,220,220,234,268,280,280,354,354,369,419,419,419],"floor_reached":20,"language":"ENG","playtime":480,"items_purged":[],"score":350,"play_id":"8ae3058b-badb-4aca-98b1-2d1ca399baaf","local_time":"20210204165444","is_ascension_mode":true,"campfire_choices":[{"data":"Zap","floor":7,"key":"SMITH"},{"floor":11,"key":"REST"},{"floor":15,"key":"REST"}],"circlet_count":0,"master_deck":["AscendersBane","Strike_B","Strike_B","Defend_B","Defend_B","Defend_B","Zap+1","Dualcast","Compile Driver","Capacitor","Gash","Ball Lightning","Doom and Gloom","Gash","Streamline","Biased Cognition","Beam Cell"],"relics":["Cracked Core","Centennial Puzzle","infinitespire:PuzzleCube","Nunchaku","Empty Cage"],"acts_visited":["Exordium","TheCity"],"potions_floor_usage":[10,14,18],"damage_taken":[{"damage":7,"enemies":"Small Slimes","floor":1,"turns":3},{"damage":1,"enemies":"Cultist","floor":3,"turns":3},{"damage":36,"enemies":"Gremlin Nob","floor":6,"turns":4},{"damage":0,"enemies":"Jaw Worm","floor":8,"turns":3},{"damage":0,"enemies":"Exordium Thugs","floor":10,"turns":3},{"damage":6,"enemies":"Blue Slaver","floor":12,"turns":3},{"damage":25,"enemies":"Lagavulin","floor":13,"turns":5},{"damage":12,"enemies":"3 Louse","floor":14,"turns":3},{"damage":28,"enemies":"Slime Boss","floor":16,"turns":7},{"damage":14,"enemies":"3 Byrds","floor":18,"turns":3},{"damage":40,"enemies":"Masked Bandits","floor":20,"turns":2}],"seed_played":"5309724098839978072","potions_obtained":[{"floor":1,"key":"Swift Potion"},{"floor":13,"key":"SteroidPotion"},{"floor":16,"key":"AttackPotion"}],"is_trial":false,"path_per_floor":["M","?","M","?","?","E","R","M","T","M","R","M","E","M","R","B",null,"M","?","?"],"character_chosen":"DEFECT","items_purchased":[],"campfire_rested":2,"item_purchase_floors":[],"current_hp_per_floor":[57,47,46,46,69,33,33,33,33,33,54,48,23,11,32,4,54,40,40,0,0],"gold":419,"neow_bonus":"REMOVE_CARD","is_daily":false,"chose_seed":false,"campfire_upgraded":1,"win_rate":0.0,"timestamp":1612479284,"path_taken":["M","?","?","?","?","E","R","M","T","M","R","?","E","M","R","BOSS","M","?","?"],"items_purchased_type":[],"build_version":"2020-12-22","purchased_purges":0,"victory":false,"max_hp_per_floor":[71,71,71,71,71,71,71,71,71,71,71,71,71,71,71,71,71,71,71,71,71],"card_choices":[{"not_picked":["Aggregate","Coolheaded"],"picked":"Compile Driver","floor":1},{"not_picked":["Panic Button","Leap"],"picked":"Capacitor","floor":3},{"not_picked":["Ball Lightning","Barrage"],"picked":"Gash","floor":6},{"not_picked":["Self Repair","Multi-Cast"],"picked":"Ball Lightning","floor":8},{"not_picked":["Cold Snap","Sweeping Beam"],"picked":"Doom and Gloom","floor":10},{"not_picked":["Cold Snap","Capacitor"],"picked":"Gash","floor":12},{"not_picked":["Turbo","Tempest","Fission"],"picked":"SKIP","floor":13},{"not_picked":["Coolheaded","ReplaySolidLightProjector"],"picked":"Streamline","floor":14},{"not_picked":["Seek","Multi-Cast"],"picked":"Biased Cognition","floor":16},{"not_picked":["Panic Button","Rebound"],"picked":"Beam Cell","floor":18}],"player_experience":1010360,"relics_obtained":[{"floor":6,"key":"Centennial Puzzle"},{"floor":9,"key":"infinitespire:PuzzleCube"},{"floor":13,"key":"Nunchaku"}],"event_choices":[{"damage_healed":0,"gold_gain":0,"player_choice":"Damaged","damage_taken":10,"max_hp_gain":0,"max_hp_loss":0,"event_name":"Wheel of Change","floor":2,"gold_loss":0},{"damage_healed":23,"gold_gain":0,"player_choice":"Banana","damage_taken":0,"max_hp_gain":0,"max_hp_loss":0,"event_name":"Big Fish","floor":5,"gold_loss":0},{"damage_healed":0,"gold_gain":50,"player_choice":"Stole From Cult","damage_taken":0,"max_hp_gain":0,"max_hp_loss":0,"event_name":"Nest","floor":19,"gold_loss":0},{"damage_healed":0,"gold_gain":0,"player_choice":"Fought Bandits","damage_taken":0,"max_hp_gain":0,"max_hp_loss":0,"event_name":"Masked Bandits","floor":20,"gold_loss":0}],"is_beta":false,"boss_relics":[{"not_picked":["ReplayTheSpireMod:Onyx Gauntlets","ReplayTheSpireMod:DimensionalGlitch"],"picked":"Empty Cage"}],"items_purged_floors":[],"is_endless":false,"potions_floor_spawned":[1,13,16],"killed_by":"Masked Bandits","ascension_level":18}}