{"host":"g2yp6paluzgljz05","time":1612414032,"event":{"mods":["BaseMod","Bestiary","Colored Powertips","DeckTracker","Highlight Path","Minty Spire (QoL Compilation)","Quick Restart"],"gold_per_floor":[118,118,118,43,61,95,109,129,129,129,129,140,240,257,257,257,257],"floor_reached":16,"language":"ENG","playtime":694,"items_purged":["Regret"],"score":191,"play_id":"0fc5cc76-f6a5-4666-9864-c2d7a448dbff","local_time":"20210204154712","is_ascension_mode":true,"campfire_choices":[{"data":"Defend_R","floor":11,"key":"SMITH"},{"data":"Clothesline","floor":15,"key":"SMITH"}],"circlet_count":0,"master_deck":["AscendersBane","Strike_R","Strike_R","Strike_R","Strike_R","Defend_R+1","Defend_R","Defend_R","Defend_R","Bash+1","Spot Weakness","Clothesline+1"],"relics":["Burning Blood","NeowsBlessing","Nunchaku","Kunai","MealTicket"],"acts_visited":["Exordium"],"potions_floor_usage":[16],"damage_taken":[{"damage":0,"enemies":"2 Louse","floor":1,"turns":2},{"damage":0,"enemies":"Small Slimes","floor":5,"turns":1},{"damage":0,"enemies":"Gremlin Nob","floor":6,"turns":1},{"damage":1,"enemies":"Cultist","floor":7,"turns":4},{"damage":26,"enemies":"2 Fungi Beasts","floor":8,"turns":5},{"damage":34,"enemies":"Lots of Slimes","floor":12,"turns":6},{"damage":11,"enemies":"Looter","floor":14,"turns":2},{"damage":34,"enemies":"Hexaghost","floor":16,"turns":10}],"seed_played":"-5567201084258282346","potions_obtained":[{"floor":1,"key":"Swift Potion"},{"floor":12,"key":"SmokeBomb"},{"floor":14,"key":"Strength Potion"}],"is_trial":false,"path_per_floor":["M","?","?","$","M","E","M","M","T","?","R","M","?","M","R","B"],"character_chosen":"IRONCLAD","items_purchased":[],"campfire_rested":0,"item_purchase_floors":[],"current_hp_per_floor":[78,71,71,71,77,80,80,60,60,60,60,32,32,27,27,0,0],"gold":257,"neow_bonus":"THREE_ENEMY_KILL","is_daily":false,"chose_seed":false,"campfire_upgraded":2,"win_rate":0.0,"timestamp":1612414032,"path_taken":["M","?","?","$","M","E","M","M","T","?","R","?","?","?","R","BOSS"],"items_purchased_type":[],"build_version":"2020-12-22","purchased_purges":1,"victory":false,"max_hp_per_floor":[80,80,80,80,80,80,80,80,80,80,80,80,80,80,80,80,80],"card_choices":[{"not_picked":["Dark Embrace","Power Through"],"picked":"Spot Weakness","floor":1},{"not_picked":["Dropkick","Havoc","Seeing Red"],"picked":"SKIP","floor":5},{"not_picked":["Cleave","Armaments","Clash"],"picked":"SKIP","floor":6},{"not_picked":["Feel No Pain","Hemokinesis","Pommel Strike"],"picked":"SKIP","floor":7},{"not_picked":["Whirlwind","Sword Boomerang","Headbutt"],"picked":"SKIP","floor":8},{"not_picked":["Pommel Strike","Headbutt"],"picked":"Clothesline","floor":12},{"not_picked":["Headbutt","Pommel Strike","Clothesline"],"picked":"SKIP","floor":14}],"player_experience":322428,"relics_obtained":[{"floor":6,"key":"Kunai"},{"floor":9,"key":"MealTicket"}],"event_choices":[{"cards_removed":["Strike_R"],"damage_healed":0,"gold_gain":0,"player_choice":"Card Removal","damage_taken":7,"max_hp_gain":0,"max_hp_loss":0,"event_name":"Golden Wing","floor":2,"gold_loss":0},{"damage_healed":0,"gold_gain":0,"player_choice":"Box","damage_taken":0,"relics_obtained":["Nunchaku"],"max_hp_gain":0,"max_hp_loss":0,"event_name":"Big Fish","floor":3,"gold_loss":0,"cards_obtained":["Regret"]},{"damage_healed":0,"gold_gain":0,"player_choice":"Upgraded","damage_taken":0,"max_hp_gain":0,"max_hp_loss":0,"event_name":"Upgrade Shrine","floor":10,"gold_loss":0,"cards_upgraded":["Bash"]},{"damage_healed":0,"gold_gain":100,"player_choice":"Pray","damage_taken":0,"max_hp_gain":0,"max_hp_loss":0,"event_name":"Golden Shrine","floor":13,"gold_loss":0}],"is_beta":false,"boss_relics":[],"items_purged_floors":[4],"is_endless":false,"potions_floor_spawned":[1,12,14],"killed_by":"Hexaghost","ascension_level":10}}