{"host":"lrlw254gqe5layub","time":1612420791,"event":{"mods":["AchievementEnabler","BaseMod","Colored Map","Colored Powertips","Minty Spire (QoL Compilation)","Rare Cards Sparkle","SuperFastMode"],"gold_per_floor":[114,114,114,127,142,142,171,96,96,96,152,152,52,85,85,188,188,157,8,8,20,31,59,59,72,96,96,109,109,109],"floor_reached":29,"language":"KOR","playtime":1363,"items_purged":["Strike_B","Strike_B"],"score":377,"play_id":"0b8701d9-e625-4b48-98d9-8e0d2b373fbc","local_time":"20210204153951","is_ascension_mode":true,"campfire_choices":[{"data":"Scrape","floor":6.0,"key":"SMITH"},{"floor":10.0,"key":"REST"},{"floor":15.0,"key":"RECALL"},{"data":"Redo","floor":24.0,"key":"SMITH"}],"circlet_count":0,"master_deck":["AscendersBane","Defend_B","Defend_B","Defend_B","Zap+1","Dualcast+1","Glacier","Scrape+1","Redo+1","Go for the Eyes","Beam Cell","Redo+1","Scrape","Go for the Eyes","Self Repair"],"relics":["Cracked Core","Question Card","Sundial","Blood Vial","Anchor","Nuclear Battery","MealTicket","Blue Candle","DataDisk"],"acts_visited":["Exordium","TheCity"],"potions_floor_usage":[28,28],"damage_taken":[{"damage":9.0,"enemies":"Jaw Worm","floor":1.0,"turns":3.0},{"damage":0.0,"enemies":"Cultist","floor":4.0,"turns":4.0},{"damage":2.0,"enemies":"2 Louse","floor":5.0,"turns":2.0},{"damage":23.0,"enemies":"3 Sentries","floor":7.0,"turns":9.0},{"damage":10.0,"enemies":"3 Sentries","floor":11.0,"turns":10.0},{"damage":10.0,"enemies":"Lagavulin","floor":14.0,"turns":6.0},{"damage":10.0,"enemies":"The Guardian","floor":16.0,"turns":12.0},{"damage":19.0,"enemies":"2 Thieves","floor":18.0,"turns":5.0},{"damage":0.0,"enemies":"Shell Parasite","floor":21.0,"turns":6.0},{"damage":4.0,"enemies":"Snecko","floor":22.0,"turns":6.0},{"damage":8.0,"enemies":"Book of Stabbing","floor":23.0,"turns":6.0},{"damage":30.0,"enemies":"Chosen and Byrds","floor":25.0,"turns":7.0},{"damage":8,"enemies":"Shelled Parasite and Fungi","floor":28,"turns":6},{"damage":10,"enemies":"3 Cultists","floor":29,"turns":2}],"seed_played":"343206100810130640","potions_obtained":[{"floor":1.0,"key":"Dexterity Potion"},{"floor":7.0,"key":"SkillPotion"},{"floor":14.0,"key":"Dexterity Potion"},{"floor":22.0,"key":"Swift Potion"},{"floor":25.0,"key":"GamblersBrew"}],"is_trial":false,"path_per_floor":["M","?","?","M","M","R","E","$","T","R","?","?","$","E","R","B",null,"M","$","?","M","M","E","R","M","T","?","M","M"],"character_chosen":"DEFECT","items_purchased":["MealTicket"],"campfire_rested":1,"item_purchase_floors":[19],"current_hp_per_floor":[59,59,59,59,57,57,34,34,34,56,48,48,48,40,40,32,64,47,47,47,49,47,41,41,13,13,13,7,0,0],"gold":109,"neow_bonus":"REMOVE_CARD","is_daily":false,"chose_seed":false,"campfire_upgraded":2,"win_rate":0.0,"timestamp":1612420791,"path_taken":["M","?","?","?","M","R","E","$","T","R","?","?","$","E","R","BOSS","M","$","?","?","M","E","R","M","T","?","M","M"],"items_purchased_type":["Relic"],"build_version":"2020-12-22","purchased_purges":2,"victory":false,"max_hp_per_floor":[75,75,75,75,75,75,75,75,75,75,75,75,75,75,75,75,75,75,75,75,75,75,75,75,75,75,75,75,75,75],"card_choices":[{"not_picked":["Sunder","Stack"],"picked":"Glacier","floor":1.0},{"not_picked":["Barrage","Stack","Ball Lightning"],"picked":"SKIP","floor":4.0},{"not_picked":["Rebound","Chill"],"picked":"Scrape","floor":5.0},{"not_picked":["Recycle","Cold Snap","Stack"],"picked":"SKIP","floor":7.0},{"not_picked":["Compile Driver","Gash","Steam Power"],"picked":"Redo","floor":11.0},{"not_picked":["Rebound","Steam","Turbo"],"picked":"Go for the Eyes","floor":14.0},{"not_picked":["Chill+1","Redo","Leap"],"picked":"Beam Cell","floor":18.0},{"not_picked":["Streamline+1","Beam Cell","Stack"],"picked":"Redo+1","floor":21.0},{"not_picked":["Static Discharge","Creative AI","Cold Snap"],"picked":"Scrape","floor":22.0},{"not_picked":["Heatsinks","Compile Driver","BootSequence"],"picked":"Go for the Eyes","floor":23.0},{"not_picked":["Rebound","Stack","Redo","Streamline+1"],"picked":"SKIP","floor":25.0},{"not_picked":["Ball Lightning","BootSequence","FTL"],"picked":"Self Repair","floor":28}],"player_experience":480029,"relics_obtained":[{"floor":7.0,"key":"Question Card"},{"floor":9.0,"key":"Sundial"},{"floor":14.0,"key":"Anchor"},{"floor":23.0,"key":"Blue Candle"},{"floor":26.0,"key":"DataDisk"}],"event_choices":[{"damage_healed":0.0,"max_hp_gain":0.0,"max_hp_loss":0.0,"gold_gain":0.0,"event_name":"Living Wall","player_choice":"Grow","floor":2.0,"gold_loss":0.0,"damage_taken":0.0,"cards_upgraded":["Zap"]},{"damage_healed":0.0,"max_hp_gain":0.0,"max_hp_loss":0.0,"gold_gain":0.0,"event_name":"Upgrade Shrine","player_choice":"Upgraded","floor":3.0,"gold_loss":0.0,"damage_taken":0.0,"cards_upgraded":["Dualcast"]},{"damage_healed":0.0,"max_hp_gain":0.0,"max_hp_loss":0.0,"gold_gain":0.0,"event_name":"Dead Adventurer","player_choice":"Searched \u00272\u0027 times","floor":11.0,"gold_loss":0.0,"damage_taken":0.0,"relics_obtained":["Blood Vial"]},{"damage_healed":0.0,"max_hp_gain":0.0,"max_hp_loss":0.0,"gold_gain":0.0,"event_name":"Shining Light","player_choice":"Ignored","floor":12.0,"gold_loss":0.0,"damage_taken":0.0},{"cards_removed":["Strike_B"],"damage_healed":0.0,"max_hp_gain":0.0,"max_hp_loss":0.0,"gold_gain":0.0,"event_name":"Bonfire Elementals","player_choice":"Offered Basic","floor":20.0,"gold_loss":0.0,"damage_taken":0.0},{"cards_removed":["Defend_B"],"damage_healed":0.0,"max_hp_gain":0.0,"max_hp_loss":0.0,"gold_gain":0.0,"event_name":"Back to Basics","player_choice":"Elegance","floor":27.0,"gold_loss":0.0,"damage_taken":0.0}],"is_beta":false,"boss_relics":[{"not_picked":["Calling Bell","SlaversCollar"],"picked":"Nuclear Battery"}],"items_purged_floors":[8,13],"is_endless":false,"potions_floor_spawned":[1,7,14,22,25],"killed_by":"3 Cultists","ascension_level":10}}