{"host":"soyfmymeou4emntr","time":1612406245,"event":{"mods":["BaseMod","BetterRewards","Minty Spire (QoL Compilation)","Relic Sorter","Relic Stats","StSLib"],"gold_per_floor":[368,382,392,467,53,53,83,94,94,110,110,136,136,155,155,233,233,247,259,259,279,119,119,153,153,153,187,203,203,228,246,246,246,246],"floor_reached":33,"language":"ENG","playtime":4944,"items_purged":["Strike_G"],"score":684,"play_id":"6e0372ce-f035-43cb-aef5-7a1974458d85","local_time":"20210203193725","is_ascension_mode":true,"campfire_choices":[{"data":"Skewer","floor":6.0,"key":"SMITH"},{"data":"Blade Dance","floor":11.0,"key":"SMITH"},{"floor":15.0,"key":"REST"},{"data":"Malaise","floor":23.0,"key":"SMITH"},{"data":"Cloak And Dagger","floor":25.0,"key":"SMITH"},{"data":"Leg Sweep","floor":29,"key":"SMITH"},{"data":"Backflip","floor":32,"key":"SMITH"}],"circlet_count":0,"master_deck":["AscendersBane","Strike_G","Strike_G","Strike_G","Strike_G","Defend_G","Defend_G+1","Defend_G","Defend_G+1","Defend_G","Survivor","Neutralize","Skewer+1","Dagger Throw","Sucker Punch","Backflip+1","Blade Dance+1","Accuracy","Cloak And Dagger+1","Malaise+1","Cloak And Dagger+1","Backflip+1","Decay","Accuracy","Dagger Spray+1","PiercingWail","Leg Sweep+1"],"relics":["Ring of the Snake","Centennial Puzzle","Toolbox","War Paint","Strawberry","Eternal Feather","WristBlade","Vajra","Nunchaku","Omamori","Shovel"],"acts_visited":["Exordium","TheCity"],"potions_floor_usage":[33],"damage_taken":[{"damage":0.0,"enemies":"2 Louse","floor":1.0,"turns":4.0},{"damage":1.0,"enemies":"Cultist","floor":2.0,"turns":4.0},{"damage":0.0,"enemies":"Small Slimes","floor":3.0,"turns":4.0},{"damage":0.0,"enemies":"Gremlin Nob","floor":7.0,"turns":3.0},{"damage":0.0,"enemies":"Blue Slaver","floor":8.0,"turns":3.0},{"damage":4.0,"enemies":"Exordium Wildlife","floor":10.0,"turns":4.0},{"damage":2.0,"enemies":"3 Sentries","floor":12.0,"turns":8.0},{"damage":19.0,"enemies":"Gremlin Gang","floor":14.0,"turns":5.0},{"damage":36.0,"enemies":"Hexaghost","floor":16.0,"turns":11.0},{"damage":8.0,"enemies":"2 Thieves","floor":18.0,"turns":3.0},{"damage":0.0,"enemies":"3 Byrds","floor":19.0,"turns":3.0},{"damage":11.0,"enemies":"Cultist and Chosen","floor":21.0,"turns":5.0},{"damage":6.0,"enemies":"Book of Stabbing","floor":24.0,"turns":5.0},{"damage":15,"enemies":"Slavers","floor":27,"turns":4},{"damage":7,"enemies":"Snake Plant","floor":28,"turns":4},{"damage":4,"enemies":"Gremlin Leader","floor":30,"turns":6},{"damage":0,"enemies":"Snecko","floor":31,"turns":3},{"damage":62,"enemies":"Champ","floor":33,"turns":11}],"seed_played":"4977590098872429853","potions_obtained":[{"floor":2.0,"key":"CunningPotion"},{"floor":3.0,"key":"EssenceOfSteel"},{"floor":8.0,"key":"SteroidPotion"},{"floor":14.0,"key":"Fire Potion"},{"floor":18.0,"key":"AttackPotion"},{"floor":30,"key":"Swift Potion"}],"is_trial":false,"path_per_floor":["M","M","M","?","$","R","E","M","T","M","R","E","?","M","R","B",null,"M","M","?","M","$","R","E","R","T","E","M","R","E","M","R","B"],"character_chosen":"THE_SILENT","items_purchased":["Centennial Puzzle","Toolbox","Vajra"],"campfire_rested":1,"item_purchase_floors":[5,5,22],"current_hp_per_floor":[59,58,58,47,47,47,47,47,54,50,50,48,48,29,58,22,56,48,48,48,37,37,49,43,58,58,43,36,51,47,47,62,0,0],"gold":246,"neow_bonus":"TWO_FIFTY_GOLD","is_daily":false,"chose_seed":false,"campfire_upgraded":6,"win_rate":0.0,"timestamp":1612406245,"path_taken":["M","M","M","?","$","R","E","M","T","M","R","E","?","?","R","BOSS","M","M","?","M","$","R","E","R","T","E","M","R","E","M","R","BOSS"],"items_purchased_type":["Relic","Relic","Relic"],"build_version":"2020-12-22","purchased_purges":1,"victory":false,"max_hp_per_floor":[60,60,60,60,60,60,60,60,67,67,67,67,67,67,67,67,67,67,67,67,67,67,67,67,67,67,67,67,67,67,67,67,67,67],"relic_stats":{"Centennial Puzzle":[33],"Nunchaku":[8],"Shovel":0,"counters":[18,90],"Eternal Feather":66,"War Paint":["Defend_G","Defend_G"],"obtain_stats":[{"Centennial Puzzle":5,"Nunchaku":24,"Shovel":30,"WristBlade":17,"Strawberry":9,"Toolbox":5,"Vajra":22,"Eternal Feather":12,"Omamori":27,"War Paint":7,"Ring of the Snake":0},{"Centennial Puzzle":3,"Nunchaku":13,"Shovel":16,"WristBlade":9,"Strawberry":5,"Toolbox":3,"Vajra":12,"Eternal Feather":7,"Omamori":14,"War Paint":4,"Ring of the Snake":0},{"Centennial Puzzle":12,"Nunchaku":62,"Shovel":76,"WristBlade":46,"Strawberry":18,"Toolbox":12,"Vajra":57,"Eternal Feather":30,"Omamori":66,"War Paint":15,"Ring of the Snake":0}],"Ring of the Snake":[36]},"card_choices":[{"not_picked":["Sucker Punch","Acrobatics"],"picked":"Skewer","floor":1.0},{"not_picked":["Outmaneuver","Eviscerate"],"picked":"Dagger Throw","floor":2.0},{"not_picked":["Deadly Poison","PiercingWail"],"picked":"Sucker Punch","floor":3.0},{"not_picked":["Infinite Blades","Flechettes"],"picked":"Backflip","floor":7.0},{"not_picked":["Deadly Poison","Dagger Throw"],"picked":"Blade Dance","floor":8.0},{"not_picked":["Reflex","Underhanded Strike"],"picked":"Accuracy","floor":10.0},{"not_picked":["Slice","Finisher","Riddle With Holes"],"picked":"SKIP","floor":12.0},{"not_picked":["Deflect","Expertise"],"picked":"Cloak And Dagger","floor":14.0},{"not_picked":["Burst","Corpse Explosion"],"picked":"Malaise","floor":16.0},{"not_picked":["Terror","Quick Slash"],"picked":"Cloak And Dagger+1","floor":18.0},{"not_picked":["Sucker Punch+1","Flechettes"],"picked":"Backflip+1","floor":19.0},{"not_picked":["Cloak And Dagger","Dagger Spray"],"picked":"Accuracy","floor":21.0},{"not_picked":["Masterful Stab","Storm of Steel"],"picked":"Dagger Spray+1","floor":24.0},{"not_picked":["Slice","Deflect"],"picked":"PiercingWail","floor":27},{"not_picked":["PiercingWail","Bouncing Flask"],"picked":"Leg Sweep","floor":28},{"not_picked":["Poisoned Stab+1","Bane","Leg Sweep"],"picked":"SKIP","floor":30},{"not_picked":["Outmaneuver","Crippling Poison+1","Backflip"],"picked":"SKIP","floor":31}],"player_experience":3025180,"relics_obtained":[{"floor":7.0,"key":"War Paint"},{"floor":9.0,"key":"Strawberry"},{"floor":12.0,"key":"Eternal Feather"},{"floor":24.0,"key":"Nunchaku"},{"floor":27,"key":"Omamori"},{"floor":30,"key":"Shovel"}],"event_choices":[{"damage_healed":0.0,"max_hp_gain":0.0,"max_hp_loss":0.0,"gold_gain":75.0,"event_name":"World of Goop","player_choice":"Gather Gold","floor":4.0,"gold_loss":0.0,"damage_taken":11.0},{"damage_healed":0.0,"max_hp_gain":0.0,"max_hp_loss":0.0,"gold_gain":0.0,"event_name":"WeMeetAgain","player_choice":"Ignored","floor":13.0,"gold_loss":0.0,"damage_taken":0.0},{"damage_healed":0.0,"max_hp_gain":0.0,"max_hp_loss":0.0,"gold_gain":0.0,"event_name":"Forgotten Altar","player_choice":"Smashed Altar","floor":20.0,"gold_loss":0.0,"damage_taken":0.0,"cards_obtained":["Decay"]}],"is_beta":false,"boss_relics":[{"not_picked":["Runic Pyramid","SlaversCollar"],"picked":"WristBlade"}],"items_purged_floors":[5],"is_endless":false,"potions_floor_spawned":[2,3,8,14,18,30],"killed_by":"Champ","ascension_level":20}}