{"host":"51fyd6gkml7xavq8","time":1612465084,"event":{"mods":["BaseMod","BetterRewards","Clockwork Mod","Colored Map","Downfall","Energized Spire","Glutton Mod","Gremlin Mod","Hermit","Infinite Spire","Mimic Mod","Minty Spire (QoL Compilation)","Rare Cards Sparkle","Replay The Spire","Shop Mod","Spicy Shops","StSLib","The Blue Laboratory","The Cursed"],"gold_per_floor":[61,61,61,81,81,81,81,81,104,123,134,153,165,182,182,281,281,301,301,315,326,340,340,359,359,359,359,359,385,385,399,399,529,529,579,629,629,680,741,817,817,395,435,435,435,435,480,545,545,545],"floor_reached":51,"language":"ENG","playtime":5347,"items_purged":["Bash","Normality","Strike_R+1"],"score":1396,"play_id":"914aec4b-294e-4074-a5be-463536652d1b","local_time":"20210204155804","is_ascension_mode":false,"campfire_choices":[{"data":"Searing Blow+1","floor":6,"key":"SMITH"},{"data":"Searing Blow+2","floor":8,"key":"SMITH"},{"data":"Searing Blow+3","floor":15,"key":"SMITH"},{"data":"Searing Blow+4","floor":23,"key":"SMITH"},{"data":"Searing Blow+5","floor":25,"key":"SMITH"},{"data":"Searing Blow+6","floor":28,"key":"SMITH"},{"data":"Searing Blow+7","floor":30,"key":"SMITH"},{"data":"Searing Blow+8","floor":32,"key":"SMITH"},{"data":"Searing Blow+9","floor":41,"key":"SMITH"},{"data":"ReplayTheSpireMod:Chaos Vortex","floor":44,"key":"SMITH"},{"data":"Searing Blow+10","floor":46,"key":"SMITH"},{"data":"Searing Blow+11","floor":49,"key":"SMITH"}],"circlet_count":0,"master_deck":["Strike_R+1","Strike_R+1","Strike_R+1","Strike_R+1","Defend_R+1","Defend_R+1","Defend_R+1","Defend_R+1","Panache","infinitespire:OneForAll+1","Disarm","Searing Blow+12","Metallicize","Exhume","ReplayTheSpireMod:Chaos Vortex+1","Disarm","Berserk","Metallicize+1","Madness","Madness"],"relics":["Burning Blood","MerchantsRug","Molten Egg 2","Replay:Rubber Ducky","Ginger","Bronze Scales","Blue Candle","ReplayTheSpireMod:CursedCoin","Iron Hammer","Toy Ornithopter","Strange Spoon","Shovel","Dream Catcher","energizedSpire:OgreHead","Mummified Hand","Orichalcum","infinitespire:EvilPickle","SacredBark","Blood Vial","Frozen Egg 2","infinitespire:Lychee Nut","ReplayFunnel"],"acts_visited":["Exordium","TheCity","TheBeyond"],"potions_floor_usage":[16,29,29,29,40],"damage_taken":[{"damage":0.0,"enemies":"Small Slimes","floor":1.0,"turns":3.0},{"damage":0,"enemies":"Cultist","floor":4,"turns":3},{"damage":0,"enemies":"2 Louse","floor":10,"turns":4},{"damage":6,"enemies":"Large Slime","floor":11,"turns":4},{"damage":0,"enemies":"Red Slaver","floor":12,"turns":3},{"damage":0,"enemies":"3 Louse","floor":13,"turns":3},{"damage":0,"enemies":"Exordium Thugs","floor":14,"turns":2},{"damage":0,"enemies":"The Guardian","floor":16,"turns":10},{"damage":12,"enemies":"2 Thieves","floor":18,"turns":4},{"damage":0,"enemies":"Spheric Guardian","floor":20,"turns":3},{"damage":26,"enemies":"Shelled Parasite and Fungi","floor":21,"turns":5},{"damage":0,"enemies":"Sentry and Sphere","floor":22,"turns":6},{"damage":9,"enemies":"Centurion and Healer","floor":24,"turns":4},{"damage":26,"enemies":"Gremlin Leader","floor":29,"turns":4},{"damage":0,"enemies":"Snake Plant","floor":31,"turns":1},{"damage":0,"enemies":"Pondfish","floor":33,"turns":13},{"damage":0,"enemies":"3 Shapes","floor":35,"turns":8},{"damage":0,"enemies":"3 Darklings","floor":36,"turns":6},{"damage":20,"enemies":"4 Shapes","floor":38,"turns":5},{"damage":0,"enemies":"Jaw Worm Horde","floor":39,"turns":4},{"damage":15,"enemies":"Reptomancer","floor":40,"turns":2},{"damage":0,"enemies":"3 Darklings","floor":43,"turns":6},{"damage":0,"enemies":"3 Darklings","floor":47,"turns":5},{"damage":0,"enemies":"Giant Head","floor":48,"turns":4},{"damage":24,"enemies":"infinitespire:MassOfShapes","floor":50,"turns":12}],"seed_played":"8801539805217140618","potions_obtained":[{"floor":10,"key":"BlessingOfTheForge"},{"floor":11,"key":"blueLaboratory:HorrorPotion"},{"floor":12,"key":"Weak Potion"},{"floor":14,"key":"FearPotion"},{"floor":16,"key":"blueLaboratory:TrueEctoplasm"},{"floor":20,"key":"LifebloodPotion"},{"floor":24,"key":"LifebloodPotion"},{"floor":33,"key":"Death Potion"},{"floor":35,"key":"blueLaboratory:BottleOfVodka"},{"floor":38,"key":"champ:CounterPotion"},{"floor":47,"key":"Fire Potion"}],"is_trial":false,"path_per_floor":["M","?","$","M","?","R","?","R","T","M","M","M","M","M","R","B",null,"M","?","M","M","M","R","M","R","T","?","R","E","R","M","R","B",null,"M","M","?","M","M","E","R","$","MIM","R","?","R","M","E","R","B",null],"character_chosen":"IRONCLAD","items_purchased":["MerchantsRug","Molten Egg 2","Replay:Rubber Ducky","Ginger","Bronze Scales","Blue Candle","Panache","ReplayTheSpireMod:CursedCoin","infinitespire:OneForAll+1","Iron Hammer","Toy Ornithopter","Strange Spoon","Disarm","Shovel","Frozen Egg 2","Metallicize+1"],"campfire_rested":0,"item_purchase_floors":[0,0,0,0,0,0,0,0,0,0,0,0,0,0,42,42],"current_hp_per_floor":[38,38,38,44,23,23,23,23,23,29,29,35,41,47,47,58,80,74,74,80,60,66,66,63,63,63,63,63,58,58,64,64,70,80,80,80,80,66,72,68,68,68,60,60,52,52,60,60,60,45],"gold":545,"neow_bonus":"","is_daily":false,"chose_seed":false,"campfire_upgraded":12,"win_rate":0.0,"timestamp":1612465084,"path_taken":["M","?","$","?","?","R","?","R","T","M","M","M","?","M","R","BOSS","M","?","?","M","M","R","M","R","T","?","R","E","R","M","R","BOSS","M","M","?","M","M","E","R","?","MIM","R","?","R","M","E","R","BOSS"],"items_purchased_type":["Relic","Relic","Relic","Relic","Relic","Relic","Card","Relic","Card","Relic","Relic","Relic","Card","Relic","Relic","Card"],"build_version":"2020-12-22","purchased_purges":3,"victory":true,"max_hp_per_floor":[80,80,80,80,80,80,80,80,80,80,80,80,80,80,80,80,80,80,80,80,80,80,80,80,80,80,80,80,80,80,80,80,80,80,80,80,80,80,80,80,80,80,60,60,60,60,60,60,60,60],"card_choices":[{"not_picked":["Shockwave","Massacre+1"],"picked":"Searing Blow+1","floor":1.0},{"not_picked":["Defy Death","Dropkick+1","Replay:Undeath\u0027s Touch+1"],"picked":"SKIP","floor":4},{"not_picked":["ReplayTheSpireMod:??????????????????????","infinitespire:SealOfDarkness+"],"picked":"ReplayTheSpireMod:Chaos Vortex","floor":5},{"not_picked":["Run Through+1","Cleave+1","Wild Strike+1"],"picked":"SKIP","floor":10},{"not_picked":["Heavy Blade+1","Iron Wave+1","Clothesline+1"],"picked":"SKIP","floor":11},{"not_picked":["Anger+1","ReplayTheSpireMod:Strike From Hell+1","Flame Barrier"],"picked":"SKIP","floor":12},{"not_picked":["Cleave+1","Armaments","Warcry"],"picked":"SKIP","floor":13},{"not_picked":["Seeing Red","Warcry"],"picked":"Disarm","floor":14},{"not_picked":["Shockwave","Reckless Charge+1","Dark Embrace"],"picked":"SKIP","floor":18},{"not_picked":["Rage+1","Body Slam+1","Reckless Charge+1"],"picked":"SKIP","floor":20},{"not_picked":["Flex","Havoc+1","Run Through+1"],"picked":"SKIP","floor":21},{"not_picked":["Feel No Pain","Body Slam+1","Perfected Strike+1"],"picked":"SKIP","floor":22},{"not_picked":["Havoc+1","Uppercut+1","Anger+1"],"picked":"SKIP","floor":24},{"not_picked":["Wild Strike+1","infinitespire:OneForAll+1","Armaments"],"picked":"SKIP","floor":29},{"not_picked":["Searing Blow+1","ReplayTheSpireMod:Limb From Limb+1","Headbutt+1"],"picked":"SKIP","floor":31},{"not_picked":["Immolate+1","Double Tap"],"picked":"Berserk","floor":33},{"not_picked":["Entrench","Inflame","Body Slam+1"],"picked":"SKIP","floor":35},{"not_picked":["Anger+1","Run Through+1","ReplayTheSpireMod:Limb From Limb+1"],"picked":"SKIP","floor":36},{"not_picked":["ReplayTheSpireMod:Limb From Limb+1","Warcry","True Grit"],"picked":"SKIP","floor":38},{"not_picked":["Infernal Blade+1","Armaments+1","Offering"],"picked":"SKIP","floor":39},{"not_picked":["Clothesline+1","Life Link+1","Pommel Strike+1"],"picked":"SKIP","floor":40},{"not_picked":["Thunderclap+1","Sentinel+1","Perfected Strike+1"],"picked":"SKIP","floor":47},{"not_picked":["Headbutt+1","Impervious","Pummel+1"],"picked":"SKIP","floor":48}],"player_experience":704948,"relics_obtained":[{"floor":9,"key":"Dream Catcher"},{"floor":26,"key":"Mummified Hand"},{"floor":29,"key":"Orichalcum"},{"floor":40,"key":"Blood Vial"},{"floor":43,"key":"infinitespire:Lychee Nut"},{"floor":48,"key":"ReplayFunnel"}],"event_choices":[{"damage_healed":0,"gold_gain":0,"player_choice":"2 cards matched","damage_taken":0,"max_hp_gain":0,"max_hp_loss":0,"event_name":"Match and Keep!","floor":2,"gold_loss":0,"cards_obtained":["Metallicize","Exhume"]},{"damage_healed":0,"gold_gain":0,"player_choice":"Ignored","damage_taken":0,"max_hp_gain":0,"max_hp_loss":0,"event_name":"NoteForYourself","floor":7,"gold_loss":0},{"damage_healed":0,"gold_gain":0,"player_choice":"Ignored","damage_taken":0,"max_hp_gain":0,"max_hp_loss":0,"event_name":"Transmorgrifier","floor":19,"gold_loss":0},{"damage_healed":0,"gold_gain":0,"player_choice":"Simplicity","damage_taken":0,"max_hp_gain":0,"max_hp_loss":0,"event_name":"Back to Basics","floor":27,"gold_loss":0,"cards_upgraded":["Strike_R","Strike_R","Strike_R","Strike_R","Strike_R","Defend_R","Defend_R","Defend_R","Defend_R"]},{"damage_healed":0,"gold_gain":0,"player_choice":"Bought 0 Potions","damage_taken":0,"max_hp_gain":0,"max_hp_loss":0,"event_name":"The Woman in Blue","floor":37,"gold_loss":0},{"damage_healed":0,"gold_gain":0,"player_choice":"Embrace Madness","damage_taken":8,"max_hp_gain":0,"max_hp_loss":0,"event_name":"Winding Halls","floor":45,"gold_loss":0,"cards_obtained":["Madness","Madness"]}],"is_beta":false,"boss_relics":[{"not_picked":["Runic Cube","energizedSpire:MagnifyingGlass"],"picked":"energizedSpire:OgreHead"},{"not_picked":["energizedSpire:RedRose","Electric Blood"],"picked":"SacredBark"}],"items_purged_floors":[0,0,42],"is_endless":false,"potions_floor_spawned":[10,11,12,14,16,18,20,24,33,35,38,47],"ascension_level":0}}