{"host":"xkfvvb2eqyo6l3km","time":1612402338,"event":{"mods":["AchievementEnabler","AlwaysNeverKeys","BaseMod","Better Third Choice","BetterRewards","Block Reminder","Card Forge","Colored Map","Colored Powertips","DeckTracker","Energized Spire","Force Act Four","Hubris","Jorbs\u0027s Wanderer Trilogy","Minty Spire (QoL Compilation)","Permanent Neow","Quick Restart","Replay The Spire","Spicy Shops","StSLib","The Blackbeard","The Blue Laboratory","The Cursed","The Disciple","The Hierophant","The Necromancer","The Sage","The Valiant"],"gold_per_floor":[117,91,105,105,125,160,160,185,185,185,198,226,240,256,256,353,353,373,387,402,402,402,435,447,447,447,480,480,496,496,512,512,613,613,631,646,658,677,47,82,82,107,183,183,373,373,385,415,415,415,415,415,191,222,222],"floor_reached":56,"language":"ENG","playtime":2257,"items_purged":["Strike_R","Defend_R","Defend_R"],"score":1579,"play_id":"2152e149-2a8f-44e5-89cc-8009924f25e1","local_time":"20210203233218","is_ascension_mode":true,"campfire_choices":[{"data":"Shrug It Off","floor":7,"key":"SMITH"},{"data":"Berserk","floor":15,"key":"SMITH"},{"data":"Juggernaut","floor":28,"key":"SMITH"},{"data":"Disarm","floor":30,"key":"SMITH"},{"data":"Defend_R+1","floor":32,"key":"SMITH"},{"data":"Limit Break","floor":41,"key":"SMITH"},{"data":"Shrug It Off","floor":46,"key":"SMITH"},{"data":"Defend_R+2","floor":49,"key":"SMITH"},{"data":"Defend_R+3","floor":52,"key":"SMITH"}],"circlet_count":0,"master_deck":["Defend_R+2","Defend_R+5","Demon Form+1","Shrug It Off+1","Massacre+1","Clash+1","Thunderclap+1","Twin Strike+1","Berserk+1","Iron Wave+1","Heavy Blade+1","Disarm+1","Thunderclap+1","Juggernaut+1","Massacre+1","Anger+1","Clash+1","Bite+1","Bite+1","Bite+1","Bite+1","Bite+1","Carnage+1","Uppercut+1","Demon Form+1","Pommel Strike+1","Anger+1","Limit Break+1","Pommel Strike+1","Shrug It Off+1","Whirlwind+1","Iron Wave+1","Flame Barrier+1","Iron Wave+1","Disarm"],"relics":["Burning Blood","Hammer of Thor","Seething Fire","Anvil of the Gods","Incense Burner","Sling","Molten Egg 2","Question Card","Bird Faced Urn","HornCleat","Red Skull","Painkiller Herb","Simple Rune","Eternal Feather","Onion Ring","energizedSpire:RedRose","Oddly Smooth Stone","Potion Belt","hubris:DisguiseKit","hubris:IronBody","hubris:MysteriousPyramids","hubris:Icosahedron","ReplayTheSpireMod:Ninjato","Vajra","War Paint"],"acts_visited":["Exordium","TheCity","TheBeyond","TheEnding"],"potions_floor_usage":[1,6,23,27,55],"damage_taken":[{"damage":0,"enemies":"2 Louse","floor":1,"turns":2},{"damage":11,"enemies":"Jaw Worm","floor":3,"turns":2},{"damage":0,"enemies":"Cultist","floor":5,"turns":2},{"damage":1,"enemies":"3 Sentries","floor":6,"turns":3},{"damage":0,"enemies":"Lagavulin","floor":8,"turns":3},{"damage":0,"enemies":"3 Louse","floor":11,"turns":4},{"damage":9,"enemies":"3 Sentries","floor":12,"turns":4},{"damage":0,"enemies":"Blue Slaver","floor":13,"turns":3},{"damage":1,"enemies":"Red Slaver","floor":14,"turns":3},{"damage":0,"enemies":"Slime Boss","floor":16,"turns":5},{"damage":16,"enemies":"Chosen","floor":18,"turns":6},{"damage":14,"enemies":"Spheric Guardian","floor":19,"turns":4},{"damage":27,"enemies":"Snake Plant","floor":20,"turns":4},{"damage":0,"enemies":"Gremlin Leader","floor":23,"turns":4},{"damage":17,"enemies":"Centurion and Healer","floor":24,"turns":5},{"damage":12,"enemies":"Replay:Snechameleon","floor":27,"turns":4},{"damage":0,"enemies":"3 Cultists","floor":29,"turns":3},{"damage":0,"enemies":"Snake Plant","floor":31,"turns":2},{"damage":23,"enemies":"Automaton","floor":33,"turns":6},{"damage":8,"enemies":"3 Shapes","floor":35,"turns":1},{"damage":7,"enemies":"3 Darklings","floor":36,"turns":5},{"damage":8,"enemies":"Sphere and 2 Shapes","floor":37,"turns":4},{"damage":29,"enemies":"Writhing Mass","floor":38,"turns":4},{"damage":5,"enemies":"Reptomancer","floor":40,"turns":3},{"damage":18,"enemies":"Nemesis","floor":42,"turns":5},{"damage":8,"enemies":"Jaw Worm Horde","floor":47,"turns":2},{"damage":14,"enemies":"Giant Head","floor":48,"turns":4},{"damage":30,"enemies":"Time Eater","floor":50,"turns":8},{"damage":19,"enemies":"Shield and Spear","floor":54,"turns":4},{"damage":44,"enemies":"The Heart","floor":55,"turns":6}],"seed_played":"-4317345181963803501","potions_obtained":[{"floor":1,"key":"Fire Potion"},{"floor":6,"key":"blueLaboratory:ConflagurationPotion"},{"floor":8,"key":"blueLaboratory:TrueEctoplasm"},{"floor":11,"key":"blueLaboratory:HeartbeatPotion"},{"floor":18,"key":"Elixir"},{"floor":23,"key":"Energy Potion"},{"floor":31,"key":"blueLaboratory:EntrenchedPotion"},{"floor":42,"key":"blueLaboratory:TrueEctoplasm"}],"is_trial":false,"path_per_floor":["M","$","M","?","M","E","R","E","T","?","M","E","M","M","R","B",null,"?","?","?","?","?","E","?","?","T","E","T","?","T","?","T","B",null,"?","?","?","?","T","E","T","E","T","?","?","T","?","E","T","B",null,"T","T","E","B",null],"character_chosen":"IRONCLAD","items_purchased":["Demon Form","Sling","Molten Egg 2","Shrug It Off","blueLaboratory:FruitPunch","Clash+1","Oddly Smooth Stone","Potion Belt","Shrug It Off","Adrenaline Potion","Vajra","Iron Wave+1"],"campfire_rested":0,"item_purchase_floors":[0,0,0,0,0,2,39,39,39,39,53,53],"current_hp_per_floor":[53,53,48,48,54,59,59,65,65,65,73,74,82,83,83,83,83,76,72,57,57,47,63,63,63,63,63,63,63,63,63,63,51,63,61,63,63,42,42,51,63,58,58,58,58,60,58,60,60,45,60,60,60,55,29],"gold":222,"neow_bonus":"","is_daily":false,"chose_seed":false,"campfire_upgraded":9,"win_rate":0.0,"timestamp":1612402338,"path_taken":["M","$","M","?","M","E","R","E","T","?","M","E","M","?","R","BOSS","?","?","?","?","?","E","?","?","T","E","T","?","T","?","T","BOSS","?","?","?","?","T","E","T","E","T","?","?","T","?","E","T","BOSS","T","T","E","BOSS"],"items_purchased_type":["Card","Relic","Relic","Card","Potion","Card","Relic","Relic","Card","Potion","Relic","Card"],"build_version":"2020-12-22","purchased_purges":3,"victory":true,"max_hp_per_floor":[83,83,83,83,83,83,83,83,83,83,83,83,83,83,83,83,83,83,83,83,58,63,63,63,63,63,63,63,63,63,63,63,63,63,63,63,63,63,63,63,63,63,63,63,60,60,60,60,60,60,60,60,60,60,60],"card_choices":[{"not_picked":["Havoc","Cleave+1"],"picked":"Massacre+1","floor":1},{"not_picked":["Abandon","Twin Strike+1"],"picked":"Thunderclap+1","floor":3},{"not_picked":["Wild Strike+1","Sever Soul+1"],"picked":"Twin Strike+1","floor":5},{"not_picked":["True Grit","ReplayTheSpireMod:Strike From Hell+1","Sentinel"],"picked":"SKIP","floor":6},{"not_picked":["Clothesline+1","Life Link","Replay:Undeath\u0027s Touch+1"],"picked":"Berserk","floor":8},{"not_picked":["Searing Blow+1","hubris:SharpeningStone","Thunderclap+1"],"picked":"Iron Wave+1","floor":11},{"not_picked":["True Grit","Battle Trance","Reckless Charge+1"],"picked":"Heavy Blade+1","floor":12},{"not_picked":["True Grit","Clothesline+1","Warcry"],"picked":"Disarm","floor":13},{"not_picked":["Headbutt+1","Heavy Blade+1","Bloodletting"],"picked":"Thunderclap+1","floor":14},{"not_picked":["Corruption","Fiend Fire+1","Replay:Many Hands"],"picked":"Juggernaut","floor":16},{"not_picked":["Warcry","Battle Trance","Replay:Undeath\u0027s Touch+1"],"picked":"Massacre+1","floor":18},{"not_picked":["Iron Wave+1","Cleave+1","Sever Soul+1"],"picked":"Anger+1","floor":19},{"not_picked":["Battle Trance+1","Thunderclap+1","Twin Strike+1"],"picked":"Clash+1","floor":20},{"not_picked":["Evolve","Infernal Blade","Havoc"],"picked":"Carnage+1","floor":23},{"not_picked":["Perfected Strike+1","Thunderclap+1","Fiend Fire+1"],"picked":"Uppercut+1","floor":24},{"not_picked":["Dual Wield+1","Spot Weakness","Run Through+1","ReplayTheSpireMod:Corrosion Curse"],"picked":"SKIP","floor":27},{"not_picked":["Body Slam+1","Thunderclap+1","ReplayReversal"],"picked":"Pommel Strike+1","floor":29},{"not_picked":["Shrug It Off","Thunderclap+1","ReplayTheSpireMod:Strike From Hell+1"],"picked":"Anger+1","floor":31},{"not_picked":["Eclipse","Offering","Corruption"],"picked":"Limit Break","floor":33},{"not_picked":["Replay:Undeath\u0027s Touch+1","ReplayTheSpireMod:Strike From Hell+1","Clothesline+1","Wild Strike+1"],"picked":"SKIP","floor":35},{"not_picked":["Sword Boomerang+1","hubris:StunningStrike+1","Headbutt+1"],"picked":"Pommel Strike+1","floor":36},{"not_picked":["Fire Breathing+1","True Grit+1","Body Slam+1","Twin Strike+1"],"picked":"SKIP","floor":37},{"not_picked":["Warcry","Thunderclap+1","True Grit+1","Havoc+1"],"picked":"SKIP","floor":38},{"not_picked":["Wild Strike+1","Sword Boomerang+1","Headbutt+1","Second Wind+1"],"picked":"SKIP","floor":40},{"not_picked":["Warcry+1","ReplayTheSpireMod:Strike From Hell+1","Run Through+1","Epidemic"],"picked":"Whirlwind+1","floor":42},{"not_picked":["Uppercut+1","Replay:Many Hands","Thunderclap+1","Bones_to_Steel"],"picked":"Iron Wave+1","floor":45},{"not_picked":["Shrug It Off+1","Wild Strike+1","Heavy Blade+1","Plague_Bolt"],"picked":"Flame Barrier+1","floor":47},{"not_picked":["Bloodletting","Offering","ReplayTheSpireMod:Strike From Hell+1","Uppercut+1","Summon_Lich"],"picked":"SKIP","floor":48},{"not_picked":["Life Link+1","Infernal Blade","Seeing Red+1","Blood_Wake"],"picked":"Disarm","floor":54}],"player_experience":298140,"relics_obtained":[{"floor":6,"key":"Question Card"},{"floor":8,"key":"Bird Faced Urn"},{"floor":9,"key":"HornCleat"},{"floor":12,"key":"Red Skull"},{"floor":23,"key":"Simple Rune"},{"floor":26,"key":"Eternal Feather"},{"floor":27,"key":"Onion Ring"},{"floor":40,"key":"hubris:DisguiseKit"},{"floor":42,"key":"hubris:IronBody"},{"floor":43,"key":"hubris:MysteriousPyramids"},{"floor":48,"key":"ReplayTheSpireMod:Ninjato"},{"floor":54,"key":"War Paint"}],"event_choices":[{"cards_removed":["Bash"],"damage_healed":0,"gold_gain":0,"player_choice":"Forget","damage_taken":0,"max_hp_gain":0,"max_hp_loss":0,"event_name":"Living Wall","floor":4,"gold_loss":0},{"damage_healed":0,"gold_gain":0,"player_choice":"Ignored","damage_taken":0,"max_hp_gain":0,"max_hp_loss":0,"event_name":"Transmorgrifier","floor":10,"gold_loss":0},{"damage_healed":0,"gold_gain":0,"player_choice":"Became a vampire","damage_taken":0,"max_hp_gain":0,"max_hp_loss":25,"event_name":"Vampires","floor":21,"gold_loss":0,"cards_obtained":["Bite","Bite","Bite","Bite","Bite"]},{"damage_healed":0,"gold_gain":0,"player_choice":"Shed Blood","damage_taken":15,"max_hp_gain":5,"max_hp_loss":0,"event_name":"Forgotten Altar","floor":22,"gold_loss":0},{"damage_healed":0,"gold_gain":0,"player_choice":"Copied","damage_taken":0,"max_hp_gain":0,"max_hp_loss":0,"event_name":"Duplicator","floor":25,"gold_loss":0,"cards_obtained":["Demon Form"]}],"is_beta":false,"boss_relics":[{"not_picked":["Runic Cube","energizedSpire:EnergizedDie"],"picked":"Painkiller Herb"},{"not_picked":["Honey Jar","Pandora\u0027s Box"],"picked":"energizedSpire:RedRose"}],"items_purged_floors":[0,39,39],"is_endless":false,"potions_floor_spawned":[1,6,8,11,16,18,23,31,33,36,38,42,47,54],"ascension_level":1}}