{"host":"2i1rjl87isetstuj","time":1612443041,"event":{"mods":["BaseMod","Better Vampires","Challenge The Spire","Lobotomy","LobotomyExtend","Marked Mod","Minty Spire (QoL Compilation)","Quick Restart","Shop Mod","StSLib","Waifu the Spire","óô»ðÖ¸ÄÏ"],"gold_per_floor":[116,127,127,143,68,68,97,97,122,122,138,151,151,151,151,248,248,248,50,50,50,63,98,115,115,165,191,201,201,230,242,92,197,197,213,34,34,50,65,99,110,139,139,157,6,6,6],"floor_reached":46,"language":"ZHS","playtime":2489,"items_purged":["Strike_R","ShyLook"],"score":748,"play_id":"b46c4ea8-9a24-44ab-bd34-81df57d45de7","local_time":"20210204205041","is_ascension_mode":true,"campfire_choices":[{"data":"Flex","floor":6,"key":"SMITH"},{"floor":8,"key":"RECALL"},{"floor":15,"key":"REST"},{"floor":25,"key":"REST"},{"data":"Feed","floor":29,"key":"SMITH"}],"circlet_count":0,"master_deck":["Strike_R+1","Strike_R","Bash","BigBadWolf","Flex+1","BeautyBeast","Anger","Bash","Perfected Strike+1","SilentOrchestra","Power Through","Perfected Strike+1","OSAHOGD","CurseOfTheBell","Inflame","Twin Strike","LaLuna","Mercenary","Thunderclap","Feed+1","LongBird","Scarecrow","Shrug It Off+1","BlackArmy","Pommel Strike+1","SingingMachine","Brutality","MeltingLove","Intimidate","Apotheosis","Rupture","Porccubus","RedShoes","Limit Break","SnowQueen","Immolate","Heavy Blade+1","Pommel Strike+1","CENSORED","DespairKnight","Parasite","Parasite","Parasite","Parasite","Parasite","Parasite","Parasite"],"relics":["Burning Blood","CogitoBucket","LetterFromLob","Pen Nib","BackwardClock","Bronze Scales","Calling Bell","Tiny Chest","StrikeDummy","TungstenRod","Moonlight_r","PreservedInsect","AdjustmentMirror","Nunchaku","Orichalcum","InkBottle","ClockworkSouvenir","Mark of Pain","AtMidnight","TreeSap","Happy Flower","Sundial","Singing Bowl","Bag of Marbles","ShedSkin_r","ShedSkin_r"],"acts_visited":["Exordium","TheCity","TheBeyond"],"potions_floor_usage":[7,7,16,30,30],"damage_taken":[{"damage":7,"enemies":"2 Louse","floor":1,"turns":2},{"damage":22,"enemies":"Cultist","floor":2,"turns":5},{"damage":11,"enemies":"Jaw Worm","floor":4,"turns":3},{"damage":6,"enemies":"Gremlin Nob","floor":7,"turns":3},{"damage":14,"enemies":"Exordium Wildlife","floor":10,"turns":4},{"damage":24,"enemies":"Blue Slaver","floor":11,"turns":4},{"damage":14,"enemies":"Looter","floor":12,"turns":3},{"damage":18,"enemies":"The Guardian","floor":16,"turns":7},{"damage":13,"enemies":"Shell Parasite","floor":22,"turns":4},{"damage":35,"enemies":"Slavers","floor":23,"turns":4},{"damage":33,"enemies":"3 Byrds","floor":24,"turns":4},{"damage":0,"enemies":"3 Cultists","floor":28,"turns":3},{"damage":9,"enemies":"Gremlin Leader","floor":30,"turns":2},{"damage":13,"enemies":"Sentry and Sphere","floor":31,"turns":4},{"damage":20,"enemies":"Automaton","floor":33,"turns":6},{"damage":24,"enemies":"3 Darklings","floor":35,"turns":5},{"damage":3,"enemies":"Orb Walker","floor":37,"turns":2},{"damage":16,"enemies":"Spire Growth","floor":38,"turns":4},{"damage":42,"enemies":"Maw","floor":39,"turns":6},{"damage":12,"enemies":"Giant Head","floor":40,"turns":5},{"damage":9,"enemies":"3 Darklings","floor":41,"turns":4},{"damage":14,"enemies":"Nemesis","floor":42,"turns":3},{"damage":3,"enemies":"Jaw Worm Horde","floor":44,"turns":3},{"damage":55,"enemies":"Jaw Worm Horde","floor":46,"turns":2}],"seed_played":"315822279989595178","potions_obtained":[{"floor":1,"key":"Explosive Potion"},{"floor":4,"key":"Fire Potion"},{"floor":12,"key":"LiquidMemories"},{"floor":16,"key":"Explosive Potion"},{"floor":23,"key":"ColorlessPotion"},{"floor":33,"key":"BloodPotion"},{"floor":35,"key":"SteroidPotion"},{"floor":37,"key":"Swift Potion"}],"is_trial":false,"path_per_floor":["M","M","?","M","$","R","E","R","T","M","M","M","?","T","R","B",null,"M","$","?","?","M","E","M","R","T","T","M","R","E","M","R","B",null,"M","$","M","M","M","E","M","E","T","M","R","?"],"character_chosen":"IRONCLAD","items_purchased":["Inflame","Twin Strike","ClockworkSouvenir","Apotheosis","Bag of Marbles"],"campfire_rested":2,"item_purchase_floors":[19,19,32,36,45],"current_hp_per_floor":[79,63,63,58,58,58,58,58,58,50,32,24,8,8,32,20,80,55,55,55,71,64,35,8,32,32,32,41,41,46,52,52,45,84,72,72,79,75,50,50,58,50,50,65,65,0,0],"gold":6,"neow_bonus":"","is_daily":false,"chose_seed":false,"campfire_upgraded":2,"win_rate":0.0,"timestamp":1612443041,"path_taken":["M","M","?","M","$","R","E","R","T","?","M","M","?","?","R","BOSS","M","$","?","?","M","E","?","R","T","?","M","R","E","M","R","BOSS","M","$","M","M","M","E","M","E","T","M","R","?"],"items_purchased_type":["Card","Card","Relic","Card","Relic"],"build_version":"2020-12-22","purchased_purges":2,"victory":false,"max_hp_per_floor":[80,80,80,80,80,80,80,80,80,80,80,80,80,80,80,80,80,80,80,80,80,80,80,80,80,80,80,83,83,87,84,84,84,84,88,88,88,88,88,88,88,88,88,94,94,94,94],"card_choices":[{"not_picked":["MHz","ShyLook","DreamingCurrent"],"picked":"Singing Bowl","floor":1},{"not_picked":["Bloodbath","SpiderBud"],"picked":"BigBadWolf","floor":1},{"not_picked":["Warcry","Ghostly Armor"],"picked":"Flex","floor":1},{"not_picked":["NakedNest","PunishingBird"],"picked":"BeautyBeast","floor":2},{"not_picked":["Havoc","Iron Wave"],"picked":"Anger","floor":2},{"not_picked":["VoidDream","CherryBlossoms"],"picked":"ShyLook","floor":4},{"not_picked":["Sentinel","Havoc"],"picked":"Perfected Strike","floor":4},{"not_picked":["CherryBlossoms","SpiderBud","MeatLantern"],"picked":"Singing Bowl","floor":7},{"not_picked":["MHz","WallGazer"],"picked":"SilentOrchestra","floor":7},{"not_picked":["Heavy Blade","Ghostly Armor"],"picked":"Power Through","floor":7},{"not_picked":["MeatLantern","LittlePrince","VoidDream"],"picked":"Singing Bowl","floor":10},{"not_picked":["Warcry","Anger","Evolve"],"picked":"SKIP","floor":10},{"not_picked":["Battle Trance","Wild Strike"],"picked":"Armaments","floor":11},{"not_picked":["OSAHOGD","FairyFestival","DespairKnight"],"picked":"Singing Bowl","floor":11},{"not_picked":["Wellcheers","SpiderBud","MeatLantern"],"picked":"Singing Bowl","floor":12},{"not_picked":["Heavy Blade","Juggernaut"],"picked":"Perfected Strike","floor":12},{"not_picked":["OSAHOGD","Alriune","BigBird"],"picked":"Singing Bowl","floor":16},{"not_picked":["OldLady","GalaxyChild"],"picked":"OSAHOGD","floor":16},{"not_picked":["Offering","Barricade"],"picked":"Immolate","floor":16},{"not_picked":["Variant","LongBird"],"picked":"LaLuna","floor":22},{"not_picked":["Clash","Uppercut","Shrug It Off"],"picked":"SKIP","floor":22},{"not_picked":["MeatLantern","MHz"],"picked":"Mercenary","floor":23},{"not_picked":["Blood for Blood","Heavy Blade"],"picked":"Thunderclap","floor":23},{"not_picked":["Dark Embrace+1","Flex+1"],"picked":"Feed","floor":24},{"not_picked":["FieryBird","CrumblingArmor"],"picked":"LongBird","floor":24},{"not_picked":["BigBird","DespairKnight"],"picked":"Scarecrow","floor":28},{"not_picked":["Evolve","True Grit"],"picked":"Shrug It Off+1","floor":28},{"not_picked":["UniverseFragment","Funeral"],"picked":"BlackArmy","floor":30},{"not_picked":["Sword Boomerang","Blood for Blood"],"picked":"Pommel Strike+1","floor":30},{"not_picked":["UniverseFragment","HeroicMonk","Bloodbath"],"picked":"Singing Bowl","floor":31},{"not_picked":["Warcry","Pommel Strike","Anger"],"picked":"SKIP","floor":31},{"not_picked":["Warcry","Pommel Strike","Anger"],"picked":"SKIP","floor":31},{"not_picked":["PunishingBird","MHz"],"picked":"SingingMachine","floor":33},{"not_picked":["Demon Form","Barricade"],"picked":"Brutality","floor":33},{"not_picked":["WallGazer","MeatLantern"],"picked":"MeltingLove","floor":35},{"not_picked":["Battle Trance+1","Flex"],"picked":"Intimidate","floor":35},{"not_picked":["QueenBee","HappyTeddy","CrumblingArmor"],"picked":"Singing Bowl","floor":37},{"not_picked":["Infernal Blade+1","Dual Wield+1"],"picked":"Rupture+1","floor":37},{"not_picked":["Blood for Blood","Armaments"],"picked":"Rupture","floor":38},{"not_picked":["GreedKing","Bloodbath"],"picked":"Porccubus","floor":38},{"not_picked":["LittleHelper","SpiderBud"],"picked":"RedShoes","floor":39},{"not_picked":["Body Slam+1","Iron Wave"],"picked":"Limit Break","floor":39},{"not_picked":["SpiderBud","GreedKing"],"picked":"SnowQueen","floor":40},{"not_picked":["Body Slam","Metallicize+1"],"picked":"Immolate","floor":40},{"not_picked":["UniverseFragment","WallGazer","PunishingBird"],"picked":"Singing Bowl","floor":41},{"not_picked":["Spot Weakness+1","Body Slam+1"],"picked":"Heavy Blade+1","floor":41},{"not_picked":["Clash+1","Disarm"],"picked":"Pommel Strike+1","floor":42},{"not_picked":["UniverseFragment","QueenBee"],"picked":"CENSORED","floor":42},{"not_picked":["MHz","BlackSwan","SpiderBud"],"picked":"Singing Bowl","floor":44},{"not_picked":["QueenOfHatred","WallGazer"],"picked":"DespairKnight","floor":44},{"not_picked":["Wild Strike","Fire Breathing","Fiend Fire"],"picked":"Singing Bowl","floor":44}],"player_experience":121799,"relics_obtained":[{"floor":1,"key":"LetterFromLob"},{"floor":7,"key":"Pen Nib"},{"floor":14,"key":"Bronze Scales"},{"floor":17,"key":"Tiny Chest"},{"floor":17,"key":"StrikeDummy"},{"floor":17,"key":"TungstenRod"},{"floor":23,"key":"PreservedInsect"},{"floor":26,"key":"Nunchaku"},{"floor":27,"key":"Orichalcum"},{"floor":30,"key":"InkBottle"},{"floor":35,"key":"AtMidnight"},{"floor":40,"key":"Happy Flower"},{"floor":42,"key":"Sundial"},{"floor":43,"key":"Singing Bowl"}],"event_choices":[{"damage_healed":0,"gold_gain":0,"player_choice":"1 cards matched","damage_taken":0,"max_hp_gain":0,"max_hp_loss":0,"event_name":"Match and Keep!","floor":3,"gold_loss":0,"cards_obtained":["Bash"]},{"damage_healed":0,"gold_gain":0,"player_choice":"Entered Light","damage_taken":16,"max_hp_gain":0,"max_hp_loss":0,"event_name":"Shining Light","floor":13,"gold_loss":0,"cards_upgraded":["Armaments","Perfected Strike"]},{"damage_healed":0,"gold_gain":0,"player_choice":"Ignored","damage_taken":0,"max_hp_gain":0,"max_hp_loss":0,"event_name":"Ghosts","floor":20,"gold_loss":0}],"is_beta":false,"boss_relics":[{"not_picked":["Busted Crown","Astrolabe"],"picked":"Calling Bell"},{"not_picked":["Empty Cage","Snecko Eye"],"picked":"Mark of Pain"}],"items_purged_floors":[5,19],"is_endless":false,"potions_floor_spawned":[1,4,12,16,23,24,33,35,37,38,42],"killed_by":"Jaw Worm Horde","ascension_level":1}}