{"host":"2se5dq1do2gp0x9k","time":1612412913,"event":{"mods":["AchievementEnabler","BaseMod","Block Reminder","Colored Map","Colored Powertips","Minty Spire (QoL Compilation)","Relic Stats","StSLib","SuperFastMode"],"gold_per_floor":[119,137,156,168,182,207,207,235,289,289,318,333,343,343,343],"floor_reached":14,"language":"ENG","playtime":410,"items_purged":[],"score":228,"play_id":"b351ef3a-e31e-4d4d-8e3b-df42b6e542ca","local_time":"20210203202833","is_ascension_mode":true,"campfire_choices":[{"data":"Doom and Gloom","floor":7,"key":"SMITH"},{"floor":10,"key":"REST"}],"circlet_count":0,"master_deck":["AscendersBane","Strike_B","Strike_B","Strike_B+1","Strike_B","Defend_B","Defend_B","Defend_B","Defend_B","Zap","Dualcast","Gash+1","Ball Lightning","Doom and Gloom+1","Compile Driver","Conserve Battery","Go for the Eyes","Reinforced Body","Turbo","Conserve Battery","Multi-Cast"],"relics":["Cracked Core","NeowsBlessing","Whetstone","Pantograph","Oddly Smooth Stone","White Beast Statue"],"acts_visited":["Exordium"],"potions_floor_usage":[6,11,14,14],"damage_taken":[{"damage":0,"enemies":"Cultist","floor":1,"turns":1},{"damage":0,"enemies":"2 Louse","floor":2,"turns":1},{"damage":0,"enemies":"Jaw Worm","floor":3,"turns":1},{"damage":2,"enemies":"2 Fungi Beasts","floor":4,"turns":3},{"damage":14,"enemies":"Red Slaver","floor":5,"turns":3},{"damage":8,"enemies":"Gremlin Nob","floor":6,"turns":3},{"damage":28,"enemies":"3 Sentries","floor":8,"turns":5},{"damage":23,"enemies":"Lagavulin","floor":11,"turns":6},{"damage":15,"enemies":"Gremlin Gang","floor":12,"turns":3},{"damage":6,"enemies":"Lots of Slimes","floor":13,"turns":3},{"damage":11,"enemies":"Gremlin Nob","floor":14,"turns":2}],"seed_played":"3935850612050970840","potions_obtained":[{"floor":2,"key":"SkillPotion"},{"floor":4,"key":"Regen Potion"},{"floor":5,"key":"LiquidMemories"},{"floor":11,"key":"Energy Potion"},{"floor":12,"key":"FearPotion"},{"floor":13,"key":"SteroidPotion"}],"is_trial":false,"path_per_floor":["M","M","M","M","M","E","R","E","T","R","E","M","M","E"],"character_chosen":"DEFECT","items_purchased":[],"campfire_rested":1,"item_purchase_floors":[],"current_hp_per_floor":[64,64,64,62,48,40,40,12,12,33,25,10,4,0,0],"gold":343,"neow_bonus":"THREE_ENEMY_KILL","is_daily":false,"chose_seed":false,"campfire_upgraded":1,"win_rate":0.0,"timestamp":1612412913,"path_taken":["M","M","M","M","M","E","R","E","T","R","E","?","M","E"],"items_purchased_type":[],"build_version":"2020-12-22","purchased_purges":0,"victory":false,"max_hp_per_floor":[71,71,71,71,71,71,71,71,71,71,71,71,71,71,71],"relic_stats":{"counters":[11,31],"Pantograph":0,"Whetstone":["Strike_B","Gash"],"obtain_stats":[{"NeowsBlessing":0,"Pantograph":8,"Oddly Smooth Stone":9,"Whetstone":6,"Cracked Core":0,"White Beast Statue":11},{"NeowsBlessing":0,"Pantograph":7,"Oddly Smooth Stone":7,"Whetstone":6,"Cracked Core":0,"White Beast Statue":8},{"NeowsBlessing":0,"Pantograph":17,"Oddly Smooth Stone":17,"Whetstone":12,"Cracked Core":0,"White Beast Statue":23}]},"card_choices":[{"not_picked":["Turbo","Leap"],"picked":"Gash","floor":1},{"not_picked":["Steam","Stack"],"picked":"Ball Lightning","floor":2},{"not_picked":["Creative AI","Ball Lightning"],"picked":"Doom and Gloom","floor":3},{"not_picked":["Barrage","Consume"],"picked":"Compile Driver","floor":4},{"not_picked":["Turbo","White Noise"],"picked":"Conserve Battery","floor":5},{"not_picked":["Coolheaded","Compile Driver"],"picked":"Go for the Eyes","floor":6},{"not_picked":["Capacitor","Conserve Battery"],"picked":"Reinforced Body","floor":8},{"not_picked":["Compile Driver","Self Repair"],"picked":"Turbo","floor":11},{"not_picked":["Glacier","Coolheaded"],"picked":"Conserve Battery","floor":12},{"not_picked":["Turbo","Barrage"],"picked":"Multi-Cast","floor":13}],"player_experience":4061705,"relics_obtained":[{"floor":6,"key":"Whetstone"},{"floor":8,"key":"Pantograph"},{"floor":9,"key":"Oddly Smooth Stone"},{"floor":11,"key":"White Beast Statue"}],"event_choices":[],"is_beta":false,"boss_relics":[],"items_purged_floors":[],"is_endless":false,"potions_floor_spawned":[2,4,5,11,12,13],"killed_by":"Gremlin Nob","ascension_level":20}}