{"host":"dscols65uipasqd2","time":1612410089,"event":{"mods":["2.2 Compatiblity","AchievementEnabler","Aspiration","BaseMod","Colored Powertips","Downfall","Energized Spire","GifTheSpireLib","Hermit","Hubris","Infinite Spire","JesterMod","Jorbs\u0027s Wanderer Trilogy","Marisa????????","Minty Spire (QoL Compilation)","Rare Cards Sparkle","Replay The Spire","StSLib","Stuff the Spire","The Cursed","The Disciple","The Hierophant","The Judge","The Jungle","The Runesmith","TheFirefly"],"gold_per_floor":[99,113,113,113,127,25,98,130,130,145,163,438,238,257,271,374,374,374,388,388,403,413,313,339,339,339,352,352,364,380,408,408,408,408],"floor_reached":32,"language":"ENG","playtime":1399,"items_purged":[],"score":290,"play_id":"05a51216-d6b4-4096-9148-8d6a62807496","local_time":"20210203224129","is_ascension_mode":true,"campfire_choices":[{"data":"bronze:RecursiveStrike","floor":1,"key":"SMITH"},{"floor":13,"key":"REST"},{"floor":18,"key":"RECALL"},{"floor":23,"key":"REST"},{"floor":25,"key":"REST"}],"circlet_count":0,"master_deck":["bronze:Strike","bronze:Strike","bronze:Strike","bronze:Strike","bronze:Defend","bronze:Defend","bronze:Defend","bronze:Defend","bronze:Replicate","bronze:Goto","bronze:RecursiveStrike+1","bronze:Iterate","bronze:Terminator","bronze:Separator","bronze:FineTuning+1","bronze:Separator","bronze:Optimize","bronze:Frontload","bronze:Branch","bronze:DelayedGuard","Regret","bronze:WhirlingStrike","bronze:DelayedSlice","bronze:CleanCode","bronze:Repulsor+1","bronze:NullPointer+1","bronze:GetLatest","bronze:HardenedForm","bronze:Constructor+1","bronze:ClassDefault","bronze:ChosenStrike"],"relics":["bronze:BronzeCore","bronze:BottledCode","Pondfish Scales","downfall:HeartBlessingGreen","downfall:HeartBlessingBlue","Honey Jar","aspiration:RitualStick","downfall:HeartBlessingRed","Oddly Smooth Stone","downfall:KnowingSkull","Orichalcum"],"acts_visited":["Exordium","TheCity"],"potions_floor_usage":[22,22,22],"damage_taken":[{"damage":6,"enemies":"2 Louse","floor":2,"turns":2},{"damage":7,"enemies":"Jaw Worm","floor":5,"turns":2},{"damage":10,"enemies":"downfall:FleeingMerchant","floor":6,"turns":4},{"damage":16,"enemies":"Gremlin Nob","floor":8,"turns":3},{"damage":0,"enemies":"Cultist","floor":9,"turns":1},{"damage":1,"enemies":"Large Slime","floor":10,"turns":5},{"damage":5,"enemies":"2 Fungi Beasts","floor":11,"turns":2},{"damage":0,"enemies":"Blue Slaver","floor":14,"turns":1},{"damage":9,"enemies":"Lots of Slimes","floor":15,"turns":4},{"damage":6,"enemies":"SI_SHIV_ARCHETYPE","floor":16,"turns":6},{"damage":8,"enemies":"Chosen","floor":19,"turns":3},{"damage":6,"enemies":"3 Byrds","floor":21,"turns":4},{"damage":21,"enemies":"Snake Plant","floor":22,"turns":4},{"damage":3,"enemies":"Shelled Parasite and Fungi","floor":27,"turns":2},{"damage":17,"enemies":"Sentry and Sphere","floor":29,"turns":4},{"damage":17,"enemies":"Cultist and Chosen","floor":30,"turns":5},{"damage":16,"enemies":"Book of Stabbing","floor":31,"turns":3},{"damage":11,"enemies":"Centurion and Healer","floor":32,"turns":1}],"seed_played":"4278254337787209456","potions_obtained":[{"floor":2,"key":"Elixir"},{"floor":8,"key":"SteroidPotion"},{"floor":10,"key":"bronze:FreeFunctionsPotion"},{"floor":15,"key":"sneckomod:MuddlingPotion"},{"floor":16,"key":"LiquidMemories"},{"floor":19,"key":"Adrenaline Potion"},{"floor":29,"key":"Elixir"}],"is_trial":false,"path_per_floor":["R","M","?","?","M","$","T","E","M","M","M","?","R","M","M","B",null,"R","M","?","M","M","R","T","R","?","M","?","M","M","E","M"],"character_chosen":"THE_AUTOMATON","items_purchased":["bronze:FineTuning+1","bronze:Separator"],"campfire_rested":3,"item_purchase_floors":[6,6],"current_hp_per_floor":[70,64,60,60,53,43,43,27,27,26,21,21,52,52,43,37,70,70,62,48,42,21,42,42,63,63,60,53,36,19,3,0,0,0],"gold":408,"neow_bonus":"ONE_RANDOM_RARE_CARD","is_daily":false,"chose_seed":false,"campfire_upgraded":1,"win_rate":0.0,"timestamp":1612410089,"path_taken":["R","M","?","?","M","?","T","E","M","M","?","?","R","?","M","BOSS","R","M","?","M","M","R","T","R","?","M","?","M","M","E","M"],"items_purchased_type":["Card","Card"],"build_version":"2020-12-22","purchased_purges":0,"victory":false,"max_hp_per_floor":[70,70,60,60,60,60,60,60,60,60,60,60,70,70,70,70,70,70,70,70,70,70,70,70,70,70,70,70,70,70,70,70,70,70],"card_choices":[{"not_picked":["bronze:GetLatest","bronze:Overheat"],"picked":"bronze:Iterate","floor":2},{"not_picked":["bronze:Iterate","bronze:Branch"],"picked":"bronze:Terminator","floor":5},{"not_picked":["bronze:Overload","bronze:Optimize"],"picked":"bronze:Separator","floor":6},{"not_picked":["bronze:BitShift","bronze:WildBeam"],"picked":"bronze:Optimize","floor":8},{"not_picked":["bronze:DigitalCarnage","bronze:Turbo"],"picked":"bronze:Frontload","floor":9},{"not_picked":["bronze:Terminator","bronze:Separator"],"picked":"bronze:Branch","floor":10},{"not_picked":["bronze:BronzeArmor","bronze:MaxOutput"],"picked":"bronze:DelayedGuard","floor":11},{"not_picked":["bronze:Iterate","bronze:CloningBeam"],"picked":"bronze:WhirlingStrike","floor":14},{"not_picked":["bronze:Separator","bronze:Frontload"],"picked":"bronze:DelayedSlice","floor":15},{"not_picked":["bronze:Mutator","bronze:InfiniteLoop"],"picked":"bronze:CleanCode","floor":16},{"not_picked":["bronze:Separator","bronze:Constructor","bronze:DelayedGuard+1"],"picked":"bronze:Repulsor+1","floor":19},{"not_picked":["bronze:ForceShield","bronze:WildBeam+1","bronze:Constructor"],"picked":"bronze:NullPointer+1","floor":21},{"not_picked":["bronze:BronzeArmor+1","bronze:BugBarrage+1","bronze:Branch"],"picked":"bronze:GetLatest","floor":22},{"not_picked":["bronze:Turbo","bronze:BuggyMess","bronze:Invalidate"],"picked":"bronze:HardenedForm","floor":27},{"not_picked":["bronze:Iterate","bronze:Repair","bronze:DelayedSlice+1"],"picked":"bronze:Constructor+1","floor":29},{"not_picked":["bronze:ChildClass","bronze:Constructor+1","bronze:Virus"],"picked":"bronze:ClassDefault","floor":30},{"not_picked":["bronze:Constructor","bronze:FineTuning","bronze:CutThrough"],"picked":"bronze:ChosenStrike","floor":31}],"player_experience":577647,"relics_obtained":[{"floor":8,"key":"Pondfish Scales"},{"floor":24,"key":"Oddly Smooth Stone"},{"floor":31,"key":"Orichalcum"}],"event_choices":[],"is_beta":false,"boss_relics":[{"not_picked":["Kintsugi","hubris:TerracottaHorce"],"picked":"Honey Jar"}],"items_purged_floors":[],"is_endless":false,"potions_floor_spawned":[2,8,10,15,16,19,29],"killed_by":"Centurion and Healer","ascension_level":2}}