{"host":"rpu0b34yn88n8zeb","time":1612423951,"event":{"mods":["Act Like it!","BaseMod","CapriCore","Chen","Colored Powertips","Defuse TimeMaze Blight","Koishi","Marisa£®ÏF”Í°°ƒß¿Ì…≥£©","Minty Spire (QoL Compilation)","Prisma Mod","Quick Restart","Reimu£®≤©¿ˆ¡È√Œ£©","Shop Mod","Spicy Shops","StSLib","The Immortal","The Servant 0.9.4","Yakumo Yukari mod","Youmu£®ªÍ∆«—˝√Œ£©"],"gold_per_floor":[114,114,126,137,155,186,186,251,251,266,16,16,36,53,53,152,152,169,187,187,205,205,237,237,262,287,311,311,351,386,398,410,529,541,578,615,654,675,746,794,806,818,857,905,917,917],"floor_reached":45,"language":"ZHS","playtime":2690,"items_purged":[],"score":617,"play_id":"b04e6576-a830-4f46-a314-8f9b32c8295e","local_time":"20210204003231","is_ascension_mode":false,"campfire_choices":[{"data":"PrismaMod:ChloeCheapDefend","floor":7,"key":"SMITH"},{"data":"PrismaMod:ChloeCaladbolg","floor":12,"key":"SMITH"},{"data":"PrismaMod:ChloeBetterTracePools","floor":15,"key":"SMITH"},{"data":"PrismaMod:ChloeAnyUncommonTrace","floor":24,"key":"SMITH"},{"floor":32,"key":"REST"},{"floor":41,"key":"REST"},{"data":"PrismaMod:ChloeCheapDefend","floor":42,"key":"SMITH"}],"circlet_count":0,"master_deck":["PrismaMod:ChloeCommonAttack","PrismaMod:ChloeCommonAttack","PrismaMod:ChloeCommonAttack","PrismaMod:ChloeCommonAttack","PrismaMod:ChloeCommonAttack","PrismaMod:ChloeCommonDefend","PrismaMod:ChloeCommonDefend","PrismaMod:ChloeCommonDefend","PrismaMod:ChloeCommonDefend","PrismaMod:ChloeCommonDefend","PrismaMod:ChloeCheapAttack+1","PrismaMod:ChloeCheapDefend+1","PrismaMod:ChloeCheapAttack","PrismaMod:ChloeChristmas","PrismaMod:ChloeCaladbolg+1","PrismaMod:ChloeCheapDefend+1","PrismaMod:ChloeGaeBolg","PrismaMod:ChloeCheapDefend+1","PrismaMod:ChloeCheapAttack+1","PrismaMod:ChloeDevil+","PrismaMod:ChloeBetterTracePools+1","PrismaMod:ChloeAnyUncommonTrace+1","PrismaMod:ChloeCheapAttackTwo+1","PrismaMod:ChloeEyeOfTheEuryale+1","PrismaMod:ChloeRuleBreaker+1","PrismaMod:ChloeCheapDefendTwo+1","PrismaMod:ChloeCheapDefend+1","PrismaMod:ChloeExcalibur+1","PrismaMod:ChloeDevil+","PrismaMod:ChloeExhaustTwo+1","PrismaMod:ChloeEyeOfTheEuryale+1","PrismaMod:ChloeCarnivalDefend","Flash of Steel+1","PrismaMod:ChloeCaladbolg+1","PrismaMod:ChloeExhaustOne+1","PrismaMod:ChloeCheapAttackTwo+1"],"relics":["PrismaMod:PrismaTraceOn","Nunchaku","White Beast Statue","Molten Egg 2","PreservedInsect","SlaversCollar","MutagenicStrength","CeramicFish","Happy Flower","Centennial Puzzle","MawBank","Philosopher\u0027s Stone","WingedGreaves","Darkstone Periapt","Juzu Bracelet","Bottled Flame"],"acts_visited":["Exordium","TheCity","TheBeyond"],"potions_floor_usage":[23,23,27,33,36,39,40,45,45],"damage_taken":[{"damage":0,"enemies":"Jaw Worm","floor":1,"turns":4},{"damage":0,"enemies":"Cultist","floor":3,"turns":2},{"damage":0,"enemies":"2 Louse","floor":4,"turns":2},{"damage":0,"enemies":"Exordium Wildlife","floor":5,"turns":3},{"damage":6,"enemies":"Lagavulin","floor":6,"turns":9},{"damage":8,"enemies":"Gremlin Nob","floor":8,"turns":3},{"damage":2,"enemies":"2 Fungi Beasts","floor":10,"turns":4},{"damage":3,"enemies":"Lots of Slimes","floor":13,"turns":2},{"damage":8,"enemies":"Large Slime","floor":14,"turns":4},{"damage":28,"enemies":"The Guardian","floor":16,"turns":12},{"damage":4,"enemies":"3 Byrds","floor":18,"turns":5},{"damage":0,"enemies":"Chosen","floor":19,"turns":3},{"damage":15,"enemies":"Snecko","floor":21,"turns":6},{"damage":14,"enemies":"Book of Stabbing","floor":23,"turns":3},{"damage":22,"enemies":"Snake Plant","floor":25,"turns":4},{"damage":9,"enemies":"Centurion and Healer","floor":27,"turns":6},{"damage":9,"enemies":"Slavers","floor":29,"turns":2},{"damage":19,"enemies":"Shelled Parasite and Fungi","floor":30,"turns":5},{"damage":36,"enemies":"Automaton","floor":33,"turns":9},{"damage":0,"enemies":"Orb Walker","floor":35,"turns":3},{"damage":15,"enemies":"3 Darklings","floor":36,"turns":4},{"damage":6,"enemies":"4 Shapes","floor":37,"turns":2},{"damage":33,"enemies":"Mind Bloom Boss Battle","floor":39,"turns":8},{"damage":10,"enemies":"Giant Head","floor":40,"turns":3},{"damage":0,"enemies":"Reptomancer","floor":44,"turns":1},{"damage":43,"enemies":"Reptomancer","floor":45,"turns":5}],"seed_played":"-4382388859962504470","potions_obtained":[{"floor":4,"key":"BlessingOfTheForge"},{"floor":5,"key":"Regen Potion"},{"floor":8,"key":"AttackPotion"},{"floor":23,"key":"SmokeBomb"},{"floor":25,"key":"Regen Potion"},{"floor":27,"key":"DuplicationPotion"},{"floor":30,"key":"Block Potion"},{"floor":33,"key":"ColorlessPotion"},{"floor":35,"key":"Fire Potion"},{"floor":36,"key":"LiquidMemories"},{"floor":37,"key":"AttackPotion"},{"floor":39,"key":"SteroidPotion"},{"floor":40,"key":"EssenceOfSteel"}],"is_trial":false,"path_per_floor":["M","?","M","M","M","E","R","?","T","M","$","R","M","M","R","B",null,"M","M","?","M","?","E","R","M","T","M","?","E","M","?","R","B",null,"M","M","M","?","?","E","R","R","T","E","?"],"character_chosen":"CHLOE","items_purchased":["PreservedInsect","PrismaMod:ChloeCheapAttack+1"],"campfire_rested":2,"item_purchase_floors":[11,11],"current_hp_per_floor":[75,75,75,75,75,69,69,61,61,59,59,59,56,52,52,28,75,71,75,75,61,61,58,58,40,40,50,50,41,26,26,48,16,75,75,64,58,58,29,27,49,49,49,49,0,0],"gold":917,"neow_bonus":"UPGRADE_CARD","is_daily":false,"chose_seed":false,"campfire_upgraded":5,"win_rate":0.0,"timestamp":1612423951,"path_taken":["M","?","M","?","?","E","R","?","T","M","$","R","M","M","R","BOSS","M","M","?","M","?","E","R","M","T","?","?","E","M","?","R","BOSS","M","M","M","?","?","E","R","R","T","E","?"],"items_purchased_type":["Relic","Card"],"build_version":"2020-12-22","purchased_purges":0,"victory":false,"max_hp_per_floor":[75,75,75,75,75,75,75,75,75,75,75,75,75,75,75,75,75,75,75,75,75,75,75,75,75,75,75,75,75,75,75,75,75,75,75,75,75,75,75,75,75,75,75,75,75,75],"card_choices":[{"not_picked":["PrismaMod:ChloeExhaustTwo","PrismaMod:ChloeExhaustOne"],"picked":"PrismaMod:ChloeCheapAttack","floor":1},{"not_picked":["PrismaMod:ChloeDemonicTutor","PrismaMod:ChloeDiscardRecovery"],"picked":"PrismaMod:ChloeChristmas","floor":3},{"not_picked":["PrismaMod:ChloeDiscardRecovery","PrismaMod:ChloeCheapDefend"],"picked":"PrismaMod:ChloeCaladbolg","floor":4},{"not_picked":["PrismaMod:ChloeDiscardRecovery","PrismaMod:ChloeExhaustTwo"],"picked":"PrismaMod:ChloeCheapDefend","floor":5},{"not_picked":["PrismaMod:ChloeExhaustThree","PrismaMod:ChloeCheapDefendTwo","PrismaMod:ChloeDemonicTutor"],"picked":"SKIP","floor":6},{"not_picked":["PrismaMod:ChloeExcalibur","PrismaMod:ChloeCommonAOEAttack"],"picked":"PrismaMod:ChloeGaeBolg","floor":8},{"not_picked":["PrismaMod:ChloeDemonicTutor","PrismaMod:ChloeDiscardRecovery"],"picked":"PrismaMod:ChloeCheapDefend","floor":10},{"not_picked":["PrismaMod:ChloeCheapAttack+1","PrismaMod:ChloeCaladbolg+1"],"picked":"PrismaMod:ChloeDevil+","floor":13},{"not_picked":["PrismaMod:ChloeCommonAOEAttack+1","PrismaMod:ChloeExhaustOne"],"picked":"PrismaMod:ChloeBetterTracePools","floor":14},{"not_picked":["PrismaMod:ChloeCarnivalAttack+1","PrismaMod:ChloeCarnivalAOEAttack+1"],"picked":"PrismaMod:ChloeAnyUncommonTrace","floor":16},{"not_picked":["PrismaMod:ChloeCheapAttack+1","PrismaMod:ChloeCheapDefendTwo"],"picked":"PrismaMod:ChloeCheapAttackTwo+1","floor":18},{"not_picked":["PrismaMod:ChloeExhaustTwo","PrismaMod:ChloeCheapDefend"],"picked":"PrismaMod:ChloeEyeOfTheEuryale+1","floor":19},{"not_picked":["PrismaMod:ChloeCheapDefend","PrismaMod:ChloeAnyCommonTrace","PrismaMod:ChloeDiscardRecovery"],"picked":"SKIP","floor":21},{"not_picked":["PrismaMod:ChloeCheapDefend+1","PrismaMod:ChloeExhaustTwo","PrismaMod:ChloeChristmas"],"picked":"SKIP","floor":23},{"not_picked":["PrismaMod:ChloeRhongomyniad+1","PrismaMod:ChloeMaid"],"picked":"PrismaMod:ChloeRuleBreaker+1","floor":25},{"not_picked":["PrismaMod:ChloeDiscardRecovery","PrismaMod:ChloeCommonAOEAttack+1"],"picked":"PrismaMod:ChloeCheapDefendTwo+1","floor":27},{"not_picked":["PrismaMod:ChloeDiscardRecovery","PrismaMod:ChloeGaeBolg+1"],"picked":"PrismaMod:ChloeCheapDefend+1","floor":29},{"not_picked":["PrismaMod:ChloeCheapAttackTwo+1","PrismaMod:ChloeUncommonAttack+1"],"picked":"PrismaMod:ChloeExcalibur+1","floor":30},{"not_picked":["PrismaMod:ChloeAnyUncommonTrace","PrismaMod:ChloeCarnivalDefend"],"picked":"PrismaMod:ChloeDevil+","floor":33},{"not_picked":["PrismaMod:ChloeDiscardRecovery","PrismaMod:ChloeCommonAOEAttack+1"],"picked":"PrismaMod:ChloeExhaustTwo+1","floor":35},{"not_picked":["PrismaMod:ChloeCommonAOEAttack+1","PrismaMod:ChloeCheapAttack+1"],"picked":"PrismaMod:ChloeEyeOfTheEuryale+1","floor":36},{"not_picked":["PrismaMod:ChloeCheapDefendTwo+1","PrismaMod:ChloeCheapDefend+1"],"picked":"PrismaMod:ChloeCarnivalDefend","floor":37},{"not_picked":["Mayhem","Secret Weapon"],"picked":"Flash of Steel+1","floor":38},{"not_picked":["PrismaMod:ChloeDiscardRecovery+1","PrismaMod:ChloeExhaustOne+1"],"picked":"PrismaMod:ChloeCaladbolg+1","floor":39},{"not_picked":["PrismaMod:ChloeEyeOfTheEuryale+1","PrismaMod:ChloeCommonAOEAttack+1"],"picked":"PrismaMod:ChloeExhaustOne+1","floor":40},{"not_picked":["PrismaMod:ChloeCheapDefendTwo","PrismaMod:ChloeCheapAttack+1"],"picked":"PrismaMod:ChloeCheapAttackTwo+1","floor":44}],"player_experience":584126,"relics_obtained":[{"floor":6,"key":"Nunchaku"},{"floor":8,"key":"White Beast Statue"},{"floor":9,"key":"Molten Egg 2"},{"floor":23,"key":"CeramicFish"},{"floor":26,"key":"Happy Flower"},{"floor":29,"key":"MawBank"},{"floor":39,"key":"WingedGreaves"},{"floor":40,"key":"Darkstone Periapt"},{"floor":43,"key":"Juzu Bracelet"},{"floor":44,"key":"Bottled Flame"}],"event_choices":[{"damage_healed":0,"gold_gain":0,"player_choice":"Ignored","damage_taken":0,"max_hp_gain":0,"max_hp_loss":0,"event_name":"NoteForYourself","floor":2,"gold_loss":0},{"damage_healed":0,"gold_gain":0,"player_choice":"Searched \u00271\u0027 times","damage_taken":0,"max_hp_gain":0,"max_hp_loss":0,"event_name":"Dead Adventurer","floor":8,"gold_loss":0},{"damage_healed":0,"gold_gain":0,"player_choice":"Inject Mutagens","damage_taken":0,"relics_obtained":["MutagenicStrength"],"max_hp_gain":0,"max_hp_loss":0,"event_name":"Drug Dealer","floor":20,"gold_loss":0},{"damage_healed":0,"gold_gain":0,"player_choice":"Bought 0 Potions","damage_taken":0,"max_hp_gain":0,"max_hp_loss":0,"event_name":"The Woman in Blue","floor":22,"gold_loss":0},{"damage_healed":0,"gold_gain":0,"player_choice":"Opened","damage_taken":0,"relics_obtained":["Centennial Puzzle"],"max_hp_gain":0,"max_hp_loss":0,"event_name":"The Mausoleum","floor":28,"gold_loss":0},{"damage_healed":0,"gold_gain":0,"player_choice":"Ignored","damage_taken":0,"max_hp_gain":0,"max_hp_loss":0,"event_name":"Beggar","floor":31,"gold_loss":0},{"damage_healed":0,"gold_gain":0,"player_choice":"Memory 1","damage_taken":0,"max_hp_gain":0,"max_hp_loss":0,"event_name":"SensoryStone","floor":38,"gold_loss":0},{"damage_healed":0,"gold_gain":0,"player_choice":"Fight","damage_taken":0,"max_hp_gain":0,"max_hp_loss":0,"event_name":"MindBloom","floor":39,"gold_loss":0}],"is_beta":false,"boss_relics":[{"not_picked":["Pandora\u0027s Box","Coffee Dripper"],"picked":"SlaversCollar"},{"not_picked":["Fusion Hammer","SacredBark"],"picked":"Philosopher\u0027s Stone"}],"items_purged_floors":[],"is_endless":false,"potions_floor_spawned":[4,5,8,10,13,14,16,18,19,21,23,25,27,29,30,33,35,36,37,39,40,44],"killed_by":"Reptomancer","ascension_level":0}}