{"host":"syozzdlzcqop4jia","time":1612479957,"event":{"mods":["BaseMod","Colored Map","Colored Powertips","Minty Spire (QoL Compilation)","Quick Restart"],"gold_per_floor":[111,111,111,130,148,173,173,204,204,106,125,143,156,175,175,175,175,188,206,256,256,256],"floor_reached":21,"language":"ENG","playtime":1271,"items_purged":["Strike_B"],"score":229,"play_id":"a12bbd0a-b74e-4ca6-bb39-af9ee1cb6866","local_time":"20210205000557","is_ascension_mode":true,"campfire_choices":[{"floor":7,"key":"REST"},{"floor":15,"key":"REST"}],"circlet_count":0,"master_deck":["Strike_B","Strike_B","Strike_B","Defend_B","Defend_B","Defend_B","Defend_B","Zap+1","Dualcast","Ball Lightning","Darkness","Beam Cell","Melter","Conserve Battery","Streamline","Fusion","Chaos","Beam Cell","Go for the Eyes","Echo Form","Ball Lightning","Go for the Eyes+1"],"relics":["Cracked Core","Darkstone Periapt","Blood Vial","DataDisk","Question Card","Ginger","SlaversCollar"],"acts_visited":["Exordium","TheCity"],"potions_floor_usage":[16],"damage_taken":[{"damage":5,"enemies":"Cultist","floor":1,"turns":4},{"damage":5,"enemies":"Small Slimes","floor":4,"turns":3},{"damage":1,"enemies":"Jaw Worm","floor":5,"turns":3},{"damage":21,"enemies":"Lagavulin","floor":6,"turns":4},{"damage":0,"enemies":"Gremlin Nob","floor":8,"turns":3},{"damage":10,"enemies":"Lots of Slimes","floor":11,"turns":2},{"damage":9,"enemies":"2 Fungi Beasts","floor":12,"turns":3},{"damage":23,"enemies":"Gremlin Gang","floor":13,"turns":4},{"damage":10,"enemies":"Looter","floor":14,"turns":3},{"damage":26,"enemies":"Slime Boss","floor":16,"turns":9},{"damage":1,"enemies":"Chosen","floor":18,"turns":4},{"damage":27,"enemies":"Shell Parasite","floor":19,"turns":4},{"damage":50,"enemies":"Chosen and Byrds","floor":21,"turns":6}],"seed_played":"1220022355000327686","potions_obtained":[{"floor":1,"key":"LiquidBronze"},{"floor":6,"key":"Energy Potion"},{"floor":11,"key":"FocusPotion"},{"floor":19,"key":"Explosive Potion"}],"is_trial":false,"path_per_floor":["M","T","?","M","M","E","R","E","T","$","M","M","M","M","R","B",null,"M","M","?","M"],"character_chosen":"DEFECT","items_purchased":["Streamline"],"campfire_rested":2,"item_purchase_floors":[10],"current_hp_per_floor":[70,70,58,55,56,37,59,61,61,61,53,46,25,17,39,15,75,74,48,48,0,0],"gold":256,"neow_bonus":"UPGRADE_CARD","is_daily":false,"chose_seed":false,"campfire_upgraded":0,"win_rate":0.0,"timestamp":1612479957,"path_taken":["M","?","?","M","M","E","R","E","T","?","M","M","?","M","R","BOSS","M","M","?","?"],"items_purchased_type":["Card"],"build_version":"2020-12-22","purchased_purges":1,"victory":false,"max_hp_per_floor":[75,75,75,75,75,75,75,75,75,75,75,75,75,75,75,75,75,75,75,75,75,75],"card_choices":[{"not_picked":["Chill","Cold Snap"],"picked":"Ball Lightning","floor":1},{"not_picked":["Stack","Self Repair"],"picked":"Darkness","floor":4},{"not_picked":["Leap","Barrage"],"picked":"Beam Cell","floor":5},{"not_picked":["Rebound","Aggregate"],"picked":"Melter","floor":6},{"not_picked":["Meteor Strike","Steam Power"],"picked":"Conserve Battery","floor":8},{"not_picked":["Coolheaded","Skim","Heatsinks"],"picked":"Fusion","floor":11},{"not_picked":["Turbo","Steam","Go for the Eyes"],"picked":"Chaos","floor":12},{"not_picked":["Streamline","Auto Shields","Steam Power"],"picked":"Beam Cell","floor":13},{"not_picked":["Force Field","Double Energy","Consume"],"picked":"Go for the Eyes","floor":14},{"not_picked":["Hyperbeam","Amplify","Reboot"],"picked":"Echo Form","floor":16},{"not_picked":["Compile Driver","Rebound","Doom and Gloom"],"picked":"Ball Lightning","floor":18},{"not_picked":["Scrape","Double Energy","Barrage"],"picked":"Go for the Eyes+1","floor":19}],"player_experience":550651,"relics_obtained":[{"floor":2,"key":"Darkstone Periapt"},{"floor":6,"key":"DataDisk"},{"floor":8,"key":"Question Card"},{"floor":9,"key":"Ginger"}],"event_choices":[{"damage_healed":0,"gold_gain":0,"player_choice":"Success","damage_taken":12,"relics_obtained":["Blood Vial"],"max_hp_gain":0,"max_hp_loss":0,"event_name":"Scrap Ooze","floor":3,"gold_loss":0},{"damage_healed":0,"gold_gain":100,"player_choice":"Bet on Murderer","damage_taken":0,"max_hp_gain":0,"max_hp_loss":0,"event_name":"The Joust","floor":20,"gold_loss":50}],"is_beta":false,"boss_relics":[{"not_picked":["FrozenCore","Nuclear Battery"],"picked":"SlaversCollar"}],"items_purged_floors":[10],"is_endless":false,"potions_floor_spawned":[1,6,11,13,14,19],"killed_by":"Chosen and Byrds","ascension_level":1}}