{"host":"6p0attdrtjqaih7v","time":1612461731,"event":{"mods":["2.2 Compatiblity","AchievementEnabler","Bard","BaseMod","Better Skull","Better Third Choice","Colored Powertips","Hermit","Highlight Path","Key Reminder","Minty Spire (QoL Compilation)","Permanent Neow","Quick Restart","Random Character Button","Relic Stats","Reliquary","Replay The Spire","Robot Space Explorer","StSLib","The Witch"],"gold_per_floor":[113,127,142,142,152,178,178,212,236,264,264,264,264,72,72,145,145,161,172,172,182,182,182,216,216,239,239,154,169,182,214,214,292,292,304,143,143,154,154,181,181,206,206,232,232,250,34,87,87,87,87],"floor_reached":52,"language":"ENG","playtime":2504,"items_purged":[],"score":2113,"play_id":"0dc3c573-7609-4998-8d49-26cce5db336f","local_time":"20210204130211","is_ascension_mode":true,"campfire_choices":[{"data":"Draining Mist","floor":7,"key":"SMITH"},{"data":"Noxious Fumes","floor":15,"key":"SMITH"},{"floor":23,"key":"REST"},{"data":"RitualDagger","floor":25,"key":"SMITH"},{"data":"After Image","floor":27,"key":"SMITH"},{"floor":32,"key":"REST"},{"data":"J.A.X.","floor":41,"key":"SMITH"},{"floor":45,"key":"REST"},{"floor":49,"key":"REST"}],"circlet_count":0,"master_deck":["AscendersBane","Strike_G","Strike_G+1","Strike_G","Strike_G","Strike_G","Defend_G","Defend_G+1","Defend_G","Defend_G","Defend_G","Survivor","Acrobatics","Underhanded Strike","Terror","Bullet Time+1","Infinite Blades","Draining Mist+1","Calculated Gamble","All Out Attack+1","Noxious Fumes+1","Die Die Die+1","Poisoned Stab","Eviscerate","J.A.X.+1","Poisoned Stab","RitualDagger+1","After Image+1","Blade Dance","Blade Dance","Acrobatics","Corpse Explosion+1","Reflex+1","Panache","Escape Plan+1","Terror+1","Expertise+1","Parasite"],"relics":["Ring of the Snake","Replay:Mystery Machine","reliquary:Stiletto","reliquary:Knoch","reliquary:RedPaperclip","Whetstone","Happy Flower","reliquary:FeatherDuster","Strawberry","Replay:Grab Bag","Cursed Key","Snecko Scales","Guide Book","Mummified Hand","Lantern","The Courier","reliquary:HotPoker","Prayer Wheel"],"acts_visited":["Exordium","TheCity","TheBeyond"],"potions_floor_usage":[6,8,10,10,16,21,31,33,40,48,51],"damage_taken":[{"damage":0,"enemies":"Cultist","floor":1,"turns":5},{"damage":0,"enemies":"2 Louse","floor":2,"turns":4},{"damage":0,"enemies":"Jaw Worm","floor":3,"turns":4},{"damage":0,"enemies":"2 Fungi Beasts","floor":5,"turns":4},{"damage":7,"enemies":"3 Sentries","floor":6,"turns":8},{"damage":32,"enemies":"Gremlin Nob","floor":8,"turns":4},{"damage":10,"enemies":"3 Sentries","floor":10,"turns":8},{"damage":1,"enemies":"Hexaghost","floor":16,"turns":6},{"damage":7,"enemies":"Spheric Guardian","floor":18,"turns":4},{"damage":0,"enemies":"3 Byrds","floor":19,"turns":4},{"damage":21,"enemies":"Snake Plant","floor":21,"turns":3},{"damage":13,"enemies":"Replay:Snechameleon","floor":24,"turns":5},{"damage":7,"enemies":"Snecko","floor":29,"turns":5},{"damage":4,"enemies":"Centurion and Healer","floor":30,"turns":4},{"damage":6,"enemies":"Book of Stabbing","floor":31,"turns":4},{"damage":20,"enemies":"Collector","floor":33,"turns":6},{"damage":0,"enemies":"3 Shapes","floor":35,"turns":3},{"damage":3,"enemies":"Orb Walker","floor":38,"turns":2},{"damage":3,"enemies":"Nemesis","floor":40,"turns":3},{"damage":6,"enemies":"Giant Head","floor":42,"turns":4},{"damage":22,"enemies":"Nemesis","floor":44,"turns":3},{"damage":3,"enemies":"Writhing Mass","floor":46,"turns":5},{"damage":7,"enemies":"2 Orb Walkers","floor":48,"turns":2},{"damage":14,"enemies":"Donu and Deca","floor":50,"turns":4},{"damage":39,"enemies":"Awakened One","floor":51,"turns":8}],"seed_played":"-7784902497628380378","potions_obtained":[{"floor":2,"key":"BlessingOfTheForge"},{"floor":3,"key":"Poison Potion"},{"floor":6,"key":"Languid Potion"},{"floor":8,"key":"Elixir"},{"floor":19,"key":"Explosive Potion"},{"floor":21,"key":"CunningPotion"},{"floor":35,"key":"SteroidPotion"},{"floor":46,"key":"ColorlessPotion"},{"floor":48,"key":"Ancient Potion"}],"is_trial":false,"path_per_floor":["M","M","M","?","M","E","R","E","T","E","?","?","?","$","R","B",null,"M","M","?","M","?","R","E","R","T","R","?","M","M","E","R","B",null,"M","$","?","M","$","E","R","E","T","E","R","M","$","?","R","B","B",null],"character_chosen":"THE_SILENT","items_purchased":["Noxious Fumes","Block Potion","Strength Potion","Guide Book","reliquary:HotPoker"],"campfire_rested":4,"item_purchase_floors":[14,14,14,36,47],"current_hp_per_floor":[59,59,59,59,59,52,52,20,20,10,10,10,15,15,15,14,57,50,50,50,29,23,44,31,31,31,31,31,24,20,21,44,24,65,65,65,55,52,52,49,49,43,43,21,44,41,41,34,57,43,4],"gold":87,"neow_bonus":"RANDOM_COMMON_RELIC","is_daily":false,"chose_seed":false,"campfire_upgraded":5,"win_rate":0.0,"timestamp":1612461731,"path_taken":["M","M","M","?","M","E","R","E","T","E","?","?","?","$","R","BOSS","M","M","?","M","?","R","E","R","T","R","?","M","M","E","R","BOSS","M","$","?","M","?","E","R","E","T","E","R","M","$","?","R","BOSS","BOSS"],"items_purchased_type":["Card","Potion","Potion","Relic","Relic"],"build_version":"2020-12-22","purchased_purges":0,"victory":true,"max_hp_per_floor":[66,66,66,66,66,66,66,66,66,66,66,66,71,71,71,71,71,71,71,71,71,71,71,71,71,71,71,71,71,71,78,78,78,78,78,78,78,78,78,78,78,78,78,78,78,78,78,78,78,78,78],"relic_stats":{"Happy Flower":[17],"counters":[25,112],"Mummified Hand":[23],"Prayer Wheel":0,"Whetstone":["Strike_G","All Out Attack"],"Cursed Key":0,"obtain_stats":[{"reliquary:FeatherDuster":28,"Lantern":42,"Happy Flower":26,"Replay:Grab Bag":34,"Guide Book":36,"The Courier":44,"Juzu Bracelet":0,"Whetstone":24,"Replay:Mystery Machine":6,"Cursed Key":34,"reliquary:HotPoker":47,"reliquary:RedPaperclip":17,"Snecko Scales":34,"Mummified Hand":40,"Strawberry":31,"Prayer Wheel":48,"reliquary:Stiletto":8,"reliquary:Knoch":10,"Replay:Wax Seal":9,"Ring of the Snake":0},{"reliquary:FeatherDuster":12,"Lantern":20,"Happy Flower":12,"Replay:Grab Bag":16,"Guide Book":17,"The Courier":21,"Juzu Bracelet":0,"Whetstone":12,"Replay:Mystery Machine":5,"Cursed Key":16,"reliquary:HotPoker":22,"reliquary:RedPaperclip":8,"Snecko Scales":16,"Mummified Hand":19,"Strawberry":15,"Prayer Wheel":23,"reliquary:Stiletto":6,"reliquary:Knoch":7,"Replay:Wax Seal":6,"Ring of the Snake":0},{"reliquary:FeatherDuster":59,"Lantern":90,"Happy Flower":59,"Replay:Grab Bag":78,"Guide Book":81,"The Courier":93,"Juzu Bracelet":0,"Whetstone":59,"Replay:Mystery Machine":25,"Cursed Key":78,"reliquary:HotPoker":98,"reliquary:RedPaperclip":43,"Snecko Scales":78,"Mummified Hand":86,"Strawberry":72,"Prayer Wheel":100,"reliquary:Stiletto":29,"reliquary:Knoch":37,"Replay:Wax Seal":29,"Ring of the Snake":0}],"Ring of the Snake":[50]},"card_choices":[{"not_picked":["PiercingWail","Deflect"],"picked":"Acrobatics","floor":1},{"not_picked":["Cloak And Dagger","Outmaneuver"],"picked":"Underhanded Strike","floor":2},{"not_picked":["Flying Knee","A Thousand Cuts"],"picked":"Terror","floor":3},{"not_picked":["Cloak And Dagger","Deadly Poison"],"picked":"Infinite Blades","floor":5},{"not_picked":["Catalyst","Cloak And Dagger"],"picked":"Draining Mist","floor":6},{"not_picked":["Underhanded Strike","Toxin Wave"],"picked":"Calculated Gamble","floor":8},{"not_picked":["Setup","Dodge and Roll"],"picked":"All Out Attack","floor":10},{"not_picked":["Glass Knife","Phantasmal Killer"],"picked":"Die Die Die","floor":16},{"not_picked":["Dodge and Roll","Acrobatics"],"picked":"Poisoned Stab","floor":18},{"not_picked":["Flying Knee","Distraction"],"picked":"Eviscerate","floor":19},{"not_picked":["Flying Knee","Outmaneuver"],"picked":"Poisoned Stab","floor":21},{"not_picked":["Sucker Punch","Flying Knee"],"picked":"After Image","floor":24},{"not_picked":["Outmaneuver+1","Dodge and Roll+1"],"picked":"Blade Dance","floor":29},{"not_picked":["Cloak And Dagger","Slice+1"],"picked":"Blade Dance","floor":30},{"not_picked":["Replay:Bag of Tricks","Tactician"],"picked":"Acrobatics","floor":31},{"not_picked":["Grand Finale","Phantasmal Killer"],"picked":"Corpse Explosion","floor":33},{"not_picked":["Crippling Poison","Dagger Throw"],"picked":"Reflex+1","floor":35},{"not_picked":["Specialist","Replay:Bootleg Shield Generator"],"picked":"Panache","floor":37},{"not_picked":["Expertise","Flechettes+1"],"picked":"Escape Plan+1","floor":38},{"not_picked":["Expertise","Slice+1","Caltrops"],"picked":"SKIP","floor":40},{"not_picked":["All Out Attack","Flechettes"],"picked":"Terror+1","floor":42},{"not_picked":["Dodge and Roll","Noxious Fumes"],"picked":"Expertise+1","floor":44},{"not_picked":["Catalyst","Quick Slash","Sucker Punch+1"],"picked":"SKIP","floor":46}],"player_experience":993049,"relics_obtained":[{"floor":6,"key":"Replay:Mystery Machine"},{"floor":8,"key":"reliquary:Stiletto"},{"floor":9,"key":"Replay:Wax Seal"},{"floor":10,"key":"reliquary:Knoch"},{"floor":24,"key":"Whetstone"},{"floor":26,"key":"Happy Flower"},{"floor":31,"key":"Strawberry"},{"floor":40,"key":"Mummified Hand"},{"floor":42,"key":"Lantern"},{"floor":44,"key":"The Courier"},{"floor":48,"key":"Prayer Wheel"}],"event_choices":[{"damage_healed":0,"gold_gain":0,"player_choice":"Ignored","damage_taken":0,"max_hp_gain":0,"max_hp_loss":0,"event_name":"Shining Light","floor":12,"gold_loss":0},{"damage_healed":0,"gold_gain":0,"player_choice":"Donut","damage_taken":0,"max_hp_gain":5,"max_hp_loss":0,"event_name":"Big Fish","floor":13,"gold_loss":0},{"damage_healed":0,"gold_gain":0,"player_choice":"Obtain J.A.X.","damage_taken":0,"max_hp_gain":0,"max_hp_loss":0,"event_name":"Drug Dealer","floor":20,"gold_loss":0,"cards_obtained":["J.A.X."]},{"damage_healed":0,"gold_gain":0,"player_choice":"Joined the Cult","damage_taken":6,"max_hp_gain":0,"max_hp_loss":0,"event_name":"Nest","floor":22,"gold_loss":0,"cards_obtained":["RitualDagger"]},{"damage_healed":0,"gold_gain":0,"player_choice":"Obtained Relic","damage_taken":0,"relics_obtained":["reliquary:FeatherDuster"],"max_hp_gain":0,"max_hp_loss":0,"event_name":"Addict","floor":28,"gold_loss":85},{"damage_healed":0,"gold_gain":0,"player_choice":"Memory 3","damage_taken":10,"max_hp_gain":0,"max_hp_loss":0,"event_name":"SensoryStone","floor":37,"gold_loss":0},{"damage_healed":0,"gold_gain":0,"player_choice":"Fight","damage_taken":0,"max_hp_gain":0,"max_hp_loss":0,"event_name":"Mysterious Sphere","floor":48,"gold_loss":0}],"is_beta":false,"boss_relics":[{"not_picked":["Calling Bell","Painkiller Herb"],"picked":"reliquary:RedPaperclip"},{"not_picked":["Honey Jar","Ring of the Serpent"],"picked":"Replay:Grab Bag"},{"not_picked":["Sozu","reliquary:KinkedSpring"],"picked":"Cursed Key"},{"not_picked":["Ring of Chaos","HoveringKite"],"picked":"Snecko Scales"}],"items_purged_floors":[],"is_endless":false,"potions_floor_spawned":[2,3,6,8,19,21,30,35,46,48],"ascension_level":20}}