{"host":"yuwyc1esdalgjt4e","time":1612456681,"event":{"mods":["Arknights","Astrologer","BaseMod","CapriCore","Hermit","KomeijiMod","Marisa????????","Minty Spire (QoL Compilation)","Railgun Mod","Reimu??????","StSLib","The Bug Knight","The Death Knight","The Dragon Tamer","The Hierophant","The Immortal","The Marked","The Servant 0.9.4","The Wild Card","TheSwordswoman","Yuri Mod"],"gold_per_floor":[120,138,213,225,225,251,251,284,284,311,326,339,352,352,352,451,451,467,187,78,3,3,38,55,90,90,123,153,80,47,7,7,107,107,117,217,234,247,247,278,23,56,134,9,40,40,40,40,40,40],"floor_reached":51,"language":"ENG","playtime":1412,"items_purged":["TheRailgun:Discharge","TheRailgun:Strike","TheRailgun:Sister_Network"],"score":1047,"play_id":"3198e1db-509e-4cf7-9006-5ba466ec3e5b","local_time":"20210204173801","is_ascension_mode":true,"campfire_choices":[{"data":"TheRailgun:Level_6","floor":7,"key":"SMITH"},{"data":"TheRailgun:Iron_Dust_Vial","floor":15,"key":"SMITH"},{"data":"TheRailgun:Supercharge","floor":32,"key":"SMITH"},{"data":"TheRailgun:Iron_Dust_Vial","floor":46,"key":"SMITH"},{"data":"TheRailgun:Strike","floor":49,"key":"SMITH"}],"circlet_count":0,"master_deck":["TheRailgun:Strike+1","TheRailgun:Strike","TheRailgun:Strike","TheRailgun:Defend","TheRailgun:Defend","TheRailgun:Defend","TheRailgun:Static+1","TheRailgun:Zip","TheRailgun:Level_6+1","TheRailgun:Magnetic_Movement+1","TheRailgun:Lightning_Speed","TheRailgun:Biribiri+1","TheRailgun:Iron_Dust_Vial+1","TheRailgun:Pull+1","TheRailgun:Supercharge+1","TheRailgun:Heroinism+1","TheRailgun:Iron_Dust_Vial+1","TheRailgun:Battery_Pack+1","TheRailgun:Battery_Pack+1"],"relics":["TheRailgun:CoinRelic","PreservedInsect","Pantograph","Molten Egg 2","yuri:PortableGlitches","Runic Dome","White Beast Statue","Bronze Scales","HollowMod:PaleOreRelic","HollowMod:StagPassRelic","MawBank","Lantern","ZunR:ReiMu","Coffee Dripper","Letter Opener","Juzu Bracelet","Darkstone Periapt","Gremlin Horn","Sundial","Toxic Egg 2"],"acts_visited":["Exordium","TheCity","TheBeyond"],"potions_floor_usage":[6,6,6,27,27,40,45],"damage_taken":[{"damage":0,"enemies":"Jaw Worm","floor":1,"turns":4},{"damage":3,"enemies":"Cultist","floor":2,"turns":4},{"damage":6,"enemies":"2 Louse","floor":4,"turns":3},{"damage":12,"enemies":"Gremlin Nob","floor":6,"turns":4},{"damage":17,"enemies":"3 Sentries","floor":8,"turns":4},{"damage":4,"enemies":"Lagavulin","floor":10,"turns":3},{"damage":4,"enemies":"Exordium Thugs","floor":11,"turns":3},{"damage":0,"enemies":"Large Slime","floor":12,"turns":4},{"damage":8,"enemies":"Looter","floor":13,"turns":3},{"damage":0,"enemies":"Slime Boss","floor":16,"turns":7},{"damage":0,"enemies":"Spheric Guardian","floor":18,"turns":3},{"damage":13,"enemies":"Slavers","floor":23,"turns":2},{"damage":0,"enemies":"2 Thieves","floor":24,"turns":2},{"damage":0,"enemies":"Gremlin Leader","floor":25,"turns":3},{"damage":5,"enemies":"Book of Stabbing","floor":27,"turns":3},{"damage":7,"enemies":"Snake Plant","floor":28,"turns":2},{"damage":12,"enemies":"Champ","floor":33,"turns":7},{"damage":18,"enemies":"3 Shapes","floor":35,"turns":3},{"damage":0,"enemies":"Orb Walker","floor":37,"turns":1},{"damage":0,"enemies":"4 Shapes","floor":38,"turns":1},{"damage":0,"enemies":"Giant Head","floor":40,"turns":4},{"damage":15,"enemies":"Nemesis","floor":42,"turns":3},{"damage":0,"enemies":"Reptomancer","floor":45,"turns":2},{"damage":15,"enemies":"Time Eater","floor":50,"turns":5}],"seed_played":"-2585768960158385107","potions_obtained":[{"floor":1,"key":"ColorlessPotion"},{"floor":5,"key":"AttackPotion"},{"floor":5,"key":"ExcitationPotion"},{"floor":5,"key":"CultistPotion"},{"floor":8,"key":"ColorlessPotion"},{"floor":11,"key":"Fire Potion"},{"floor":13,"key":"GamblersBrew"},{"floor":27,"key":"UndeadPotion"},{"floor":28,"key":"Dexterity Potion"},{"floor":35,"key":"LiquidBronze"},{"floor":40,"key":"Fire Potion"},{"floor":45,"key":"EssenceOfSteel"}],"is_trial":false,"path_per_floor":["M","M","?","M","?","E","R","E","T","E","M","M","M","?","R","B",null,"M","?","$","?","?","E","M","E","T","E","M","?","$","?","R","B",null,"M","?","M","M","?","E","$","E","T","$","E","R","?","T","R","B",null],"character_chosen":"THE_DEFAULT","items_purchased":["TheRailgun:Oneesama","TheRailgun:Sister_Network","Juzu Bracelet"],"campfire_rested":0,"item_purchase_floors":[20,30,41],"current_hp_per_floor":[63,60,54,48,48,36,36,31,31,39,47,59,55,55,55,63,63,63,63,63,63,63,50,62,63,63,63,56,56,56,56,56,54,63,45,45,57,63,63,53,53,48,48,48,53,53,38,38,38,38],"gold":40,"neow_bonus":"THREE_RARE_CARDS","is_daily":false,"chose_seed":false,"campfire_upgraded":5,"win_rate":0.0,"timestamp":1612456681,"path_taken":["M","M","?","?","?","E","R","E","T","E","M","?","?","?","R","BOSS","M","?","$","?","?","E","?","E","T","E","M","?","?","?","R","BOSS","M","?","M","?","?","E","$","E","T","$","E","R","?","?","R","BOSS"],"items_purchased_type":["Card","Card","Relic"],"build_version":"2020-12-22","purchased_purges":3,"victory":true,"max_hp_per_floor":[63,63,63,63,63,63,63,63,63,63,63,63,63,63,63,63,63,63,63,63,63,63,63,63,63,63,63,63,63,63,63,63,63,63,63,63,63,63,63,53,53,53,53,53,53,53,53,53,53,53],"card_choices":[{"not_picked":["TheRailgun:Rewiring","TheRailgun:Thundervolt"],"picked":"TheRailgun:Level_6","floor":0},{"not_picked":["TheRailgun:Negative_Field","TheRailgun:Pull"],"picked":"TheRailgun:Magnetic_Movement","floor":1},{"not_picked":["TheRailgun:Iron_Dust_Sword","TheRailgun:Teleporter"],"picked":"TheRailgun:Lightning_Speed","floor":2},{"not_picked":["TheRailgun:Lightningbolt","TheRailgun:Positive_Field","TheRailgun:Recharge"],"picked":"SKIP","floor":4},{"not_picked":["TheRailgun:Zip","TheRailgun:Token_Collection"],"picked":"TheRailgun:Biribiri","floor":6},{"not_picked":["TheRailgun:Positive_Field","TheRailgun:Stun_Shock"],"picked":"TheRailgun:Iron_Dust_Vial","floor":8},{"not_picked":["TheRailgun:Discharge","TheRailgun:Zip","TheRailgun:Thundervolt+1"],"picked":"SKIP","floor":10},{"not_picked":["TheRailgun:Teleporter","TheRailgun:Charge"],"picked":"TheRailgun:Pull","floor":11},{"not_picked":["TheRailgun:Magnetic_Movement","TheRailgun:Thunder+1","TheRailgun:Iron_Dust_Shield"],"picked":"SKIP","floor":12},{"not_picked":["TheRailgun:Charge","TheRailgun:Aerial_Shot+1","TheRailgun:Zip"],"picked":"SKIP","floor":13},{"not_picked":["TheRailgun:Rewiring","TheRailgun:Level_6"],"picked":"TheRailgun:Supercharge","floor":16},{"not_picked":["TheRailgun:Negative_Field","TheRailgun:Thundershock+1","TheRailgun:Lightning_Speed"],"picked":"SKIP","floor":18},{"not_picked":["TheRailgun:Crack+1","TheRailgun:Negative_Field","TheRailgun:Magnetic_Movement+1"],"picked":"SKIP","floor":23},{"not_picked":["TheRailgun:Electrical_Storm+1","TheRailgun:Discharge","TheRailgun:Electric_Fence"],"picked":"SKIP","floor":24},{"not_picked":["TheRailgun:Magnetic_Movement+1","TheRailgun:Stun_Shock+1","TheRailgun:Lightning_Speed"],"picked":"SKIP","floor":25},{"not_picked":["TheRailgun:Teleporter","TheRailgun:Electric_Fence+1","TheRailgun:Crack+1"],"picked":"SKIP","floor":27},{"not_picked":["TheRailgun:Lightning_Speed","TheRailgun:Negative_Field"],"picked":"TheRailgun:Heroinism+1","floor":28},{"not_picked":["TheRailgun:Negative_Field","TheRailgun:Scatter_Railgun+1"],"picked":"TheRailgun:Iron_Dust_Vial","floor":35},{"not_picked":["TheRailgun:Sister_Network+1","TheRailgun:Biribiri+1"],"picked":"TheRailgun:Battery_Pack+1","floor":37},{"not_picked":["TheRailgun:Oneesama","TheRailgun:Zip","TheRailgun:Crackle+1"],"picked":"SKIP","floor":38},{"not_picked":["TheRailgun:Thunderbolt+1","TheRailgun:Positive_Field+1","TheRailgun:Sister_Noise+1"],"picked":"SKIP","floor":40},{"not_picked":["TheRailgun:Spark+1","TheRailgun:Aerial_Shot+1","TheRailgun:Iron_Dust_Field"],"picked":"SKIP","floor":42},{"not_picked":["TheRailgun:Hypercharge","TheRailgun:Positive_Field+1"],"picked":"TheRailgun:Battery_Pack+1","floor":45}],"player_experience":99715,"relics_obtained":[{"floor":6,"key":"PreservedInsect"},{"floor":8,"key":"Pantograph"},{"floor":9,"key":"Molten Egg 2"},{"floor":10,"key":"yuri:PortableGlitches"},{"floor":23,"key":"Bronze Scales"},{"floor":25,"key":"HollowMod:PaleOreRelic"},{"floor":26,"key":"HollowMod:StagPassRelic"},{"floor":27,"key":"MawBank"},{"floor":40,"key":"Letter Opener"},{"floor":42,"key":"Darkstone Periapt"},{"floor":43,"key":"Gremlin Horn"},{"floor":45,"key":"Sundial"},{"floor":48,"key":"Toxic Egg 2"}],"event_choices":[{"damage_healed":0,"gold_gain":75,"player_choice":"Touch","damage_taken":6,"max_hp_gain":0,"max_hp_loss":0,"event_name":"FaceTrader","floor":3,"gold_loss":0},{"damage_healed":0,"gold_gain":0,"player_choice":"Got Potions","damage_taken":0,"max_hp_gain":0,"max_hp_loss":0,"event_name":"Lab","floor":5,"gold_loss":0},{"damage_healed":0,"gold_gain":0,"player_choice":"Upgraded","damage_taken":0,"max_hp_gain":0,"max_hp_loss":0,"event_name":"Upgrade Shrine","floor":14,"gold_loss":0,"cards_upgraded":["TheRailgun:Magnetic_Movement"]},{"cards_removed":["TheRailgun:Defend"],"damage_healed":0,"gold_gain":0,"player_choice":"Gave Gold","damage_taken":0,"max_hp_gain":0,"max_hp_loss":0,"event_name":"Beggar","floor":21,"gold_loss":75},{"cards_removed":["TheRailgun:Oneesama"],"damage_healed":0,"gold_gain":0,"player_choice":"Offered Uncommon","damage_taken":0,"max_hp_gain":0,"max_hp_loss":0,"event_name":"Bonfire Elementals","floor":22,"gold_loss":0},{"damage_healed":0,"gold_gain":0,"player_choice":"Obtained Relic","damage_taken":0,"relics_obtained":["Lantern"],"max_hp_gain":0,"max_hp_loss":0,"event_name":"Addict","floor":29,"gold_loss":85},{"damage_healed":0,"gold_gain":0,"player_choice":"Keep O-miki","damage_taken":0,"relics_obtained":["ZunR:ReiMu"],"max_hp_gain":0,"max_hp_loss":0,"event_name":"ZunEvent","floor":31,"gold_loss":40},{"damage_healed":0,"gold_gain":100,"player_choice":"Pray","damage_taken":0,"max_hp_gain":0,"max_hp_loss":0,"event_name":"Golden Shrine","floor":36,"gold_loss":0},{"damage_healed":0,"gold_gain":0,"player_choice":"Ignored","damage_taken":0,"max_hp_gain":0,"max_hp_loss":0,"event_name":"Tomb of Lord Red Mask","floor":39,"gold_loss":0}],"is_beta":false,"boss_relics":[{"not_picked":["Fusion Hammer","Tiny House"],"picked":"Runic Dome"},{"not_picked":["Philosopher\u0027s Stone","Calling Bell"],"picked":"Coffee Dripper"}],"items_purged_floors":[20,41,44],"is_endless":false,"potions_floor_spawned":[1,8,11,13,23,24,25,27,28,33,35,37,38,40,42,45],"ascension_level":2}}