{"host":"mijx6czmnk03eucy","time":1612460580,"event":{"mods":["Aspiration","BaseMod","Bestiary","Better Altar","Better Skull","Better Third Choice","Better-Laid Plans","BetterRewards","Challenge The Spire","Colored Map","Colored Powertips","Conspire","Curses Come First","Custom Start","Debug Mod","Disable Question Mark Monsters","Displayed Cursed Tome","Emptier Cage","Energized Spire","Evolution","Force Act Four","Fox Events","Googly Eyes","Hermit","Highlight Path","Infinite Spire","Jedi Mod","JesterMod","Mimic Mod","Minty Spire (QoL Compilation)","Quick Restart","Rare Cards Sparkle","Relic Filter","Relic Stats","Reliquary","Replay The Spire","SacredBarkPlus","Spicy Shops","Spire Arcade","StS++","StSLib","The Blue Laboratory","The Jungle","Uncapped","Wandering Minibosses"],"gold_per_floor":[110,120,120,22,13,13,26,39,77,2,2,20,39,55,55,160,160,170,170,190,190,190,190,218,23,23,23,43,54,54,65,65,165,165,175,175,187,197,216,216,249,249,284,284,299,299,299,299,299,299],"floor_reached":51,"language":"ENG","playtime":12852,"items_purged":["Defend_R","Defend_R","Survivor"],"score":1076,"play_id":"1995bf52-a866-4a9f-b51b-f8ee043acb4b","local_time":"20210204174300","is_ascension_mode":true,"campfire_choices":[{"data":"Jack Of All Trades","floor":6.0,"key":"SMITH"},{"data":"ReplayTheSpireMod:Muscle Training","floor":11.0,"key":"SMITH"},{"floor":15.0,"key":"REST"},{"floor":23.0,"key":"REST"},{"data":"Berserk","floor":27.0,"key":"SMITH"},{"data":"Evolve","floor":30.0,"key":"SMITH"},{"data":"Mayhem","floor":40,"key":"SMITH"},{"data":"Neutralize","floor":42,"key":"SMITH"},{"data":"infinitespire:Oblivion","floor":44,"key":"SMITH"},{"data":"Dark Embrace","floor":47,"key":"SMITH"},{"floor":49,"key":"REST"}],"circlet_count":0,"master_deck":["Headbutt+1","Sword Boomerang","Evolve+1","Neutralize+1","Thunderclap","Jack Of All Trades+1","Berserk+1","ReplayTheSpireMod:Muscle Training+1","Dark Embrace+1","Spot Weakness","Run Through","Flex","Hemogenesis","Infernal Blade","Replay:Fractal Strike","infinitespire:Oblivion+1","Ghostly Armor","ReplayTheSpireMod:Limb From Limb","Sentinel","Iron Wave+1","ReplayTheSpireMod:Corrosion Curse+1","Havoc+1","Fire Breathing+1","Deep Breath","Mayhem+1","Bandage Up","Thunderclap+1"],"relics":["Burning Blood","EVO:Axolotl","ReplayTheSpireMod:TigerMarble","reliquary:Crutches","Busted Crown","Orichalcum","FossilizedHelix","jedi:leech","Iron Hammer","Astrolabe","wanderingMiniBosses:AbyssPearl","Juzu Bracelet","Omamori"],"acts_visited":[],"potions_floor_usage":[39,41,41],"damage_taken":[{"damage":6.0,"enemies":"Cultist","floor":1.0,"turns":3.0},{"damage":8.0,"enemies":"Jaw Worm","floor":2.0,"turns":2.0},{"damage":26.0,"enemies":"2 Louse","floor":7.0,"turns":4.0},{"damage":11.0,"enemies":"Exordium Wildlife","floor":8.0,"turns":4.0},{"damage":4.0,"enemies":"Gremlin Gang","floor":9.0,"turns":6.0},{"damage":21.0,"enemies":"Gremlin Gang","floor":12.0,"turns":5.0},{"damage":20.0,"enemies":"Red Slaver","floor":13.0,"turns":3.0},{"damage":14.0,"enemies":"Exordium Wildlife","floor":14.0,"turns":6.0},{"damage":0.0,"enemies":"Fading Forest","floor":16.0,"turns":11.0},{"damage":50.0,"enemies":"3 Byrds","floor":18.0,"turns":6.0},{"damage":6.0,"enemies":"Spheric Guardian","floor":20.0,"turns":3.0},{"damage":32.0,"enemies":"Book of Stabbing","floor":24.0,"turns":3.0},{"damage":0.0,"enemies":"Centurion and Healer","floor":28.0,"turns":3.0},{"damage":9.0,"enemies":"Snecko","floor":29.0,"turns":4.0},{"damage":16.0,"enemies":"conspire:HollyBat","floor":31.0,"turns":7.0},{"damage":40.0,"enemies":"Pondfish","floor":33.0,"turns":8.0},{"damage":7.0,"enemies":"3 Shapes","floor":35.0,"turns":3.0},{"damage":39.0,"enemies":"3 Darklings","floor":37.0,"turns":5.0},{"damage":22,"enemies":"Spire Growth","floor":38,"turns":5},{"damage":22,"enemies":"Sphere and 2 Shapes","floor":39,"turns":5},{"damage":0,"enemies":"Nemesis","floor":41,"turns":3},{"damage":27,"enemies":"Jaw Worm Horde","floor":43,"turns":8},{"damage":7,"enemies":"Jaw Worm Horde","floor":45,"turns":4},{"damage":38,"enemies":"Donu and Deca","floor":50,"turns":6}],"seed_played":"-7721351034551193779","potions_obtained":[{"floor":1.0,"key":"infinitespire:BlackPotion"},{"floor":12.0,"key":"blueLaboratory:BubblePotion"},{"floor":13.0,"key":"blueLaboratory:LouseDecoction"},{"floor":16.0,"key":"SteroidPotion"},{"floor":18.0,"key":"AttackPotion"},{"floor":24.0,"key":"SteroidPotion"},{"floor":28.0,"key":"Weak Potion"},{"floor":29.0,"key":"AttackPotion"},{"floor":37,"key":"Weak Potion"}],"is_trial":false,"path_per_floor":["M","M","?","$","$","R","M","M","MIM","$","R","M","M","M","R_BF","B",null,"M","AVR","M","?","T","R","E","$","T","R","M","M","R","M","R_BF","B",null,"M","?","M","M","M","R","E","R","MIM","R","M","?","R","AVR","R","B",null],"character_chosen":"IRONCLAD","items_purchased":["ReplayTheSpireMod:TigerMarble","Thunderclap","Jack Of All Trades","ReplayTheSpireMod:Limb From Limb","Sentinel"],"campfire_rested":3,"item_purchase_floors":[4,4,5,25,25],"current_hp_per_floor":[72,70,70,70,70,70,50,45,48,48,48,33,19,11,40,46,97,60,60,60,35,35,64,38,38,38,38,44,46,46,36,65,36,97,97,88,62,55,45,45,58,58,41,41,44,44,44,44,73,47],"gold":299,"neow_bonus":"TWENTY_PERCENT_HP_BONUS","is_daily":false,"chose_seed":false,"campfire_upgraded":8,"win_rate":0.0,"timestamp":1612460580,"path_taken":["M","?","?","?","$","R","?","M","MIM","$","R","M","?","M","R_BF","BOSS","M","AVR","M","?","?","R","E","$","T","R","M","M","R","?","R_BF","BOSS","M","?","M","M","M","R","E","R","MIM","R","M","?","R","AVR","R","BOSS"],"items_purchased_type":["Relic","Card","Card","Card","Card"],"build_version":"2020-12-22","purchased_purges":3,"victory":true,"max_hp_per_floor":[96,96,96,96,96,96,96,96,97,97,97,97,97,97,97,97,97,97,97,97,97,97,97,97,97,97,97,97,97,97,97,97,97,97,97,97,98,98,98,98,98,98,98,98,98,98,98,98,98,98],"relic_stats":{"Busted Crown":42,"counters":[24,117],"Astrolabe":["ReplayTheSpireMod:Corrosion Curse","Havoc","Fire Breathing"],"Juzu Bracelet":0,"Orichalcum":[84],"obtain_stats":[{"Astrolabe":34,"wanderingMiniBosses:AbyssPearl":37,"Juzu Bracelet":41,"Omamori":43,"EVO:Axolotl":0,"Orichalcum":19,"Burning Blood":0,"reliquary:Crutches":9,"jedi:leech":24,"Busted Crown":17,"Iron Hammer":26,"ReplayTheSpireMod:TigerMarble":4,"FossilizedHelix":22},{"Astrolabe":16,"wanderingMiniBosses:AbyssPearl":18,"Juzu Bracelet":21,"Omamori":22,"EVO:Axolotl":0,"Orichalcum":10,"Burning Blood":0,"reliquary:Crutches":5,"jedi:leech":12,"Busted Crown":9,"Iron Hammer":12,"ReplayTheSpireMod:TigerMarble":2,"FossilizedHelix":11},{"Astrolabe":78,"wanderingMiniBosses:AbyssPearl":86,"Juzu Bracelet":99,"Omamori":107,"EVO:Axolotl":0,"Orichalcum":50,"Burning Blood":0,"reliquary:Crutches":19,"jedi:leech":56,"Busted Crown":44,"Iron Hammer":56,"ReplayTheSpireMod:TigerMarble":5,"FossilizedHelix":53}],"Burning Blood":144},"card_choices":[{"not_picked":["Wild Strike","Iron Wave"],"picked":"Evolve","floor":1.0},{"not_picked":["Flex","Dropkick"],"picked":"StSpp:TheBiggerTheyAre","floor":2.0},{"not_picked":["True Grit","Dark Embrace"],"picked":"Berserk","floor":7.0},{"not_picked":["Havoc","Replay:Undeath\u0027s Touch"],"picked":"ReplayTheSpireMod:Muscle Training","floor":8.0},{"not_picked":["Second Wind","Pummel"],"picked":"Dark Embrace","floor":9.0},{"not_picked":["Heavy Blade","Anger"],"picked":"Spot Weakness","floor":12.0},{"not_picked":["Pommel Strike","Rage"],"picked":"Run Through","floor":13.0},{"not_picked":["Heavy Blade","StSpp:Sprint"],"picked":"Flex","floor":14.0},{"not_picked":["Impervious","StSpp:BladeOfBlood"],"picked":"Hemogenesis","floor":16.0},{"not_picked":[],"picked":"Infernal Blade","floor":18.0},{"not_picked":["True Grit"],"picked":"SKIP","floor":20.0},{"not_picked":["infinitespire:Fortify","ReplayTheSpireMod:Haul"],"picked":"infinitespire:Oblivion","floor":21.0},{"not_picked":[],"picked":"Ghostly Armor","floor":24.0},{"not_picked":["Second Wind"],"picked":"SKIP","floor":28.0},{"not_picked":["Armaments"],"picked":"SKIP","floor":29.0},{"not_picked":[],"picked":"Iron Wave+1","floor":31.0},{"not_picked":["Pommel Strike"],"picked":"SKIP","floor":35.0},{"not_picked":[],"picked":"Deep Breath","floor":36.0},{"not_picked":[],"picked":"Mayhem","floor":36.0},{"not_picked":[],"picked":"Bandage Up","floor":36.0},{"not_picked":[],"picked":"Thunderclap+1","floor":37},{"not_picked":["StSpp:TheBiggerTheyAre+1"],"picked":"SKIP","floor":38},{"not_picked":["Pommel Strike"],"picked":"SKIP","floor":39},{"not_picked":["Life Link+1"],"picked":"SKIP","floor":41},{"not_picked":["Twin Strike"],"picked":"SKIP","floor":45}],"player_experience":726519,"relics_obtained":[{"floor":9.0,"key":"reliquary:Crutches"},{"floor":22.0,"key":"FossilizedHelix"},{"floor":24.0,"key":"jedi:leech"},{"floor":26.0,"key":"Iron Hammer"},{"floor":37,"key":"wanderingMiniBosses:AbyssPearl"},{"floor":41,"key":"Juzu Bracelet"},{"floor":43,"key":"Omamori"}],"event_choices":[{"damage_healed":0.0,"max_hp_gain":0.0,"max_hp_loss":0.0,"gold_gain":0.0,"event_name":"SensoryStone","player_choice":"Memory 3","floor":36.0,"gold_loss":0.0,"damage_taken":10.0},{"cards_removed":["Twin Strike"],"damage_healed":0,"gold_gain":0,"player_choice":"Purged","damage_taken":0,"max_hp_gain":0,"max_hp_loss":0,"event_name":"Purifier","floor":46,"gold_loss":0}],"is_beta":false,"boss_relics":[{"not_picked":["Replay:Bronze Core","Ectoplasm"],"picked":"Busted Crown"},{"not_picked":["reliquary:RedCape","infinitespire:Cupcake"],"picked":"Astrolabe"}],"items_purged_floors":[10,19,48],"is_endless":false,"potions_floor_spawned":[1,12,13,16,18,24,28,29,37,38],"ascension_level":3}}