{"host":"kda2p2afd6bvz6qo","time":1612398035,"event":{"mods":["BaseMod","Colored Map","Minty Spire (QoL Compilation)","Relic Stats"],"gold_per_floor":[115,127,137,147,147,178,254,254,254,279,296,296,309,286,286,389,389,407,419,419,446,459,491,451,451,506,506,523,549,569,668,668,769,769,781,800,810,826,840,875,875,875,899,926,938,938,956,511,511,511,511,511,202,235,235],"floor_reached":56,"language":"ENG","playtime":2771,"items_purged":["Strike_R","Strike_R"],"score":1305,"play_id":"3a84c19d-798d-49c5-a5a3-e43c46aaa18f","local_time":"20210204002035","is_ascension_mode":true,"campfire_choices":[{"data":"1","floor":8,"key":"LIFT"},{"data":"2","floor":12,"key":"LIFT"},{"data":"3","floor":15,"key":"LIFT"},{"data":"Heavy Blade","floor":25,"key":"SMITH"},{"data":"Bash","floor":27,"key":"SMITH"},{"data":"Double Tap","floor":32,"key":"SMITH"},{"data":"Metallicize","floor":42,"key":"SMITH"},{"floor":49,"key":"RECALL"},{"data":"Spot Weakness","floor":52,"key":"SMITH"}],"circlet_count":0,"master_deck":["Strike_R","Strike_R+1","Defend_R","Defend_R","Defend_R","Defend_R","Bash+1","Inflame+1","Perfected Strike+1","Heavy Blade+1","Burning Pact","Second Wind","Heavy Blade+1","Spot Weakness+1","Double Tap+1","Sword Boomerang+1","Metallicize+1","Clothesline+1","Reaper","Armaments+1","Juggernaut","Dark Embrace","Reaper","Pommel Strike+1","Armaments"],"relics":["Coffee Dripper","Girya","Pear","Whetstone","Dream Catcher","Snecko Eye","Red Mask","Art of War","Blood Vial","Bronze Scales","Mark of Pain","Bottled Lightning","FossilizedHelix","Anchor","TheAbacus","Orichalcum","Bottled Tornado"],"acts_visited":["Exordium","TheCity","TheBeyond","TheEnding"],"potions_floor_usage":[23,23,28,40,47,55,55,55],"damage_taken":[{"damage":0,"enemies":"Cultist","floor":1,"turns":3},{"damage":1,"enemies":"2 Louse","floor":2,"turns":2},{"damage":7,"enemies":"Jaw Worm","floor":3,"turns":2},{"damage":11,"enemies":"Lots of Slimes","floor":4,"turns":5},{"damage":13,"enemies":"Lagavulin","floor":6,"turns":5},{"damage":8,"enemies":"3 Sentries","floor":10,"turns":6},{"damage":1,"enemies":"3 Louse","floor":11,"turns":2},{"damage":0,"enemies":"Large Slime","floor":13,"turns":2},{"damage":19,"enemies":"Hexaghost","floor":16,"turns":6},{"damage":0,"enemies":"Chosen","floor":18,"turns":2},{"damage":7,"enemies":"Shell Parasite","floor":19,"turns":2},{"damage":0,"enemies":"Masked Bandits","floor":21,"turns":2},{"damage":0,"enemies":"3 Cultists","floor":22,"turns":3},{"damage":19,"enemies":"Book of Stabbing","floor":23,"turns":4},{"damage":0,"enemies":"Centurion and Healer","floor":28,"turns":3},{"damage":27,"enemies":"Slavers","floor":29,"turns":4},{"damage":7,"enemies":"Shelled Parasite and Fungi","floor":30,"turns":2},{"damage":11,"enemies":"Automaton","floor":33,"turns":6},{"damage":1,"enemies":"3 Darklings","floor":35,"turns":2},{"damage":0,"enemies":"3 Shapes","floor":36,"turns":3},{"damage":38,"enemies":"Sphere and 2 Shapes","floor":37,"turns":6},{"damage":40,"enemies":"Writhing Mass","floor":38,"turns":4},{"damage":19,"enemies":"Maw","floor":39,"turns":5},{"damage":48,"enemies":"Nemesis","floor":40,"turns":5},{"damage":32,"enemies":"Giant Head","floor":44,"turns":7},{"damage":0,"enemies":"Sphere and 2 Shapes","floor":45,"turns":3},{"damage":0,"enemies":"3 Darklings","floor":47,"turns":2},{"damage":23,"enemies":"Time Eater","floor":50,"turns":6},{"damage":30,"enemies":"Shield and Spear","floor":54,"turns":3},{"damage":119,"enemies":"The Heart","floor":55,"turns":8}],"seed_played":"6131900284464055538","potions_obtained":[{"floor":3,"key":"SpeedPotion"},{"floor":6,"key":"Explosive Potion"},{"floor":16,"key":"FairyPotion"},{"floor":21,"key":"Regen Potion"},{"floor":24,"key":"CultistPotion"},{"floor":24,"key":"AttackPotion"},{"floor":29,"key":"ElixirPotion"},{"floor":39,"key":"AttackPotion"},{"floor":44,"key":"BloodPotion"},{"floor":45,"key":"Regen Potion"}],"is_trial":false,"path_per_floor":["M","M","M","M","?","E","T","R","T","E","M","R","M","?","R","B",null,"M","M","?","?","M","E","?","R","T","R","M","E","M","?","R","B",null,"M","M","M","M","M","E","?","R","T","E","M","?","M","$","R","B",null,"R","$","E","B",null],"character_chosen":"IRONCLAD","items_purchased":["Anchor","TheAbacus","Ancient Potion","Orichalcum","Armaments"],"campfire_rested":0,"item_purchase_floors":[48,48,48,53,53],"current_hp_per_floor":[80,79,72,61,45,32,42,42,42,34,33,33,33,33,33,14,90,90,83,83,83,83,86,86,86,86,86,88,65,80,80,80,71,90,90,90,66,28,19,43,43,43,43,26,35,35,90,90,90,85,90,90,90,86,14],"gold":235,"neow_bonus":"BOSS_RELIC","is_daily":false,"chose_seed":false,"campfire_upgraded":5,"win_rate":0.0,"timestamp":1612398035,"path_taken":["M","M","M","?","?","E","?","R","T","E","M","R","?","?","R","BOSS","M","M","?","?","M","E","?","R","T","R","?","E","M","?","R","BOSS","M","M","M","M","M","E","?","R","T","E","M","?","M","?","R","BOSS","R","$","E","BOSS"],"items_purchased_type":["Relic","Relic","Potion","Relic","Card"],"build_version":"2020-12-22","purchased_purges":2,"victory":true,"max_hp_per_floor":[80,80,80,80,80,80,90,90,90,90,90,90,90,90,90,90,90,90,90,90,90,90,90,90,90,90,90,90,90,90,90,90,90,90,90,90,90,90,90,90,90,90,90,90,90,90,90,90,90,90,90,90,90,90,90],"relic_stats":{"Blood Vial":22,"Dream Catcher":0,"TheAbacus":[18],"counters":[30,115],"Bronze Scales":[192],"Snecko Eye":[177,154,129,125],"Art of War":[5],"Whetstone":["Heavy Blade","Strike_R"],"Orichalcum":[12],"obtain_stats":[{"Girya":6,"Pear":7,"Whetstone":9,"Orichalcum":53,"Bottled Tornado":54,"Burning Blood":0,"Blood Vial":26,"Dream Catcher":10,"Anchor":48,"TheAbacus":48,"Bronze Scales":29,"Snecko Eye":17,"Mark of Pain":34,"Coffee Dripper":0,"Red Mask":21,"Art of War":23,"Bottled Lightning":40,"FossilizedHelix":44},{"Girya":5,"Pear":5,"Whetstone":5,"Orichalcum":28,"Bottled Tornado":29,"Burning Blood":0,"Blood Vial":14,"Dream Catcher":6,"Anchor":27,"TheAbacus":27,"Bronze Scales":16,"Snecko Eye":9,"Mark of Pain":18,"Coffee Dripper":0,"Red Mask":12,"Art of War":14,"Bottled Lightning":24,"FossilizedHelix":25},{"Girya":17,"Pear":17,"Whetstone":17,"Orichalcum":104,"Bottled Tornado":107,"Burning Blood":0,"Blood Vial":46,"Dream Catcher":23,"Anchor":98,"TheAbacus":98,"Bronze Scales":53,"Snecko Eye":33,"Mark of Pain":61,"Coffee Dripper":0,"Red Mask":39,"Art of War":46,"Bottled Lightning":86,"FossilizedHelix":93}]},"card_choices":[{"not_picked":["Body Slam","Flame Barrier"],"picked":"Inflame","floor":1},{"not_picked":["Body Slam","Iron Wave"],"picked":"Perfected Strike","floor":2},{"not_picked":["Blood for Blood","Searing Blow"],"picked":"Heavy Blade","floor":3},{"not_picked":["Clash","Rupture","Rampage"],"picked":"SKIP","floor":4},{"not_picked":["Clash","Rupture","Rampage"],"picked":"SKIP","floor":4},{"not_picked":["Barricade","Iron Wave"],"picked":"Burning Pact","floor":6},{"not_picked":["Thunderclap","Rampage"],"picked":"Second Wind","floor":10},{"not_picked":["Perfected Strike","Twin Strike"],"picked":"Heavy Blade","floor":11},{"not_picked":["Warcry","Headbutt"],"picked":"Spot Weakness","floor":13},{"not_picked":["Impervious","Brutality"],"picked":"Double Tap","floor":16},{"not_picked":["Warcry","Dropkick+1"],"picked":"Sword Boomerang+1","floor":18},{"not_picked":["Thunderclap","Hemokinesis"],"picked":"Metallicize","floor":19},{"not_picked":["Sword Boomerang","Warcry"],"picked":"Clothesline+1","floor":21},{"not_picked":["Clash","Shrug It Off"],"picked":"Reaper","floor":22},{"not_picked":["Battle Trance","Reckless Charge","Spot Weakness"],"picked":"SKIP","floor":23},{"not_picked":["Rampage","Reckless Charge","Bloodletting"],"picked":"SKIP","floor":28},{"not_picked":["Perfected Strike+1","Anger","Body Slam+1"],"picked":"SKIP","floor":29},{"not_picked":["Seeing Red","Whirlwind"],"picked":"Armaments+1","floor":30},{"not_picked":["Double Tap","Impervious"],"picked":"Juggernaut","floor":33},{"not_picked":["Anger+1","Entrench+1","Bloodletting+1"],"picked":"SKIP","floor":35},{"not_picked":["Anger+1","Iron Wave+1"],"picked":"Dark Embrace","floor":36},{"not_picked":["Searing Blow","Anger","Infernal Blade+1"],"picked":"SKIP","floor":37},{"not_picked":["Heavy Blade","Inflame","Reckless Charge+1"],"picked":"SKIP","floor":38},{"not_picked":["Twin Strike","Flex"],"picked":"Reaper","floor":39},{"not_picked":["Cleave","Rupture","Headbutt"],"picked":"SKIP","floor":40},{"not_picked":["Iron Wave","Cleave","Offering"],"picked":"SKIP","floor":44},{"not_picked":["Heavy Blade+1","Pommel Strike+1","Power Through+1"],"picked":"SKIP","floor":45},{"not_picked":["Heavy Blade+1","Power Through+1"],"picked":"Pommel Strike+1","floor":45},{"not_picked":["Flex","Sword Boomerang+1","Warcry"],"picked":"SKIP","floor":47},{"not_picked":["True Grit","Pommel Strike","Clothesline"],"picked":"SKIP","floor":54}],"player_experience":201818,"relics_obtained":[{"floor":6,"key":"Girya"},{"floor":7,"key":"Pear"},{"floor":9,"key":"Whetstone"},{"floor":10,"key":"Dream Catcher"},{"floor":21,"key":"Red Mask"},{"floor":23,"key":"Art of War"},{"floor":26,"key":"Blood Vial"},{"floor":29,"key":"Bronze Scales"},{"floor":40,"key":"Bottled Lightning"},{"floor":44,"key":"FossilizedHelix"},{"floor":54,"key":"Bottled Tornado"}],"event_choices":[{"damage_healed":0,"gold_gain":0,"player_choice":"Entered Light","damage_taken":16,"max_hp_gain":0,"max_hp_loss":0,"event_name":"Shining Light","floor":5,"gold_loss":0,"cards_upgraded":["Inflame","Perfected Strike"]},{"damage_healed":0,"gold_gain":0,"player_choice":"Left Gold","damage_taken":0,"max_hp_gain":0,"max_hp_loss":0,"event_name":"World of Goop","floor":14,"gold_loss":23},{"damage_healed":0,"gold_gain":0,"player_choice":"Ignored","damage_taken":0,"max_hp_gain":0,"max_hp_loss":0,"event_name":"Ghosts","floor":20,"gold_loss":0},{"damage_healed":0,"gold_gain":0,"player_choice":"Fought Bandits","damage_taken":0,"max_hp_gain":0,"max_hp_loss":0,"event_name":"Masked Bandits","floor":21,"gold_loss":0},{"damage_healed":0,"gold_gain":0,"player_choice":"Bought 3 Potions","damage_taken":0,"max_hp_gain":0,"max_hp_loss":0,"event_name":"The Woman in Blue","floor":24,"gold_loss":0},{"damage_healed":0,"gold_gain":99,"player_choice":"Stole From Cult","damage_taken":0,"max_hp_gain":0,"max_hp_loss":0,"event_name":"Nest","floor":31,"gold_loss":0},{"damage_healed":0,"gold_gain":0,"player_choice":"Ignored","damage_taken":0,"max_hp_gain":0,"max_hp_loss":0,"event_name":"The Moai Head","floor":41,"gold_loss":0},{"cards_removed":["Strike_R"],"damage_healed":0,"gold_gain":0,"player_choice":"Removed Attack","damage_taken":0,"max_hp_gain":0,"max_hp_loss":0,"event_name":"Falling","floor":46,"gold_loss":0}],"is_beta":false,"boss_relics":[{"not_picked":["Cursed Key","Empty Cage"],"picked":"Snecko Eye"},{"not_picked":["Sozu","Velvet Choker"],"picked":"Mark of Pain"}],"items_purged_floors":[48,53],"is_endless":false,"potions_floor_spawned":[3,6,16,19,21,22,29,33,38,39,44,45],"ascension_level":2}}