{"host":"qrbkigq52dd42dk0","time":1612446719,"event":{"mods":["AchievementEnabler","BaseMod","Colored Map","Colored Powertips","Minty Spire (QoL Compilation)","Morshu Shopkeeper - ENHANCED","Quick Restart","StSLib","SuperFastMode","The IronCluck"],"gold_per_floor":[16,36,36,52,66,66,101,118,141,141,172,201,217,259,268,268,268],"floor_reached":16,"language":"ENG","playtime":571,"items_purged":[],"score":205,"play_id":"2b72b8f0-970c-4c14-8515-3618ec0e3a27","local_time":"20210204145159","is_ascension_mode":true,"campfire_choices":[{"data":"1","floor":6,"key":"LIFT"},{"data":"2","floor":10,"key":"LIFT"},{"floor":15,"key":"REST"}],"circlet_count":0,"master_deck":["AscendersBane","Strike_R","Strike_R","Strike_R","Strike_R","Strike_R","Defend_R","Defend_R","Defend_R","Defend_R","Bash","Burning Pact","Battle Trance","Headbutt","Whirlwind","Double Tap","Heavy Blade","Seeing Red"],"relics":["Burning Blood","Du-Vu Doll","Girya","Dream Catcher","Anchor","CeramicFish","Ginger"],"acts_visited":["Exordium"],"potions_floor_usage":[11,16,16],"damage_taken":[{"damage":2,"enemies":"2 Louse","floor":1,"turns":3},{"damage":0,"enemies":"Small Slimes","floor":2,"turns":3},{"damage":6,"enemies":"Cultist","floor":4,"turns":3},{"damage":11,"enemies":"2 Fungi Beasts","floor":5,"turns":4},{"damage":20,"enemies":"Gremlin Nob","floor":7,"turns":4},{"damage":9,"enemies":"Exordium Wildlife","floor":8,"turns":3},{"damage":35,"enemies":"Lagavulin","floor":11,"turns":4},{"damage":1,"enemies":"Looter","floor":12,"turns":2},{"damage":0,"enemies":"Large Slime","floor":13,"turns":5},{"damage":32,"enemies":"Gremlin Nob","floor":14,"turns":4},{"damage":35,"enemies":"The Guardian","floor":16,"turns":9}],"seed_played":"860878712095266599","potions_obtained":[{"floor":1,"key":"LiquidMemories"},{"floor":5,"key":"Block Potion"},{"floor":11,"key":"Dexterity Potion"}],"is_trial":false,"path_per_floor":["M","M","?","M","M","R","E","M","T","R","E","M","M","E","R","B"],"character_chosen":"IRONCLAD","items_purchased":[],"campfire_rested":1,"item_purchase_floors":[],"current_hp_per_floor":[76,80,77,77,72,72,58,55,55,55,26,31,37,11,35,0,0],"gold":268,"neow_bonus":"ONE_RARE_RELIC","is_daily":false,"chose_seed":false,"campfire_upgraded":0,"win_rate":0.0,"timestamp":1612446719,"path_taken":["M","M","?","M","M","R","E","M","T","R","E","M","M","E","R","BOSS"],"items_purchased_type":[],"build_version":"2020-12-22","purchased_purges":0,"victory":false,"max_hp_per_floor":[80,80,80,80,80,80,80,80,80,80,80,80,80,80,80,80,80],"card_choices":[{"not_picked":["Iron Wave","Twin Strike"],"picked":"Burning Pact","floor":1},{"not_picked":["Iron Wave","Thunderclap","Armaments"],"picked":"SKIP","floor":2},{"not_picked":["Seeing Red","True Grit"],"picked":"Battle Trance","floor":4},{"not_picked":["Second Wind","Dark Embrace"],"picked":"Headbutt","floor":5},{"not_picked":["Hemokinesis","Clothesline","Carnage"],"picked":"SKIP","floor":7},{"not_picked":["Perfected Strike","Sentinel"],"picked":"Whirlwind","floor":8},{"not_picked":["Disarm","Dark Embrace","Evolve"],"picked":"SKIP","floor":11},{"not_picked":["Battle Trance","Clothesline"],"picked":"Double Tap","floor":12},{"not_picked":["Perfected Strike","Clothesline","Body Slam"],"picked":"SKIP","floor":13},{"not_picked":["Pommel Strike","Rampage"],"picked":"Heavy Blade","floor":14},{"not_picked":["Dual Wield","True Grit"],"picked":"Seeing Red","floor":15}],"player_experience":200271,"relics_obtained":[{"floor":7,"key":"Dream Catcher"},{"floor":9,"key":"Anchor"},{"floor":11,"key":"CeramicFish"},{"floor":14,"key":"Ginger"}],"event_choices":[{"damage_healed":0,"gold_gain":0,"player_choice":"Success","damage_taken":3,"relics_obtained":["Girya"],"max_hp_gain":0,"max_hp_loss":0,"event_name":"Scrap Ooze","floor":3,"gold_loss":0}],"is_beta":false,"boss_relics":[],"items_purged_floors":[],"is_endless":false,"potions_floor_spawned":[1,5,8,11,13],"killed_by":"The Guardian","ascension_level":13}}