{"host":"bf5upntvbdompq33","time":1612406788,"event":{"mods":["BaseMod","Colored Map","Colored Powertips","Curses Come First","Minty Spire (QoL Compilation)","StSLib","The Hierophant","The Mystic"],"gold_per_floor":[109,123,77,77,87,114,114,127,205,236,236,255,255,278,278,364,364,381,403,419,428,442,442,65,88,88,88,105,389,389,389],"floor_reached":30,"language":"ENG","playtime":1569,"items_purged":["Writhe"],"score":525,"play_id":"17b85b08-b3f0-4ef3-8d69-3355aee0452c","local_time":"20210203194628","is_ascension_mode":true,"campfire_choices":[{"floor":7,"key":"REST"},{"floor":11,"key":"REST"},{"floor":15,"key":"DIG"},{"floor":23,"key":"REST"},{"floor":27,"key":"REST"}],"circlet_count":0,"master_deck":["AscendersBane","Strike_R","Strike_R","Strike_R","Strike_R","Strike_R","Defend_R","Defend_R","Defend_R","Bash","Demon Form+1","Perfected Strike","Pommel Strike","Perfected Strike","Reckless Charge","Headbutt","Pummel","Flame Barrier","Feed","Bloodletting","Impervious","Carnage+1","Apotheosis","Reaper","Pommel Strike","Regret"],"relics":["Burning Blood","Shovel","Singing Bowl","CeramicFish","Ancient Tea Set","Snecko Eye","Smiling Mask","Kunai"],"acts_visited":["Exordium","TheCity"],"potions_floor_usage":[16,16,19,25],"damage_taken":[{"damage":11,"enemies":"Cultist","floor":1,"turns":5},{"damage":12,"enemies":"Jaw Worm","floor":2,"turns":4},{"damage":4,"enemies":"Small Slimes","floor":5,"turns":3},{"damage":40,"enemies":"Lagavulin","floor":6,"turns":7},{"damage":16,"enemies":"Blue Slaver","floor":8,"turns":3},{"damage":8,"enemies":"Gremlin Nob","floor":10,"turns":3},{"damage":6,"enemies":"Looter","floor":12,"turns":3},{"damage":9,"enemies":"Red Slaver","floor":14,"turns":2},{"damage":3,"enemies":"Slime Boss","floor":16,"turns":8},{"damage":36,"enemies":"Shell Parasite","floor":18,"turns":4},{"damage":0,"enemies":"Spheric Guardian","floor":19,"turns":4},{"damage":43,"enemies":"Centurion and Healer","floor":20,"turns":5},{"damage":20,"enemies":"Cultist and Chosen","floor":22,"turns":5},{"damage":30,"enemies":"Snake Plant","floor":25,"turns":4},{"damage":22,"enemies":"Sentry and Sphere","floor":28,"turns":4},{"damage":35,"enemies":"Book of Stabbing","floor":30,"turns":2}],"seed_played":"-603264064716837710","potions_obtained":[{"floor":2,"key":"DistilledChaos"},{"floor":8,"key":"ElixirPotion"},{"floor":12,"key":"DistilledChaos"},{"floor":18,"key":"Block Potion"},{"floor":22,"key":"Block Potion"},{"floor":25,"key":"ElixirPotion"}],"is_trial":false,"path_per_floor":["M","M","$","?","M","E","R","M","T","E","R","M","?","M","R","B",null,"M","M","M","?","M","R","$","M","T","R","M","?","E"],"character_chosen":"IRONCLAD","items_purchased":["Perfected Strike","Apotheosis","Reaper"],"campfire_rested":4,"item_purchase_floors":[3,24,24],"current_hp_per_floor":[45,39,39,39,41,7,29,19,19,19,42,42,42,42,42,48,74,46,55,23,23,11,39,39,15,15,43,29,29,0,0],"gold":389,"neow_bonus":"THREE_RARE_CARDS","is_daily":false,"chose_seed":false,"campfire_upgraded":0,"win_rate":0.0,"timestamp":1612406788,"path_taken":["M","M","?","?","?","E","R","M","T","E","R","M","?","M","R","BOSS","M","M","M","?","M","R","$","M","T","R","M","?","E"],"items_purchased_type":["Card","Card","Card"],"build_version":"2020-12-22","purchased_purges":1,"victory":false,"max_hp_per_floor":[75,75,75,75,75,75,75,75,75,77,77,77,77,80,80,83,83,85,88,93,93,95,95,95,95,95,95,97,97,97,97],"card_choices":[{"not_picked":["Berserk","Impervious"],"picked":"Demon Form","floor":0},{"not_picked":["Armaments","Thunderclap"],"picked":"Perfected Strike","floor":1},{"not_picked":["Heavy Blade","Iron Wave"],"picked":"Pommel Strike","floor":2},{"not_picked":["Hemokinesis","Intimidate"],"picked":"Headbutt","floor":5},{"not_picked":["Feel No Pain","Havoc"],"picked":"Pummel","floor":6},{"not_picked":["Dark Embrace","Combust"],"picked":"Flame Barrier","floor":8},{"not_picked":["Burning Pact","Havoc","Pummel"],"picked":"Singing Bowl","floor":10},{"not_picked":["Seeing Red","Armaments"],"picked":"Feed","floor":12},{"not_picked":["Sentinel","Heavy Blade"],"picked":"Bloodletting","floor":14},{"not_picked":["Juggernaut","Brutality"],"picked":"Impervious","floor":16},{"not_picked":["Warcry","Feel No Pain","Iron Wave"],"picked":"Singing Bowl","floor":18},{"not_picked":["Dropkick","Flex"],"picked":"Carnage+1","floor":19},{"not_picked":["Thunderclap","Second Wind","True Grit"],"picked":"Singing Bowl","floor":20},{"not_picked":["Iron Wave","Heavy Blade","Metallicize"],"picked":"Singing Bowl","floor":22},{"not_picked":["Body Slam+1","Pummel"],"picked":"Pommel Strike","floor":25},{"not_picked":["Thunderclap","Clothesline","Iron Wave+1"],"picked":"Singing Bowl","floor":28}],"player_experience":1382921,"relics_obtained":[{"floor":6,"key":"Shovel"},{"floor":9,"key":"Singing Bowl"},{"floor":10,"key":"CeramicFish"},{"floor":15,"key":"Ancient Tea Set"},{"floor":26,"key":"Kunai"}],"event_choices":[{"damage_healed":0,"gold_gain":0,"cards_transformed":["Defend_R"],"player_choice":"Transformed","damage_taken":0,"max_hp_gain":0,"max_hp_loss":0,"event_name":"Transmorgrifier","floor":4,"gold_loss":0,"cards_obtained":["Reckless Charge"]},{"damage_healed":0,"gold_gain":0,"player_choice":"Grow","damage_taken":0,"max_hp_gain":0,"max_hp_loss":0,"event_name":"Living Wall","floor":13,"gold_loss":0,"cards_upgraded":["Demon Form"]},{"damage_healed":0,"gold_gain":0,"player_choice":"Opened","damage_taken":0,"relics_obtained":["Smiling Mask"],"max_hp_gain":0,"max_hp_loss":0,"event_name":"The Mausoleum","floor":21,"gold_loss":0,"cards_obtained":["Writhe"]},{"damage_healed":0,"gold_gain":275,"player_choice":"Desecrate","damage_taken":0,"max_hp_gain":0,"max_hp_loss":0,"event_name":"Golden Shrine","floor":29,"gold_loss":0,"cards_obtained":["Regret"]}],"is_beta":false,"boss_relics":[{"not_picked":["Fusion Hammer","Calling Bell"],"picked":"Snecko Eye"}],"items_purged_floors":[24],"is_endless":false,"potions_floor_spawned":[2,8,10,12,18,22,25],"killed_by":"Book of Stabbing","ascension_level":14}}