{"host":"gzk4gkgy3zij1c51","time":1612470114,"event":{"mods":["BaseMod","Colored Map","Downfall","Highlight Path","Marked Mod","Minty Spire (QoL Compilation)","Relic Stats","StSLib","everything is the same but u backflip on backflip"],"gold_per_floor":[114,127,52,52,71,96,108,120,120,139,15,15,48,48,48,147,147,158,158,257,182,202,202,202],"floor_reached":23,"language":"ENG","playtime":1185,"items_purged":["Strike_P"],"score":266,"play_id":"30835fa6-fcbe-418a-a5cc-520cfac91447","local_time":"20210204202154","is_ascension_mode":true,"campfire_choices":[{"data":"MarkedMod:OneThousandNeedles","floor":12,"key":"SMITH"},{"floor":15,"key":"RECALL"}],"circlet_count":0,"master_deck":["Strike_P+1","Strike_P+1","Defend_P+1","Defend_P+1","Defend_P+1","Defend_P+1","Eruption","Vigilance","Evaluate","SandsOfTime","CutThroughFate","BowlingBash","MarkedMod:OneThousandNeedles+1","FearNoEvil","MarkedMod:GracefulMovements","JustLucky","MarkedMod:ChiBlock","ForeignInfluence"],"relics":["PureWater","Turnip","bronze:BronzeIdol","Singing Bowl","Mummified Hand","sneckomod:SneckoTalon"],"acts_visited":["Exordium","TheCity"],"potions_floor_usage":[6,16,18,22],"damage_taken":[{"damage":7.0,"enemies":"Jaw Worm","floor":1.0,"turns":5.0},{"damage":0.0,"enemies":"Cultist","floor":2.0,"turns":3.0},{"damage":4,"enemies":"2 Louse","floor":5,"turns":2},{"damage":33,"enemies":"3 Sentries","floor":6,"turns":15},{"damage":0,"enemies":"Exordium Thugs","floor":7,"turns":4},{"damage":9,"enemies":"3 Louse","floor":8,"turns":2},{"damage":1,"enemies":"Looter","floor":10,"turns":4},{"damage":22,"enemies":"Gremlin Nob","floor":13,"turns":3},{"damage":28,"enemies":"Slime Boss","floor":16,"turns":10},{"damage":8,"enemies":"Spheric Guardian","floor":18,"turns":4},{"damage":18,"enemies":"2 Thieves","floor":22,"turns":4},{"damage":66,"enemies":"Slavers","floor":23,"turns":3}],"seed_played":"-4334976373948009627","potions_obtained":[{"floor":5,"key":"GamblersBrew"},{"floor":7,"key":"DuplicationPotion"},{"floor":8,"key":"BottledMiracle"},{"floor":10,"key":"Ambrosia"},{"floor":22,"key":"SpeedPotion"}],"is_trial":false,"path_per_floor":["M","M","$","?","M","E","M","M","T","M","$","R","E","?","R","B",null,"M","?","?","?","M","E"],"character_chosen":"WATCHER","items_purchased":["MarkedMod:GracefulMovements","JustLucky"],"campfire_rested":0,"item_purchase_floors":[11,11],"current_hp_per_floor":[72,72,72,72,68,35,35,26,26,25,25,25,3,89,89,61,89,83,83,83,83,65,0,0],"gold":202,"neow_bonus":"TEN_PERCENT_HP_BONUS","is_daily":false,"chose_seed":false,"campfire_upgraded":1,"win_rate":0.0,"timestamp":1612470114,"path_taken":["M","M","$","?","?","E","M","M","T","M","?","R","E","?","R","BOSS","M","?","?","?","M","E"],"items_purchased_type":["Card","Card"],"build_version":"2020-12-22","purchased_purges":1,"victory":false,"max_hp_per_floor":[79,79,79,79,79,79,79,79,79,79,79,79,79,89,89,89,89,91,91,91,91,91,91,91],"relic_stats":{"Singing Bowl":2,"counters":[12,59],"Mummified Hand":[5],"Turnip":[10],"obtain_stats":[{"Singing Bowl":9,"Mummified Hand":13,"Turnip":4,"PureWater":0,"sneckomod:SneckoTalon":17,"bronze:BronzeIdol":6},{"Singing Bowl":6,"Mummified Hand":8,"Turnip":2,"PureWater":0,"sneckomod:SneckoTalon":9,"bronze:BronzeIdol":4},{"Singing Bowl":31,"Mummified Hand":38,"Turnip":8,"PureWater":0,"sneckomod:SneckoTalon":48,"bronze:BronzeIdol":25}]},"card_choices":[{"not_picked":["MarkedMod:GentlePulse","FlyingSleeves"],"picked":"Evaluate","floor":1.0},{"not_picked":["FlurryOfBlows","Evaluate"],"picked":"Consecrate","floor":2.0},{"not_picked":["Fasting2","SashWhip"],"picked":"SandsOfTime","floor":5},{"not_picked":["BattleHymn","Protect"],"picked":"CutThroughFate","floor":6},{"not_picked":["Halt","FlurryOfBlows"],"picked":"BowlingBash","floor":7},{"not_picked":["MarkedMod:Acupuncture","EmptyBody"],"picked":"MarkedMod:OneThousandNeedles","floor":8},{"not_picked":["Sanctity","Halt"],"picked":"FearNoEvil","floor":10},{"not_picked":["Wallop","FollowUp"],"picked":"Devotion","floor":13},{"not_picked":["Brilliance","Ragnarok"],"picked":"MarkedMod:ChiBlock","floor":16},{"not_picked":["CutThroughFate","TalkToTheHand","MarkedMod:Acupuncture"],"picked":"Singing Bowl","floor":18},{"not_picked":["FollowUp","ThirdEye"],"picked":"ForeignInfluence","floor":22}],"player_experience":1145331,"relics_obtained":[{"floor":6,"key":"bronze:BronzeIdol"},{"floor":9,"key":"Singing Bowl"},{"floor":13,"key":"Mummified Hand"}],"event_choices":[{"cards_removed":["Consecrate"],"damage_healed":0.0,"max_hp_gain":0.0,"max_hp_loss":0.0,"gold_gain":0.0,"event_name":"WeMeetAgain","player_choice":"Gave Card","floor":4.0,"gold_loss":0.0,"damage_taken":0.0,"relics_obtained":["Turnip"]},{"cards_removed":["Devotion"],"damage_healed":76,"gold_gain":0,"player_choice":"Offered Rare","damage_taken":0,"max_hp_gain":10,"max_hp_loss":0,"event_name":"Bonfire Elementals","floor":14,"gold_loss":0},{"damage_healed":0,"gold_gain":0,"player_choice":"Simplicity","damage_taken":0,"max_hp_gain":0,"max_hp_loss":0,"event_name":"Back to Basics","floor":19,"gold_loss":0,"cards_upgraded":["Strike_P","Strike_P","Strike_P","Defend_P","Defend_P","Defend_P","Defend_P"]},{"damage_healed":0,"gold_gain":99,"player_choice":"Stole From Cult","damage_taken":0,"max_hp_gain":0,"max_hp_loss":0,"event_name":"Nest","floor":20,"gold_loss":0},{"cards_removed":["Strike_P"],"damage_healed":0,"gold_gain":0,"player_choice":"Gave Gold","damage_taken":0,"max_hp_gain":0,"max_hp_loss":0,"event_name":"Beggar","floor":21,"gold_loss":75}],"is_beta":false,"boss_relics":[{"not_picked":["Tiny House","Runic Pyramid"],"picked":"sneckomod:SneckoTalon"}],"items_purged_floors":[3],"is_endless":false,"potions_floor_spawned":[5,7,8,10,22],"killed_by":"Slavers","ascension_level":4}}