{"host":"c3lc60y5x60jlt1y","time":1612460033,"event":{"mods":["AchievementEnabler","BaseMod","Bestiary","Colored Map","Minty Spire (QoL Compilation)","Quick Restart","StSLib","ojb\u0027s Info Mod"],"gold_per_floor":[113,113,113,134,134,134,173,196,196,231,250,270,283,297,297,297,297],"floor_reached":16,"language":"ENG","playtime":924,"items_purged":[],"score":278,"play_id":"969144bf-0230-4bb7-8969-d1d19b4101f5","local_time":"20210204193353","is_ascension_mode":true,"campfire_choices":[{"data":"Eruption","floor":6,"key":"SMITH"},{"floor":15,"key":"REST"}],"circlet_count":0,"master_deck":["AscendersBane","Strike_P","Strike_P","Strike_P","Strike_P","Defend_P","Defend_P","Defend_P","Eruption+1","Vigilance","WheelKick","JustLucky","WaveOfTheHand","BowlingBash","Scrawl","Consecrate","Evaluate","Tantrum","CutThroughFate"],"relics":["PureWater","NeowsBlessing","Golden Idol","Ornamental Fan","StrikeDummy","MealTicket"],"acts_visited":["Exordium"],"potions_floor_usage":[16],"damage_taken":[{"damage":0,"enemies":"2 Louse","floor":1,"turns":1},{"damage":0,"enemies":"Jaw Worm","floor":4,"turns":1},{"damage":0,"enemies":"Lagavulin","floor":7,"turns":1},{"damage":7,"enemies":"Small Slimes","floor":8,"turns":4},{"damage":24,"enemies":"3 Sentries","floor":10,"turns":6},{"damage":2,"enemies":"Blue Slaver","floor":11,"turns":4},{"damage":9,"enemies":"Gremlin Gang","floor":12,"turns":3},{"damage":0,"enemies":"2 Fungi Beasts","floor":13,"turns":2},{"damage":0,"enemies":"Looter","floor":14,"turns":1},{"damage":27,"enemies":"The Guardian","floor":16,"turns":9}],"seed_played":"6993310559581043860","potions_obtained":[{"floor":1,"key":"SpeedPotion"},{"floor":10,"key":"CultistPotion"},{"floor":14,"key":"PowerPotion"}],"is_trial":false,"path_per_floor":["M","?","?","M","?","R","E","M","T","E","M","M","M","M","R","B"],"character_chosen":"WATCHER","items_purchased":[],"campfire_rested":1,"item_purchase_floors":[],"current_hp_per_floor":[61,61,66,66,59,59,59,52,52,28,26,17,17,17,37,10,10],"gold":297,"neow_bonus":"THREE_ENEMY_KILL","is_daily":false,"chose_seed":false,"campfire_upgraded":1,"win_rate":0.0,"timestamp":1612460033,"path_taken":["M","?","?","M","?","R","E","M","T","E","M","?","?","M","R","BOSS"],"items_purchased_type":[],"build_version":"2020-12-22","purchased_purges":0,"victory":false,"max_hp_per_floor":[68,62,67,67,67,67,67,67,67,67,67,67,67,67,67,67,67],"card_choices":[{"not_picked":["Collect","CrushJoints"],"picked":"WheelKick","floor":1},{"not_picked":["WreathOfFlame","Crescendo"],"picked":"JustLucky","floor":4},{"not_picked":["WindmillStrike","FollowUp"],"picked":"WaveOfTheHand","floor":7},{"not_picked":["Crescendo","JustLucky"],"picked":"BowlingBash","floor":8},{"not_picked":["Crescendo","JustLucky"],"picked":"Scrawl","floor":10},{"not_picked":["SandsOfTime","EmptyBody"],"picked":"Consecrate","floor":11},{"not_picked":["Consecrate","Conclude"],"picked":"Evaluate","floor":12},{"not_picked":["MentalFortress","Evaluate"],"picked":"Tantrum","floor":13},{"not_picked":["ThirdEye","EmptyFist"],"picked":"CutThroughFate","floor":14}],"player_experience":9007656,"relics_obtained":[{"floor":7,"key":"Ornamental Fan"},{"floor":9,"key":"StrikeDummy"},{"floor":10,"key":"MealTicket"}],"event_choices":[{"damage_healed":0,"gold_gain":0,"player_choice":"Lose Max HP","damage_taken":0,"relics_obtained":["Golden Idol"],"max_hp_gain":0,"max_hp_loss":6,"event_name":"Golden Idol","floor":2,"gold_loss":0},{"damage_healed":0,"gold_gain":0,"player_choice":"Donut","damage_taken":0,"max_hp_gain":5,"max_hp_loss":0,"event_name":"Big Fish","floor":3,"gold_loss":0},{"cards_removed":["Defend_P"],"damage_healed":0,"gold_gain":0,"player_choice":"Card Removal","damage_taken":7,"max_hp_gain":0,"max_hp_loss":0,"event_name":"Golden Wing","floor":5,"gold_loss":0}],"is_beta":false,"boss_relics":[],"items_purged_floors":[],"is_endless":false,"potions_floor_spawned":[1,10,14],"killed_by":"The Guardian","ascension_level":20}}