{"host":"7tvb1em0d2fx72q7","time":1612416374,"event":{"mods":["BaseMod","Challenge The Spire","Minty Spire (QoL Compilation)","StSLib","everything is the same but u backflip on backflip"],"gold_per_floor":[112,130,143,160,174,174,194,194,194],"floor_reached":8,"language":"ENG","playtime":498,"items_purged":[],"score":104,"play_id":"f7e55c5f-c588-48a0-94b9-693a1f17e233","local_time":"20210204002614","is_ascension_mode":true,"campfire_choices":[{"floor":6,"key":"REST"}],"circlet_count":0,"master_deck":["AscendersBane","Strike_B","Strike_B","Strike_B","Strike_B","Defend_B","Defend_B","Defend_B","Defend_B","Zap","Dualcast","Conserve Battery","White Noise","Coolheaded","Go for the Eyes","Melter","Machine Learning"],"relics":["Cracked Core","Blood Vial"],"acts_visited":["Exordium"],"potions_floor_usage":[4,7,8],"damage_taken":[{"damage":7,"enemies":"Jaw Worm","floor":1,"turns":4},{"damage":0,"enemies":"Cultist","floor":2,"turns":4},{"damage":8,"enemies":"Small Slimes","floor":3,"turns":4},{"damage":25,"enemies":"Gremlin Gang","floor":4,"turns":4},{"damage":11,"enemies":"2 Fungi Beasts","floor":5,"turns":3},{"damage":30,"enemies":"Exordium Thugs","floor":7,"turns":7},{"damage":22,"enemies":"3 Sentries","floor":8,"turns":4}],"seed_played":"7905291273020305861","potions_obtained":[{"floor":3,"key":"ColorlessPotion"},{"floor":5,"key":"LiquidMemories"},{"floor":7,"key":"FocusPotion"}],"is_trial":false,"path_per_floor":["M","M","M","M","M","R","M","E"],"character_chosen":"DEFECT","items_purchased":[],"campfire_rested":1,"item_purchase_floors":[],"current_hp_per_floor":[59,61,55,32,23,44,16,0,0],"gold":194,"neow_bonus":"RANDOM_COMMON_RELIC","is_daily":false,"chose_seed":false,"campfire_upgraded":0,"win_rate":0.0,"timestamp":1612416374,"path_taken":["M","M","M","M","M","R","M","E"],"items_purchased_type":[],"build_version":"2020-12-22","purchased_purges":0,"victory":false,"max_hp_per_floor":[71,71,71,71,71,71,71,71,71],"card_choices":[{"not_picked":["Gash","Skim"],"picked":"Conserve Battery","floor":1},{"not_picked":["Reinforced Body","Redo"],"picked":"White Noise","floor":2},{"not_picked":["Hologram","Fusion"],"picked":"Coolheaded","floor":3},{"not_picked":["Beam Cell","Fusion"],"picked":"Go for the Eyes","floor":4},{"not_picked":["Streamline","Fusion"],"picked":"Melter","floor":5},{"not_picked":["Scrape","Rebound"],"picked":"Machine Learning","floor":7}],"player_experience":2016725,"relics_obtained":[],"event_choices":[],"is_beta":false,"boss_relics":[],"items_purged_floors":[],"is_endless":false,"potions_floor_spawned":[3,5,7],"killed_by":"3 Sentries","ascension_level":20}}