{"host":"d2y4rmbezebiv8aj","time":1612437889,"event":{"mods":["AchievementEnabler","BaseMod","Bestiary","BetterRewards","Colored Map","Colored Powertips","Custom Start","Highlight Path","Minty Spire (QoL Compilation)","Quick Restart","Rare Cards Sparkle","Relic Sorter","Relic Stats","Shop Mod","Slay-I","StSLib","SuperFastMode"],"gold_per_floor":[118,133,152,165,184,184,196,196,196],"floor_reached":8,"language":"DEU","playtime":185,"items_purged":[],"score":88,"play_id":"8cb89bc2-6537-444d-afc3-6b1e1d9ace61","local_time":"20210204122449","is_ascension_mode":true,"campfire_choices":[{"floor":6.0,"key":"REST"}],"circlet_count":0,"master_deck":["AscendersBane","Strike_G","Strike_G","Strike_G","Strike_G","Strike_G","Defend_G","Defend_G","Defend_G","Defend_G","Defend_G","Survivor","Neutralize","Slice","Flying Knee","Infinite Blades","Mayhem","Blade Dance","Slice","Accuracy","Noxious Fumes","Slice","Backflip"],"relics":["Ring of the Snake","Shuriken"],"acts_visited":["Exordium"],"potions_floor_usage":[],"damage_taken":[{"damage":13.0,"enemies":"Jaw Worm","floor":1.0,"turns":4.0},{"damage":5.0,"enemies":"Small Slimes","floor":2.0,"turns":3.0},{"damage":0.0,"enemies":"Cultist","floor":3.0,"turns":2.0},{"damage":14.0,"enemies":"Exordium Thugs","floor":4.0,"turns":3.0},{"damage":0.0,"enemies":"Blue Slaver","floor":5.0,"turns":2.0},{"damage":15.0,"enemies":"Red Slaver","floor":7.0,"turns":3.0},{"damage":12,"enemies":"Gremlin Nob","floor":8,"turns":2}],"seed_played":"8348279730099525323","potions_obtained":[{"floor":1.0,"key":"BlessingOfTheForge"},{"floor":4.0,"key":"AttackPotion"},{"floor":7.0,"key":"Energy Potion"}],"is_trial":false,"path_per_floor":["M","M","M","M","M","R","M","E"],"character_chosen":"THE_SILENT","items_purchased":["Shuriken","Slice","Flying Knee","Infinite Blades","Mayhem"],"campfire_rested":1,"item_purchase_floors":[0,0,0,0,0],"current_hp_per_floor":[22,17,17,3,3,22,7,0,0],"gold":196,"neow_bonus":"","is_daily":false,"chose_seed":false,"campfire_upgraded":0,"win_rate":0.0,"timestamp":1612437889,"path_taken":["M","M","M","M","M","R","M","E"],"items_purchased_type":["Relic","Card","Card","Card","Card"],"build_version":"2020-12-22","purchased_purges":0,"victory":false,"max_hp_per_floor":[66,66,66,66,66,66,66,66,66],"relic_stats":{"counters":[32,164],"Shuriken":[13],"obtain_stats":[{"Regal Pillow":9,"Lantern":10,"Pear":27,"NeowsBlessing":0,"Golden Idol":5,"Whetstone":14,"Frozen Egg 2":17,"Smiling Mask":7,"Old Coin":17,"Calling Bell":17,"Anchor":8,"Nunchaku":17,"Shuriken":0,"Black Star":17,"Art of War":9,"Kunai":0,"Ring of the Snake":0,"Meat on the Bone":26},{"Regal Pillow":4,"Lantern":17,"Pear":23,"NeowsBlessing":0,"Golden Idol":14,"Whetstone":6,"Frozen Egg 2":19,"Smiling Mask":4,"Old Coin":19,"Calling Bell":19,"Anchor":16,"Nunchaku":19,"Shuriken":25,"Black Star":7,"Art of War":16,"Kunai":10,"Ring of the Snake":0,"Meat on the Bone":22},{"Regal Pillow":12,"Lantern":88,"Pear":130,"NeowsBlessing":0,"Golden Idol":69,"Whetstone":21,"Frozen Egg 2":109,"Smiling Mask":12,"Old Coin":109,"Calling Bell":109,"Anchor":84,"Nunchaku":109,"Shuriken":145,"Black Star":28,"Art of War":84,"Kunai":45,"Ring of the Snake":0,"Meat on the Bone":124}],"Ring of the Snake":[64]},"card_choices":[{"not_picked":["Slice","Dagger Spray"],"picked":"Blade Dance","floor":1.0},{"not_picked":["Flying Knee","Sucker Punch"],"picked":"Slice","floor":2.0},{"not_picked":["Footwork","Prepared"],"picked":"Accuracy","floor":3.0},{"not_picked":["Acrobatics","Outmaneuver"],"picked":"Noxious Fumes","floor":4.0},{"not_picked":["Calculated Gamble","Deadly Poison"],"picked":"Slice","floor":5.0},{"not_picked":["Distraction","Expertise"],"picked":"Backflip","floor":7.0}],"player_experience":411477,"relics_obtained":[],"event_choices":[],"is_beta":false,"boss_relics":[],"items_purged_floors":[],"is_endless":false,"potions_floor_spawned":[1,4,7],"killed_by":"Gremlin Nob","ascension_level":14}}