{"host":"x000krxjblg8jdg4","time":1612482869,"event":{"mods":["BaseMod","Downfall","Hermit","Minty Spire (QoL Compilation)","StSLib","The Runesmith","The Servant 0.9.4"],"gold_per_floor":[116,116,191,244,244,244,257,2,2,28,42,70,70,80,80,181,181,198,198,297,297,29,57,21,21,21,35,35,35,35,35,35],"floor_reached":31,"language":"ENG","playtime":1334,"items_purged":[],"score":257,"play_id":"8064c45e-96eb-461b-9574-93b9b38add0d","local_time":"20210204215429","is_ascension_mode":false,"campfire_choices":[{"data":"hermit:Glare","floor":6,"key":"SMITH"},{"floor":15,"key":"REST"},{"floor":28,"key":"REST"},{"floor":30,"key":"REST"}],"circlet_count":0,"master_deck":["hermit:Strike_Hermit","hermit:Strike_Hermit","hermit:Strike_Hermit","hermit:Defend_Hermit","hermit:Defend_Hermit","hermit:Defend_Hermit","hermit:Defend_Hermit","hermit:Snapshot","hermit:Covet","hermit:Reprieve","hermit:Glare+1","hermit:ItchyTrigger","hermit:Combo","hermit:BigShot","hermit:Enervate","hermit:WideOpen","hermit:Virtue+1","hermit:TakeAim+1","hermit:Vantage+1","hermit:EternalForm+1","hermit:Glare+1","Apotheosis+1","hermit:TakeAim+1","hermit:TrackingShot","hermit:Determination+1","hermit:TakeAim+1","hermit:ShadowCloak+1"],"relics":["hermit:Momento","Pen Nib","Frozen Egg 2","Toxic Egg 2","Bag of Marbles","hermit:BartenderGlass","Boot","Nloth\u0027s Gift"],"acts_visited":["Exordium","TheCity"],"potions_floor_usage":[10,12,16,18,23,23,27,27,27,27,31,31],"damage_taken":[{"damage":0,"enemies":"2 Louse","floor":1,"turns":2},{"damage":0,"enemies":"Jaw Worm","floor":7,"turns":3},{"damage":16,"enemies":"Lagavulin","floor":10,"turns":5},{"damage":0,"enemies":"Small Slimes","floor":11,"turns":2},{"damage":25,"enemies":"3 Sentries","floor":12,"turns":7},{"damage":13,"enemies":"Blue Slaver","floor":14,"turns":4},{"damage":25,"enemies":"The Guardian","floor":16,"turns":7},{"damage":9,"enemies":"Shell Parasite","floor":18,"turns":4},{"damage":34,"enemies":"Book of Stabbing","floor":23,"turns":5},{"damage":34,"enemies":"3 Byrds","floor":27,"turns":5},{"damage":54,"enemies":"Slavers","floor":31,"turns":3}],"seed_played":"7731944952746594770","potions_obtained":[{"floor":7,"key":"Weak Potion"},{"floor":11,"key":"Fire Potion"},{"floor":12,"key":"Fire Potion"},{"floor":16,"key":"DistilledChaos"},{"floor":18,"key":"Explosive Potion"},{"floor":27,"key":"Strength Potion"}],"is_trial":false,"path_per_floor":["M","?","?","?","?","R","M","$","T","E","M","E","$","M","R","B",null,"M","?","?","?","$","E","$","?","T","M","R","?","R","E"],"character_chosen":"HERMIT","items_purchased":["Pen Nib","hermit:BigShot","hermit:Enervate","Apotheosis+1","hermit:TakeAim+1","hermit:TrackingShot","hermit:TakeAim+1"],"campfire_rested":3,"item_purchase_floors":[8,8,8,22,22,22,24],"current_hp_per_floor":[75,72,61,61,61,61,61,61,61,45,45,20,20,11,33,12,75,66,66,66,66,66,32,32,32,32,2,24,24,46,0,0],"gold":35,"neow_bonus":"ONE_RANDOM_RARE_CARD","is_daily":false,"chose_seed":false,"campfire_upgraded":1,"win_rate":0.0,"timestamp":1612482869,"path_taken":["M","?","?","?","?","R","?","?","T","E","M","E","$","M","R","BOSS","M","?","?","?","$","E","$","?","T","M","R","?","R","E"],"items_purchased_type":["Relic","Card","Card","Card","Card","Card","Card"],"build_version":"2020-12-22","purchased_purges":0,"victory":false,"max_hp_per_floor":[75,75,75,75,75,75,75,75,75,75,75,75,75,75,75,75,75,75,75,75,75,75,75,75,75,75,75,75,75,75,75,75],"card_choices":[{"not_picked":["hermit:HoleUp","hermit:Midnight"],"picked":"hermit:Glare","floor":1},{"not_picked":["hermit:TrackingShot","hermit:ItchyTrigger"],"picked":"hermit:Combo","floor":7},{"not_picked":["hermit:Misfire","hermit:Headshot"],"picked":"hermit:WideOpen","floor":10},{"not_picked":["hermit:Desperado","hermit:LowProfile+1"],"picked":"hermit:Virtue+1","floor":11},{"not_picked":["hermit:BodyArmor+1","hermit:LowProfile+1"],"picked":"hermit:TakeAim+1","floor":12},{"not_picked":["hermit:Scavenge+1","hermit:FinalCanter"],"picked":"hermit:Vantage+1","floor":14},{"not_picked":["hermit:FinalCanter","hermit:Purgatory"],"picked":"hermit:EternalForm+1","floor":16},{"not_picked":["hermit:Vantage+1","hermit:Ricochet"],"picked":"hermit:Glare+1","floor":18},{"not_picked":["hermit:Virtue+1","hermit:FullyLoaded+1"],"picked":"hermit:Determination+1","floor":23},{"not_picked":["hermit:ItchyTrigger+1","hermit:WideOpen"],"picked":"hermit:ShadowCloak+1","floor":27}],"player_experience":47067,"relics_obtained":[{"floor":9,"key":"Frozen Egg 2"},{"floor":10,"key":"Toxic Egg 2"},{"floor":12,"key":"Bag of Marbles"},{"floor":23,"key":"Orichalcum"},{"floor":26,"key":"Boot"}],"event_choices":[{"damage_healed":0,"gold_gain":0,"player_choice":"Fled","damage_taken":3,"max_hp_gain":0,"max_hp_loss":0,"event_name":"Scrap Ooze","floor":2,"gold_loss":0},{"damage_healed":0,"gold_gain":75,"player_choice":"Gather Gold","damage_taken":11,"max_hp_gain":0,"max_hp_loss":0,"event_name":"World of Goop","floor":3,"gold_loss":0},{"damage_healed":0,"gold_gain":53,"player_choice":"Gained Gold","damage_taken":0,"max_hp_gain":0,"max_hp_loss":0,"event_name":"Golden Wing","floor":4,"gold_loss":0},{"damage_healed":0,"gold_gain":0,"cards_transformed":["hermit:Strike_Hermit"],"player_choice":"Change","damage_taken":0,"max_hp_gain":0,"max_hp_loss":0,"event_name":"Living Wall","floor":5,"gold_loss":0,"cards_obtained":["hermit:ItchyTrigger"]},{"damage_healed":0,"gold_gain":99,"player_choice":"Stole From Cult","damage_taken":0,"max_hp_gain":0,"max_hp_loss":0,"event_name":"Nest","floor":20,"gold_loss":0},{"damage_healed":0,"gold_gain":0,"player_choice":"Ignored","damage_taken":0,"max_hp_gain":0,"max_hp_loss":0,"event_name":"Beggar","floor":21,"gold_loss":0},{"damage_healed":0,"gold_gain":0,"player_choice":"Ignored","damage_taken":0,"max_hp_gain":0,"max_hp_loss":0,"event_name":"Cursed Tome","floor":25,"gold_loss":0},{"damage_healed":0,"gold_gain":0,"player_choice":"Traded Relic","damage_taken":0,"relics_obtained":["Nloth\u0027s Gift"],"max_hp_gain":0,"max_hp_loss":0,"event_name":"N\u0027loth","floor":29,"relics_lost":["Orichalcum"],"gold_loss":0}],"is_beta":false,"boss_relics":[{"not_picked":["Sozu","Philosopher\u0027s Stone"],"picked":"hermit:BartenderGlass"}],"items_purged_floors":[],"is_endless":false,"potions_floor_spawned":[7,11,12,16,18,27],"killed_by":"Slavers","ascension_level":0}}