{"host":"9709z2dy8v1s63sm","time":1612449021,"event":{"mods":["AchievementEnabler","BaseMod","Minty Spire (QoL Compilation)","StSLib","SuperFastMode"],"gold_per_floor":[117,129,143,155,175,175,203,214,214,228,228,248,282,292,292,368,368,382,396,396,396],"floor_reached":20,"language":"KOR","playtime":909,"items_purged":[],"score":336,"play_id":"1bc02220-a603-461d-9e11-45c9ca31afd2","local_time":"20210204233021","is_ascension_mode":true,"campfire_choices":[{"data":"Wild Strike","floor":6.0,"key":"SMITH"},{"data":"Shrug It Off","floor":11.0,"key":"SMITH"},{"data":"Uppercut","floor":15.0,"key":"SMITH"}],"circlet_count":0,"master_deck":["AscendersBane","Strike_R","Strike_R","Strike_R+1","Defend_R","Defend_R","Defend_R","Defend_R","Bash","Sword Boomerang+1","Shrug It Off+1","Wild Strike+1","Evolve","Reaper","Uppercut+1","Spot Weakness","Immolate","Inflame","Feel No Pain"],"relics":["Burning Blood","NeowsBlessing","Whetstone","Question Card","StoneCalendar","Empty Cage"],"acts_visited":["Exordium","TheCity"],"potions_floor_usage":[],"damage_taken":[{"damage":0.0,"enemies":"Small Slimes","floor":1.0,"turns":1.0},{"damage":0.0,"enemies":"Cultist","floor":2.0,"turns":1.0},{"damage":0.0,"enemies":"2 Louse","floor":3.0,"turns":1.0},{"damage":10.0,"enemies":"Lots of Slimes","floor":4.0,"turns":5.0},{"damage":5.0,"enemies":"3 Louse","floor":5.0,"turns":4.0},{"damage":29.0,"enemies":"Gremlin Nob","floor":7.0,"turns":4.0},{"damage":5.0,"enemies":"2 Fungi Beasts","floor":8.0,"turns":3.0},{"damage":1.0,"enemies":"Looter","floor":10.0,"turns":4.0},{"damage":5.0,"enemies":"Exordium Wildlife","floor":12.0,"turns":3.0},{"damage":29.0,"enemies":"3 Sentries","floor":13.0,"turns":7.0},{"damage":11.0,"enemies":"3 Louse","floor":14.0,"turns":3.0},{"damage":25.0,"enemies":"Hexaghost","floor":16.0,"turns":7.0},{"damage":38,"enemies":"3 Byrds","floor":18,"turns":6},{"damage":16,"enemies":"Spheric Guardian","floor":19,"turns":4},{"damage":31,"enemies":"Shelled Parasite and Fungi","floor":20,"turns":2}],"seed_played":"-4706916557605984583","potions_obtained":[{"floor":3.0,"key":"Block Potion"},{"floor":5.0,"key":"LiquidMemories"},{"floor":7.0,"key":"BlessingOfTheForge"},{"floor":8.0,"key":"GamblersBrew"},{"floor":16.0,"key":"Block Potion"},{"floor":19,"key":"Explosive Potion"}],"is_trial":false,"path_per_floor":["M","M","M","M","M","R","E","M","T","M","R","M","E","M","R","B",null,"M","M","M"],"character_chosen":"IRONCLAD","items_purchased":[],"campfire_rested":0,"item_purchase_floors":[],"current_hp_per_floor":[74,75,75,71,72,72,49,50,50,55,55,60,52,47,47,28,63,35,25,0,0],"gold":396,"neow_bonus":"THREE_ENEMY_KILL","is_daily":false,"chose_seed":false,"campfire_upgraded":3,"win_rate":0.0,"timestamp":1612449021,"path_taken":["M","M","M","M","M","R","E","M","T","M","R","M","E","M","R","BOSS","M","M","M"],"items_purchased_type":[],"build_version":"2020-12-22","purchased_purges":0,"victory":false,"max_hp_per_floor":[75,75,75,75,75,75,75,75,75,75,75,75,75,75,75,75,75,75,75,75,75],"card_choices":[{"not_picked":["Flex","Spot Weakness","Headbutt"],"picked":"SKIP","floor":1.0},{"not_picked":["Havoc","Perfected Strike"],"picked":"Sword Boomerang","floor":2.0},{"not_picked":["Twin Strike","Thunderclap"],"picked":"Shrug It Off","floor":3.0},{"not_picked":["Twin Strike","Intimidate"],"picked":"Wild Strike","floor":4.0},{"not_picked":["Warcry","Cleave","Anger"],"picked":"SKIP","floor":5.0},{"not_picked":["Perfected Strike","Iron Wave","Sword Boomerang"],"picked":"SKIP","floor":7.0},{"not_picked":["Body Slam","Wild Strike"],"picked":"Evolve","floor":8.0},{"not_picked":["Heavy Blade","Clothesline","Thunderclap"],"picked":"Reaper","floor":10.0},{"not_picked":["Metallicize","Thunderclap","Rampage","Flex"],"picked":"SKIP","floor":12.0},{"not_picked":["Thunderclap","Rage","Pummel"],"picked":"Uppercut","floor":13.0},{"not_picked":["Thunderclap","Sword Boomerang","Armaments"],"picked":"Spot Weakness","floor":14.0},{"not_picked":["Double Tap","Reaper","Feed"],"picked":"Immolate","floor":16.0},{"not_picked":["Warcry","Headbutt","Burning Pact+1"],"picked":"Inflame","floor":18},{"not_picked":["Heavy Blade+1","Burning Pact","Body Slam"],"picked":"Feel No Pain","floor":19}],"player_experience":113268,"relics_obtained":[{"floor":7.0,"key":"Whetstone"},{"floor":9.0,"key":"Question Card"},{"floor":13.0,"key":"StoneCalendar"}],"event_choices":[],"is_beta":false,"boss_relics":[{"not_picked":["SacredBark","Calling Bell"],"picked":"Empty Cage"}],"items_purged_floors":[],"is_endless":false,"potions_floor_spawned":[3,5,7,8,16,19],"killed_by":"Shelled Parasite and Fungi","ascension_level":15}}