{"host":"4ih4fq53sefgqhvb","time":1612481277,"event":{"mods":["AchievementEnabler","Aspiration","Bard","BaseMod","BetterRewards","Colored Map","Colored Powertips","Conspire","Downfall","Googly Eyes","Hermit","Highlight Path","Hubris","Infinite Spire","Jedi Mod","Jorbs\u0027s Wanderer Trilogy","Marisa????????","Mimic Mod","Minty Spire (QoL Compilation)","Quick Restart","Relic Stats","Replay The Spire","Shop Mod","StSLib","The Animator","The Cursed","The Disciple","The Jungle","The Runesmith","The Servant 0.9.4"],"gold_per_floor":[99,112,112,123,134,144,167,77,15,31,47,78,93,108,125,125,125,125],"floor_reached":16,"language":"ENG","playtime":1298,"items_purged":[],"score":108,"play_id":"0ffa2f27-fdce-4381-93ef-3dd3f13742e4","local_time":"20210204152757","is_ascension_mode":false,"campfire_choices":[{"floor":1.0,"key":"DIG"}],"circlet_count":0,"master_deck":["bronze:Strike","bronze:Strike","bronze:Strike","bronze:Strike","bronze:Defend","bronze:Defend","bronze:Defend","bronze:Defend","bronze:Replicate","bronze:DigitalCarnage","bronze:AlphaBuild","bronze:ForLoop","bronze:FineTuning","bronze:Iterate","bronze:ThunderWave","bronze:Optimize","bronze:DelayedSlice","bronze:DelayedGuard","bronze:WildBeam","bronze:DelayedGuard","bronze:Assembly","bronze:Iterate","bronze:Shell","bronze:Overload"],"relics":["bronze:BronzeCore","bronze:ProtectiveGoggles","hubris:Zylophone","Toy Ornithopter","hubris:CrystalStatue"],"acts_visited":["Exordium"],"potions_floor_usage":[8,16,16,16],"damage_taken":[{"damage":1,"enemies":"Jaw Worm","floor":2,"turns":5},{"damage":0,"enemies":"Cultist","floor":4,"turns":1},{"damage":0,"enemies":"infinitespire:Voidling","floor":5,"turns":2},{"damage":0,"enemies":"Large Slime","floor":6,"turns":5},{"damage":6,"enemies":"downfall:FleeingMerchant","floor":8,"turns":4},{"damage":15,"enemies":"downfall:FleeingMerchant","floor":9,"turns":4},{"damage":4,"enemies":"Gremlin Gang","floor":10,"turns":3},{"damage":0,"enemies":"Blue Slaver","floor":11,"turns":1},{"damage":18,"enemies":"3 Sentries","floor":12,"turns":9},{"damage":6,"enemies":"Exordium Thugs","floor":13,"turns":2},{"damage":0,"enemies":"3 Louse","floor":14,"turns":1},{"damage":1,"enemies":"2 Fungi Beasts","floor":15,"turns":2},{"damage":44,"enemies":"DF_ARCHETYPE_STREAMLINE","floor":16,"turns":9}],"seed_played":"-5922894495333129703","potions_obtained":[{"floor":2,"key":"bronze:FreeFunctionsPotion"},{"floor":5,"key":"DistilledChaos"},{"floor":10,"key":"sneckomod:MuddlingPotion"},{"floor":11,"key":"Block Potion"}],"is_trial":false,"path_per_floor":["R_BF","M","?","M","M","M","T","$","$","M","M","E","M","M","M","B"],"character_chosen":"THE_AUTOMATON","items_purchased":["bronze:Optimize","bronze:DelayedGuard"],"campfire_rested":0,"item_purchase_floors":[8,9],"current_hp_per_floor":[70,69,69,69,69,69,69,64,49,45,45,27,21,21,20,0,0,0],"gold":125,"neow_bonus":"RANDOM_COMMON_RELIC","is_daily":false,"chose_seed":false,"campfire_upgraded":0,"win_rate":0.0,"timestamp":1612481277,"path_taken":["R_BF","M","?","M","M","?","T","?","$","M","M","E","M","?","M","BOSS"],"items_purchased_type":["Card","Card"],"build_version":"2020-12-22","purchased_purges":0,"victory":false,"max_hp_per_floor":[70,70,70,70,70,70,70,70,70,70,70,70,70,70,70,70,70,70],"relic_stats":{"counters":[13,48],"obtain_stats":[{"hubris:Zylophone":1,"bronze:BronzeCore":0,"hubris:CrystalStatue":12,"bronze:ProtectiveGoggles":0,"Toy Ornithopter":7},{"hubris:Zylophone":0,"bronze:BronzeCore":0,"hubris:CrystalStatue":9,"bronze:ProtectiveGoggles":0,"Toy Ornithopter":4},{"hubris:Zylophone":0,"bronze:BronzeCore":0,"hubris:CrystalStatue":34,"bronze:ProtectiveGoggles":0,"Toy Ornithopter":13}],"Toy Ornithopter":16},"card_choices":[{"not_picked":["bronze:Iterate","bronze:WildBeam"],"picked":"bronze:DigitalCarnage","floor":2},{"not_picked":["bronze:WildBeam","bronze:WhirlingStrike"],"picked":"bronze:ForLoop","floor":4},{"not_picked":["bronze:ChildClass","bronze:WildBeam"],"picked":"bronze:FineTuning","floor":5},{"not_picked":["bronze:Shield","bronze:DelayedSlice"],"picked":"bronze:Iterate","floor":6},{"not_picked":["bronze:Constructor","bronze:Turbo"],"picked":"bronze:ThunderWave","floor":8},{"not_picked":["bronze:Separator","bronze:Turbo"],"picked":"bronze:DelayedSlice","floor":9},{"not_picked":["bronze:CutThrough","bronze:Separator"],"picked":"bronze:WildBeam","floor":10},{"not_picked":["bronze:Repulsor","bronze:BuggyMess"],"picked":"bronze:DelayedGuard","floor":11},{"not_picked":["bronze:Repulsor","bronze:DelayedGuard"],"picked":"bronze:Assembly","floor":12},{"not_picked":["bronze:DigitalCarnage","bronze:FineTuning"],"picked":"bronze:Iterate","floor":13},{"not_picked":["bronze:Return","bronze:WildBeam"],"picked":"bronze:Shell","floor":14},{"not_picked":["bronze:Branch","bronze:BuggyMess"],"picked":"bronze:Overload","floor":15}],"player_experience":995300,"relics_obtained":[{"floor":1.0,"key":"hubris:Zylophone"},{"floor":7,"key":"Toy Ornithopter"},{"floor":12,"key":"hubris:CrystalStatue"}],"event_choices":[],"is_beta":false,"boss_relics":[],"items_purged_floors":[],"is_endless":false,"potions_floor_spawned":[2,5,10,11,14,15],"killed_by":"DF_ARCHETYPE_STREAMLINE","ascension_level":0}}