{"host":"7tvb1em0d2fx72q7","time":1612415847,"event":{"mods":["BaseMod","Challenge The Spire","Minty Spire (QoL Compilation)","StSLib","everything is the same but u backflip on backflip"],"gold_per_floor":[110,129,140,140,154,154,186,201,227,242,7,37,52,69,69,146,146,121,121,121,121,136,136,136],"floor_reached":23,"language":"ENG","playtime":1903,"items_purged":["Pain"],"score":410,"play_id":"c641d5d8-1f53-4f42-9802-8d9523ed2a87","local_time":"20210204001727","is_ascension_mode":true,"campfire_choices":[{"data":"Dash","floor":6.0,"key":"SMITH"},{"data":"After Image","floor":15,"key":"SMITH"}],"circlet_count":0,"master_deck":["AscendersBane","Strike_G","Strike_G","Strike_G","Strike_G","Defend_G","Defend_G","Defend_G","Defend_G","Defend_G","Survivor","Neutralize","All Out Attack","Terror","Blade Dance","Dash+1","Poisoned Stab","Cloak And Dagger","Calculated Gamble","Footwork","Deflect","Blade Dance","Infinite Blades","Escape Plan","After Image+1","Malaise","J.A.X.","RitualDagger","Tactician","Crippling Poison"],"relics":["Ring of the Snake","WarpedTongs","The Specimen","Akabeko","Boot","SlaversCollar"],"acts_visited":["Exordium","TheCity"],"potions_floor_usage":[22],"damage_taken":[{"damage":0.0,"enemies":"2 Louse","floor":1.0,"turns":3.0},{"damage":0.0,"enemies":"Cultist","floor":2.0,"turns":3.0},{"damage":0.0,"enemies":"Jaw Worm","floor":3.0,"turns":4.0},{"damage":3.0,"enemies":"2 Fungi Beasts","floor":5.0,"turns":3.0},{"damage":13.0,"enemies":"Lagavulin","floor":7.0,"turns":4.0},{"damage":0.0,"enemies":"Looter","floor":8.0,"turns":2.0},{"damage":13.0,"enemies":"3 Louse","floor":10.0,"turns":2.0},{"damage":4.0,"enemies":"Gremlin Nob","floor":12.0,"turns":3.0},{"damage":7.0,"enemies":"Gremlin Gang","floor":13.0,"turns":4.0},{"damage":0.0,"enemies":"Looter","floor":14.0,"turns":2.0},{"damage":6,"enemies":"Hexaghost","floor":16,"turns":10},{"damage":15,"enemies":"2 Thieves","floor":18,"turns":4},{"damage":10,"enemies":"Spheric Guardian","floor":22,"turns":7},{"damage":31,"enemies":"Slavers","floor":23,"turns":3}],"seed_played":"-6907348533600364554","potions_obtained":[{"floor":1.0,"key":"AttackPotion"},{"floor":2.0,"key":"Dexterity Potion"},{"floor":10.0,"key":"SkillPotion"},{"floor":13.0,"key":"Ancient Potion"},{"floor":18,"key":"Block Potion"},{"floor":22,"key":"LiquidBronze"}],"is_trial":false,"path_per_floor":["M","M","M","?","M","R","E","M","T","M","$","E","M","M","R","B",null,"M","?","?","?","M","E"],"character_chosen":"THE_SILENT","items_purchased":["Footwork","Deflect","Blade Dance"],"campfire_rested":0,"item_purchase_floors":[11,11,11],"current_hp_per_floor":[65,65,65,65,62,62,49,49,49,36,36,32,25,25,25,19,59,44,44,38,38,28,0,0],"gold":136,"neow_bonus":"TEN_PERCENT_HP_BONUS","is_daily":false,"chose_seed":false,"campfire_upgraded":2,"win_rate":0.0,"timestamp":1612415847,"path_taken":["M","M","M","?","M","R","E","M","T","M","$","E","M","M","R","BOSS","M","?","?","?","?","E"],"items_purchased_type":["Card","Card","Card"],"build_version":"2020-12-22","purchased_purges":1,"victory":false,"max_hp_per_floor":[72,72,72,72,72,72,72,72,72,72,72,72,72,72,72,72,72,72,72,72,72,72,72,72],"card_choices":[{"not_picked":["Flying Knee","Backflip"],"picked":"All Out Attack","floor":1.0},{"not_picked":["Slice","Noxious Fumes"],"picked":"Terror","floor":2.0},{"not_picked":["Outmaneuver","Dodge and Roll"],"picked":"Blade Dance","floor":3.0},{"not_picked":["Backflip","Flying Knee"],"picked":"Dash","floor":5.0},{"not_picked":["Catalyst","Quick Slash"],"picked":"Poisoned Stab","floor":7.0},{"not_picked":["Noxious Fumes","Prepared"],"picked":"Cloak And Dagger","floor":8.0},{"not_picked":["Dodge and Roll","Dagger Throw"],"picked":"Calculated Gamble","floor":10.0},{"not_picked":["Sucker Punch","Caltrops"],"picked":"Infinite Blades","floor":12.0},{"not_picked":["Poisoned Stab","Blur"],"picked":"Escape Plan","floor":13.0},{"not_picked":["Footwork","Slice"],"picked":"After Image","floor":14},{"not_picked":["Phantasmal Killer","Doppelganger"],"picked":"Malaise","floor":16},{"not_picked":["Finisher","Leg Sweep"],"picked":"Crippling Poison","floor":22}],"player_experience":2014822,"relics_obtained":[{"floor":7.0,"key":"The Specimen"},{"floor":9.0,"key":"Akabeko"},{"floor":12.0,"key":"Boot"}],"event_choices":[{"damage_healed":0.0,"max_hp_gain":0.0,"max_hp_loss":0.0,"gold_gain":0.0,"event_name":"Accursed Blacksmith","player_choice":"Rummage","floor":4.0,"gold_loss":0.0,"damage_taken":0.0,"relics_obtained":["WarpedTongs"],"cards_obtained":["Pain"]},{"damage_healed":0,"gold_gain":0,"player_choice":"Obtain J.A.X.","damage_taken":0,"max_hp_gain":0,"max_hp_loss":0,"event_name":"Drug Dealer","floor":19,"gold_loss":0,"cards_obtained":["J.A.X."]},{"damage_healed":0,"gold_gain":0,"player_choice":"Joined the Cult","damage_taken":6,"max_hp_gain":0,"max_hp_loss":0,"event_name":"Nest","floor":20,"gold_loss":0,"cards_obtained":["RitualDagger"]},{"damage_healed":0,"gold_gain":0,"cards_transformed":["Strike_G"],"player_choice":"Transformed","damage_taken":0,"max_hp_gain":0,"max_hp_loss":0,"event_name":"Transmorgrifier","floor":21,"gold_loss":0,"cards_obtained":["Tactician"]}],"is_beta":false,"boss_relics":[{"not_picked":["SacredBark","Runic Dome"],"picked":"SlaversCollar"}],"items_purged_floors":[11],"is_endless":false,"potions_floor_spawned":[1,2,5,10,13,16,18,22],"killed_by":"Slavers","ascension_level":20}}