{"host":"k919bq8mkuzdqhzi","time":1612429736,"event":{"mods":["AchievementEnabler","BaseMod","Colored Map","Colored Powertips","DeckTracker","Minty Spire (QoL Compilation)","Relic Sorter","SuperFastMode"],"gold_per_floor":[212,228,245,245,15,15,40,40,40,40,40,40,50,15,15,114,114,126,1,1,21,40,40,40,40,40,56,56,69,69,79,79,176,176,188,201,0,0,0],"floor_reached":38,"language":"ENG","playtime":2544,"items_purged":["Strike_G","Strike_G","Normality"],"score":399,"play_id":"47c75ae4-bd68-4dce-a905-54c20245ff55","local_time":"20210204040856","is_ascension_mode":false,"campfire_choices":[{"data":"Noxious Fumes","floor":6,"key":"SMITH"},{"data":"Phantasmal Killer","floor":8,"key":"SMITH"},{"data":"After Image","floor":10,"key":"SMITH"},{"data":"Dagger Spray","floor":15,"key":"SMITH"},{"data":"Burst","floor":23,"key":"SMITH"},{"data":"Poisoned Stab","floor":25,"key":"SMITH"},{"data":"Neutralize","floor":28,"key":"SMITH"},{"data":"Deadly Poison","floor":32,"key":"SMITH"}],"circlet_count":0,"master_deck":["Defend_G","Defend_G","Defend_G","Defend_G","Survivor","Neutralize+1","Flying Knee","Dagger Spray+1","Poisoned Stab+1","Noxious Fumes+1","Phantasmal Killer+1","After Image+1","Bane+1","Burst+1","Blur+1","Deflect","Bite+1","Bite+1","Bite+1","Bite+1","Bite+1","Acrobatics+1","Underhanded Strike+1","Bane+1","Dagger Throw+1","Deadly Poison+1","Expertise+1","Envenom","Cloak And Dagger+1","Blade Dance+1","Footwork"],"relics":["Ring of the Snake","Molten Egg 2","Sundial","Cursed Key","Bird Faced Urn","Velvet Choker"],"acts_visited":["Exordium","TheCity","TheBeyond"],"potions_floor_usage":[16,29,33,33],"damage_taken":[{"damage":0,"enemies":"Jaw Worm","floor":1,"turns":3},{"damage":0,"enemies":"Cultist","floor":2,"turns":4},{"damage":0,"enemies":"Small Slimes","floor":3,"turns":3},{"damage":40,"enemies":"Gremlin Nob","floor":7,"turns":5},{"damage":0,"enemies":"2 Fungi Beasts","floor":13,"turns":3},{"damage":19,"enemies":"The Guardian","floor":16,"turns":9},{"damage":14,"enemies":"2 Thieves","floor":18,"turns":4},{"damage":0,"enemies":"Chosen","floor":21,"turns":3},{"damage":0,"enemies":"Centurion and Healer","floor":22,"turns":6},{"damage":24,"enemies":"Snecko","floor":27,"turns":5},{"damage":0,"enemies":"Snake Plant","floor":29,"turns":5},{"damage":0,"enemies":"Centurion and Healer","floor":31,"turns":4},{"damage":54,"enemies":"Champ","floor":33,"turns":10},{"damage":3,"enemies":"Orb Walker","floor":35,"turns":3},{"damage":10,"enemies":"3 Darklings","floor":36,"turns":4},{"damage":77,"enemies":"2 Orb Walkers","floor":38,"turns":4}],"seed_played":"-6361128592643826634","potions_obtained":[{"floor":1,"key":"GamblersBrew"},{"floor":13,"key":"Weak Potion"},{"floor":16,"key":"AttackPotion"},{"floor":21,"key":"Strength Potion"},{"floor":27,"key":"Weak Potion"}],"is_trial":false,"path_per_floor":["M","M","M","?","$","R","E","R","T","R","?","?","M","?","R","B",null,"M","$","?","M","M","R","?","R","T","M","R","M","T","M","R","B",null,"M","M","$","?"],"character_chosen":"THE_SILENT","items_purchased":["Noxious Fumes","Phantasmal Killer","Deflect","Footwork"],"campfire_rested":0,"item_purchase_floors":[5,5,19,37],"current_hp_per_floor":[70,70,70,70,70,70,30,30,30,30,53,46,46,63,63,44,70,56,56,49,49,49,49,49,49,49,28,28,44,44,49,49,14,49,46,45,45,0,0],"gold":0,"neow_bonus":"HUNDRED_GOLD","is_daily":false,"chose_seed":false,"campfire_upgraded":8,"win_rate":0.0,"timestamp":1612429736,"path_taken":["M","M","M","?","?","R","E","R","T","R","?","?","?","?","R","BOSS","M","$","?","M","M","R","?","R","T","M","R","?","?","M","R","BOSS","M","?","$","?"],"items_purchased_type":["Card","Card","Card","Card"],"build_version":"2020-12-22","purchased_purges":3,"victory":false,"max_hp_per_floor":[70,70,70,70,70,70,70,70,70,70,70,70,70,70,70,70,70,70,70,49,49,49,49,49,49,49,49,49,49,49,49,49,49,49,49,49,49,49,49],"card_choices":[{"not_picked":["Backstab","Dagger Spray"],"picked":"Flying Knee","floor":1},{"not_picked":["Flying Knee","Acrobatics"],"picked":"Dagger Spray","floor":2},{"not_picked":["Outmaneuver","Bane"],"picked":"Poisoned Stab","floor":3},{"not_picked":["Infinite Blades","All Out Attack+1"],"picked":"After Image","floor":7},{"not_picked":["Acrobatics","Choke+1"],"picked":"Bane+1","floor":13},{"not_picked":["After Image","Doppelganger"],"picked":"Burst","floor":16},{"not_picked":["Calculated Gamble+1","Reflex"],"picked":"Blur+1","floor":18},{"not_picked":["Distraction","Blade Dance"],"picked":"Acrobatics+1","floor":21},{"not_picked":["Noxious Fumes","Unload+1"],"picked":"Underhanded Strike+1","floor":22},{"not_picked":["Dodge and Roll","Flying Knee+1"],"picked":"Dagger Throw+1","floor":27},{"not_picked":["Slice+1","Backstab+1"],"picked":"Deadly Poison","floor":29},{"not_picked":["Distraction+1","Deflect"],"picked":"Expertise+1","floor":31},{"not_picked":["Malaise","Tools of the Trade"],"picked":"Envenom","floor":33},{"not_picked":["Quick Slash+1","PiercingWail+1"],"picked":"Cloak And Dagger+1","floor":35},{"not_picked":["Dagger Spray+1","PiercingWail"],"picked":"Blade Dance+1","floor":36}],"player_experience":81049,"relics_obtained":[{"floor":7,"key":"Molten Egg 2"},{"floor":9,"key":"Sundial"},{"floor":26,"key":"Bird Faced Urn"}],"event_choices":[{"cards_removed":["Strike_G"],"damage_healed":0,"gold_gain":0,"player_choice":"Offered Basic","damage_taken":0,"max_hp_gain":0,"max_hp_loss":0,"event_name":"Bonfire Elementals","floor":4,"gold_loss":0},{"damage_healed":23,"gold_gain":0,"player_choice":"Banana","damage_taken":0,"max_hp_gain":0,"max_hp_loss":0,"event_name":"Big Fish","floor":11,"gold_loss":0},{"cards_removed":["Strike_G"],"damage_healed":0,"gold_gain":0,"player_choice":"Card Removal","damage_taken":7,"max_hp_gain":0,"max_hp_loss":0,"event_name":"Golden Wing","floor":12,"gold_loss":0},{"damage_healed":17,"gold_gain":0,"player_choice":"Healed","damage_taken":0,"max_hp_gain":0,"max_hp_loss":0,"event_name":"The Cleric","floor":14,"gold_loss":35},{"damage_healed":0,"gold_gain":0,"player_choice":"Became a vampire","damage_taken":0,"max_hp_gain":0,"max_hp_loss":21,"event_name":"Vampires","floor":20,"gold_loss":0,"cards_obtained":["Bite","Bite","Bite","Bite","Bite"]},{"damage_healed":0,"gold_gain":0,"cards_transformed":["Defend_G"],"player_choice":"Transformed","damage_taken":0,"max_hp_gain":0,"max_hp_loss":0,"event_name":"Transmorgrifier","floor":24,"gold_loss":0,"cards_obtained":["Bane"]},{"damage_healed":0,"gold_gain":0,"player_choice":"Fight","damage_taken":0,"max_hp_gain":0,"max_hp_loss":0,"event_name":"Mysterious Sphere","floor":38,"gold_loss":0}],"is_beta":false,"boss_relics":[{"not_picked":["Coffee Dripper","Tiny House"],"picked":"Cursed Key"},{"not_picked":["Astrolabe","Fusion Hammer"],"picked":"Velvet Choker"}],"items_purged_floors":[5,19,37],"is_endless":false,"potions_floor_spawned":[1,13,16,21,27],"killed_by":"2 Orb Walkers","ascension_level":0}}