{"host":"phniwng9zo19jwdb","time":1612404351,"event":{"mods":["AchievementEnabler","BaseMod","Colored Powertips","Dark Map","Faster Ascension Climbing","GifTheSpireLib","Minty Spire (QoL Compilation)","Permanent Neow","Rare Cards Sparkle","Relic Filter Mod","StSLib","Weighted Paths"],"gold_per_floor":[112,132,132,151,201,201,201,201],"floor_reached":7,"language":"ENG","playtime":374,"items_purged":[],"score":86,"play_id":"9c10ce1e-e154-4bc5-a67c-21c9c061d675","local_time":"20210204030551","is_ascension_mode":true,"campfire_choices":[{"data":"Venomology","floor":6,"key":"SMITH"}],"circlet_count":0,"master_deck":["AscendersBane","Strike_G","Strike_G","Strike_G","Defend_G","Defend_G","Defend_G","Defend_G","Defend_G","Survivor","Neutralize","Venomology+1","Envenom","Cloak And Dagger","Well Laid Plans"],"relics":["Ring of the Snake"],"acts_visited":["Exordium"],"potions_floor_usage":[2,4,5,7,7],"damage_taken":[{"damage":1,"enemies":"Small Slimes","floor":1,"turns":8},{"damage":4,"enemies":"Cultist","floor":2,"turns":6},{"damage":0,"enemies":"Jaw Worm","floor":4,"turns":4},{"damage":0,"enemies":"Exordium Wildlife","floor":5,"turns":4},{"damage":50,"enemies":"3 Sentries","floor":7,"turns":17}],"seed_played":"-8283822199733109318","potions_obtained":[{"floor":1,"key":"DistilledChaos"}],"is_trial":false,"path_per_floor":["M","M","?","M","M","R","E"],"character_chosen":"THE_SILENT","items_purchased":[],"campfire_rested":0,"item_purchase_floors":[],"current_hp_per_floor":[43,39,35,35,35,35,4,4],"gold":201,"neow_bonus":"TRANSFORM_TWO_CARDS","is_daily":false,"chose_seed":true,"campfire_upgraded":1,"win_rate":0.0,"timestamp":1612404351,"path_taken":["M","M","?","M","?","R","E"],"items_purchased_type":[],"build_version":"2020-12-22","purchased_purges":0,"victory":false,"max_hp_per_floor":[66,66,66,66,66,66,66,66],"card_choices":[{"not_picked":["Outmaneuver","Poisoned Stab"],"picked":"Cloak And Dagger","floor":1},{"not_picked":["Terror","Underhanded Strike","Heel Hook"],"picked":"SKIP","floor":2},{"not_picked":["Poisoned Stab","Dodge and Roll"],"picked":"Well Laid Plans","floor":4},{"not_picked":["PiercingWail","Expertise","Deadly Poison"],"picked":"SKIP","floor":5}],"player_experience":82105,"relics_obtained":[],"event_choices":[{"damage_healed":0,"gold_gain":0,"player_choice":"Bought 0 Potions","damage_taken":0,"max_hp_gain":0,"max_hp_loss":0,"event_name":"The Woman in Blue","floor":3,"gold_loss":0}],"is_beta":false,"boss_relics":[],"items_purged_floors":[],"is_endless":false,"potions_floor_spawned":[1],"killed_by":"3 Sentries","ascension_level":20}}