{"host":"syozzdlzcqop4jia","time":1612478609,"event":{"mods":["BaseMod","Colored Map","Colored Powertips","Minty Spire (QoL Compilation)","Quick Restart"],"gold_per_floor":[113,38,57,74,93,93,124,124,124,144,163,163,163,180,180,275,275,287,247,162,174,201,201,230,230,230,245,280,327,342,354,354,354,354],"floor_reached":33,"language":"ENG","playtime":2178,"items_purged":["Defend_B"],"score":303,"play_id":"ba227c2f-00b7-4890-bb48-f56e10deca27","local_time":"20210204234329","is_ascension_mode":true,"campfire_choices":[{"data":"Doom and Gloom","floor":6,"key":"SMITH"},{"floor":8,"key":"REST"},{"data":"Static Discharge","floor":12,"key":"SMITH"},{"data":"Doom and Gloom","floor":15,"key":"SMITH"},{"floor":23,"key":"REST"},{"floor":25,"key":"REST"},{"floor":32,"key":"REST"}],"circlet_count":0,"master_deck":["Strike_B","Strike_B","Strike_B","Strike_B","Defend_B","Defend_B","Defend_B","Zap+1","Dualcast","Conserve Battery","Gash","Redo","Doom and Gloom+1","Static Discharge+1","Doom and Gloom+1","Creative AI","Storm","Streamline","Storm","Steam","Gash","Melter"],"relics":["Cracked Core","Mummified Hand","TungstenRod","Runic Pyramid","Gambling Chip","Red Mask","Lantern","Toy Ornithopter","WingedGreaves","PreservedInsect"],"acts_visited":["Exordium","TheCity"],"potions_floor_usage":[7,22,28,28],"damage_taken":[{"damage":10,"enemies":"Jaw Worm","floor":1,"turns":4},{"damage":1,"enemies":"Cultist","floor":3,"turns":3},{"damage":5,"enemies":"Small Slimes","floor":4,"turns":2},{"damage":5,"enemies":"Looter","floor":5,"turns":2},{"damage":4,"enemies":"3 Sentries","floor":7,"turns":3},{"damage":0,"enemies":"Exordium Wildlife","floor":10,"turns":1},{"damage":0,"enemies":"3 Louse","floor":11,"turns":1},{"damage":0,"enemies":"2 Fungi Beasts","floor":14,"turns":3},{"damage":25,"enemies":"Slime Boss","floor":16,"turns":5},{"damage":2,"enemies":"Spheric Guardian","floor":18,"turns":3},{"damage":5,"enemies":"Chosen","floor":21,"turns":4},{"damage":19,"enemies":"Masked Bandits","floor":22,"turns":3},{"damage":26,"enemies":"Slavers","floor":24,"turns":3},{"damage":14,"enemies":"Shelled Parasite and Fungi","floor":27,"turns":3},{"damage":30,"enemies":"Book of Stabbing","floor":28,"turns":4},{"damage":4,"enemies":"Cultist and Chosen","floor":30,"turns":3},{"damage":18,"enemies":"Snake Plant","floor":31,"turns":4},{"damage":40,"enemies":"Champ","floor":33,"turns":3}],"seed_played":"-4677834848362619366","potions_obtained":[{"floor":1,"key":"Explosive Potion"},{"floor":3,"key":"Energy Potion"},{"floor":16,"key":"Block Potion"},{"floor":21,"key":"FearPotion"},{"floor":27,"key":"SteroidPotion"}],"is_trial":false,"path_per_floor":["M","$","M","M","M","R","E","R","T","M","M","R","?","M","R","B",null,"M","$","?","M","?","R","E","R","T","M","E","T","M","M","R","B"],"character_chosen":"DEFECT","items_purchased":["Storm"],"campfire_rested":4,"item_purchase_floors":[19],"current_hp_per_floor":[65,65,64,59,54,54,50,72,72,72,72,72,72,72,72,47,75,73,73,73,68,49,71,45,67,67,53,33,33,29,11,33,0,0],"gold":354,"neow_bonus":"UPGRADE_CARD","is_daily":false,"chose_seed":false,"campfire_upgraded":3,"win_rate":0.0,"timestamp":1612478609,"path_taken":["M","$","M","M","M","R","E","R","T","M","M","R","?","M","R","BOSS","M","?","?","M","?","R","E","R","T","M","E","?","?","M","R","BOSS"],"items_purchased_type":["Card"],"build_version":"2020-12-22","purchased_purges":1,"victory":false,"max_hp_per_floor":[75,75,75,75,75,75,75,75,75,75,75,75,75,75,75,75,75,75,75,75,75,75,75,75,75,75,75,75,75,75,75,75,75,75],"card_choices":[{"not_picked":["Glacier","Hologram"],"picked":"Conserve Battery","floor":1},{"not_picked":["Go for the Eyes","Sweeping Beam"],"picked":"Gash","floor":3},{"not_picked":["Compile Driver","Conserve Battery"],"picked":"Redo","floor":4},{"not_picked":["Darkness","White Noise"],"picked":"Doom and Gloom","floor":5},{"not_picked":["Fission","Beam Cell","Compile Driver"],"picked":"SKIP","floor":7},{"not_picked":["Stack","Turbo","Compile Driver"],"picked":"SKIP","floor":10},{"not_picked":["Hello World","Genetic Algorithm"],"picked":"Static Discharge","floor":11},{"not_picked":["Reprogram","Coolheaded"],"picked":"Doom and Gloom","floor":14},{"not_picked":["Hyperbeam","Seek"],"picked":"Creative AI","floor":16},{"not_picked":["Compile Driver","Rebound","Hologram"],"picked":"SKIP","floor":18},{"not_picked":["Glacier","Leap"],"picked":"Streamline","floor":21},{"not_picked":["Cold Snap","Gash"],"picked":"Storm","floor":24},{"not_picked":["Leap","Beam Cell"],"picked":"Steam","floor":27},{"not_picked":["Streamline","Leap"],"picked":"Gash","floor":28},{"not_picked":["Aggregate+1","Turbo","Sweeping Beam"],"picked":"SKIP","floor":30},{"not_picked":["Force Field","Sweeping Beam"],"picked":"Melter","floor":31}],"player_experience":550651,"relics_obtained":[{"floor":7,"key":"Mummified Hand"},{"floor":9,"key":"TungstenRod"},{"floor":22,"key":"Red Mask"},{"floor":24,"key":"Lantern"},{"floor":26,"key":"Toy Ornithopter"},{"floor":28,"key":"WingedGreaves"},{"floor":29,"key":"PreservedInsect"}],"event_choices":[{"damage_healed":0,"gold_gain":0,"player_choice":"Leave","damage_taken":0,"max_hp_gain":0,"max_hp_loss":0,"event_name":"FaceTrader","floor":13,"gold_loss":0},{"damage_healed":0,"gold_gain":0,"player_choice":"Obtained Relic","damage_taken":0,"relics_obtained":["Gambling Chip"],"max_hp_gain":0,"max_hp_loss":0,"event_name":"Addict","floor":20,"gold_loss":85},{"damage_healed":0,"gold_gain":0,"player_choice":"Fought Bandits","damage_taken":0,"max_hp_gain":0,"max_hp_loss":0,"event_name":"Masked Bandits","floor":22,"gold_loss":0}],"is_beta":false,"boss_relics":[{"not_picked":["Coffee Dripper","SacredBark"],"picked":"Runic Pyramid"}],"items_purged_floors":[2],"is_endless":false,"potions_floor_spawned":[1,3,16,21,27],"killed_by":"Champ","ascension_level":1}}