{"host":"bf5upntvbdompq33","time":1612479026,"event":{"mods":["BaseMod","Colored Map","Colored Powertips","Curses Come First","Minty Spire (QoL Compilation)","StSLib","The Dragon Tamer","The Hierophant","The Marked","The Mystic","The Servant 0.9.4"],"gold_per_floor":[109,109,37,37,37,37,67,111,411,431,454,472,472,505,505,505,505],"floor_reached":16,"language":"ENG","playtime":906,"items_purged":[],"score":180,"play_id":"43ddeb40-09ad-4035-9eb5-2077bf6a06fd","local_time":"20210204155026","is_ascension_mode":true,"campfire_choices":[{"floor":6,"key":"REST"},{"data":"Wraith Form v2","floor":13,"key":"SMITH"},{"floor":15,"key":"REST"}],"circlet_count":0,"master_deck":["Strike_G","Strike_G","Strike_G","Strike_G","Defend_G","Defend_G","Defend_G","Defend_G","Defend_G","Survivor","Neutralize","Caltrops","Wraith Form v2+1","Accuracy","Infinite Blades","Adrenaline","Deflect","Prepared"],"relics":["Ring of the Snake","NeowsBlessing","Golden Idol","Bronze Scales","Mercury Hourglass","Eternal Feather","Old Coin","Regal Pillow"],"acts_visited":["Exordium"],"potions_floor_usage":[16,16],"damage_taken":[{"damage":0,"enemies":"Jaw Worm","floor":1,"turns":1},{"damage":0,"enemies":"Gremlin Nob","floor":8,"turns":1},{"damage":0,"enemies":"2 Louse","floor":10,"turns":1},{"damage":0,"enemies":"Cultist","floor":11,"turns":3},{"damage":2,"enemies":"2 Fungi Beasts","floor":12,"turns":3},{"damage":28,"enemies":"Lagavulin","floor":14,"turns":8},{"damage":68,"enemies":"The Guardian","floor":16,"turns":11}],"seed_played":"-2825555876608500367","potions_obtained":[{"floor":10,"key":"Weak Potion"},{"floor":14,"key":"Block Potion"}],"is_trial":false,"path_per_floor":["M","?","$","?","?","R","?","E","T","M","M","M","R","E","R","B"],"character_chosen":"THE_SILENT","items_purchased":["Wraith Form v2"],"campfire_rested":2,"item_purchase_floors":[3],"current_hp_per_floor":[63,56,56,56,31,50,50,50,50,50,50,48,57,29,65,0,0],"gold":505,"neow_bonus":"THREE_ENEMY_KILL","is_daily":false,"chose_seed":false,"campfire_upgraded":1,"win_rate":0.0,"timestamp":1612479026,"path_taken":["M","?","$","?","?","R","?","E","T","M","M","M","R","E","R","BOSS"],"items_purchased_type":["Card"],"build_version":"2020-12-22","purchased_purges":0,"victory":false,"max_hp_per_floor":[70,70,70,65,65,65,65,65,65,65,65,65,65,65,65,65,65],"card_choices":[{"not_picked":["Dodge and Roll","Outmaneuver"],"picked":"Caltrops","floor":1},{"not_picked":["Skewer","Blade Dance"],"picked":"Accuracy","floor":8},{"not_picked":["Slice","PiercingWail"],"picked":"Infinite Blades","floor":10},{"not_picked":["Dash","Slice"],"picked":"Adrenaline","floor":11},{"not_picked":["Underhanded Strike","Poisoned Stab"],"picked":"Deflect","floor":12},{"not_picked":["Dodge and Roll","Malaise"],"picked":"Prepared","floor":14}],"player_experience":1401145,"relics_obtained":[{"floor":8,"key":"Eternal Feather"},{"floor":9,"key":"Old Coin"},{"floor":14,"key":"Regal Pillow"}],"event_choices":[{"cards_removed":["Strike_G"],"damage_healed":0,"gold_gain":0,"player_choice":"Card Removal","damage_taken":7,"max_hp_gain":0,"max_hp_loss":0,"event_name":"Golden Wing","floor":2,"gold_loss":0},{"damage_healed":0,"gold_gain":0,"player_choice":"Lose Max HP","damage_taken":0,"relics_obtained":["Golden Idol"],"max_hp_gain":0,"max_hp_loss":5,"event_name":"Golden Idol","floor":4,"gold_loss":0},{"damage_healed":0,"gold_gain":0,"player_choice":"Success","damage_taken":25,"relics_obtained":["Bronze Scales"],"max_hp_gain":0,"max_hp_loss":0,"event_name":"Scrap Ooze","floor":5,"gold_loss":0},{"damage_healed":0,"gold_gain":30,"player_choice":"Searched \u00272\u0027 times","damage_taken":0,"relics_obtained":["Mercury Hourglass"],"max_hp_gain":0,"max_hp_loss":0,"event_name":"Dead Adventurer","floor":7,"gold_loss":0}],"is_beta":false,"boss_relics":[],"items_purged_floors":[],"is_endless":false,"potions_floor_spawned":[10,14],"killed_by":"The Guardian","ascension_level":7}}