{"host":"928gv66myv2vlnsd","time":1612396875,"event":{"mods":["BaseMod","Highlight Path","Minty Spire (QoL Compilation)","StSLib"],"gold_per_floor":[114,114,11,29,44,44,55,84,84,117,117,132,161,174,174,174,174],"floor_reached":16,"language":"ENG","playtime":836,"items_purged":["Decay"],"score":294,"play_id":"6d955745-035c-493d-a6f4-2139923416b5","local_time":"20210203190115","is_ascension_mode":true,"campfire_choices":[{"data":"Anger","floor":6,"key":"SMITH"},{"data":"Offering","floor":11,"key":"SMITH"},{"floor":15,"key":"REST"}],"circlet_count":0,"master_deck":["AscendersBane","Strike_R","Strike_R","Strike_R","Strike_R","Strike_R","Defend_R","Defend_R","Defend_R","Defend_R","Bash","Rage","Shrug It Off","Anger+1","Flame Barrier","Flame Barrier","Offering+1","Carnage","Metallicize","Armaments"],"relics":["Burning Blood","Bird Faced Urn","Juzu Bracelet","White Beast Statue","Sundial","Art of War","Blue Candle"],"acts_visited":["Exordium"],"potions_floor_usage":[8,8],"damage_taken":[{"damage":16,"enemies":"Jaw Worm","floor":1,"turns":5},{"damage":2,"enemies":"Small Slimes","floor":4,"turns":5},{"damage":2,"enemies":"2 Louse","floor":5,"turns":3},{"damage":6,"enemies":"Large Slime","floor":7,"turns":7},{"damage":0,"enemies":"Lagavulin","floor":8,"turns":7},{"damage":33,"enemies":"Gremlin Nob","floor":10,"turns":4},{"damage":6,"enemies":"2 Fungi Beasts","floor":12,"turns":2},{"damage":34,"enemies":"3 Sentries","floor":13,"turns":15},{"damage":9,"enemies":"Blue Slaver","floor":14,"turns":2},{"damage":51,"enemies":"The Guardian","floor":16,"turns":11}],"seed_played":"4660685209899711208","potions_obtained":[{"floor":4,"key":"Regen Potion"},{"floor":7,"key":"PowerPotion"},{"floor":8,"key":"EssenceOfSteel"},{"floor":10,"key":"DuplicationPotion"}],"is_trial":false,"path_per_floor":["M","?","$","M","M","R","M","E","T","E","R","M","E","M","R","B"],"character_chosen":"IRONCLAD","items_purchased":["Shrug It Off"],"campfire_rested":1,"item_purchase_floors":[3],"current_hp_per_floor":[58,40,40,44,48,48,48,71,71,44,44,44,18,15,37,0,0],"gold":174,"neow_bonus":"ONE_RARE_RELIC","is_daily":false,"chose_seed":false,"campfire_upgraded":2,"win_rate":0.0,"timestamp":1612396875,"path_taken":["M","?","$","M","M","R","M","E","T","E","R","M","E","M","R","BOSS"],"items_purchased_type":["Card"],"build_version":"2020-12-22","purchased_purges":1,"victory":false,"max_hp_per_floor":[75,75,75,75,75,75,75,75,75,75,75,75,75,75,75,75,75],"card_choices":[{"not_picked":["Uppercut","Warcry"],"picked":"Rage","floor":1},{"not_picked":["Clothesline","Body Slam"],"picked":"Anger","floor":4},{"not_picked":["Headbutt","Warcry"],"picked":"Flame Barrier","floor":5},{"not_picked":["Armaments","Clothesline"],"picked":"Flame Barrier","floor":7},{"not_picked":["Thunderclap","Sword Boomerang"],"picked":"Offering","floor":8},{"not_picked":["Body Slam","Headbutt"],"picked":"Carnage","floor":10},{"not_picked":["Fire Breathing","Wild Strike"],"picked":"Metallicize","floor":12},{"not_picked":["Havoc","Uppercut"],"picked":"Armaments","floor":13},{"not_picked":["Anger","Warcry","Flex"],"picked":"SKIP","floor":14}],"player_experience":1435265,"relics_obtained":[{"floor":8,"key":"White Beast Statue"},{"floor":9,"key":"Sundial"},{"floor":10,"key":"Art of War"},{"floor":13,"key":"Blue Candle"}],"event_choices":[{"damage_healed":0,"gold_gain":0,"player_choice":"Success","damage_taken":18,"relics_obtained":["Juzu Bracelet"],"max_hp_gain":0,"max_hp_loss":0,"event_name":"Scrap Ooze","floor":2,"gold_loss":0}],"is_beta":false,"boss_relics":[],"items_purged_floors":[3],"is_endless":false,"potions_floor_spawned":[4,7,8,10,12,13,14],"killed_by":"The Guardian","ascension_level":20}}