{"host":"ko40t1o51xotjt2v","time":1612454745,"event":{"mods":["2.2 Compatiblity","AchievementEnabler","Aspiration","BaseMod","Better Match","Better Third Choice","Better Vampires","Conspire","Downfall","Energized Spire","GifTheSpireLib","Halation","Hubris","Jedi Mod","Minty Spire (QoL Compilation)","MostiFishMod","Reliquary","Spicy Shops","Spikes Relics","StSLib","Stuff the Spire","TestMod","??????REMEMod"],"gold_per_floor":[119,135,135,135,135,167,178,197,221,234,82,114,131,159,159,264,264,277,202,212,59,59,88,105,132,158,158,158,158],"floor_reached":28,"language":"SPA","playtime":1299,"items_purged":[],"score":449,"play_id":"74584c85-5d18-464d-8042-030c0a0fb4e4","local_time":"20210204170545","is_ascension_mode":true,"campfire_choices":[{"data":"Dualcast","floor":15,"key":"SMITH"}],"circlet_count":0,"master_deck":["Defend_B","Defend_B","Defend_B","Defend_B","Zap+1","Dualcast+1","All For One","Sweeping Beam+1","Double Energy+1","StuffTheSpire:GlassShard+1","Gash+1","Beam Cell+1","Bite+1","Bite+1","Bite+1","Bite+1"],"relics":["Cracked Core","DaveBox","testmod-TestBox","REME_ComplimentaryCards","NeowsBlessing","Molten Egg 2","conspire:DeflatedDodgeball","reliquary:Buckler","StuffTheSpire:BottledEssence","halation:LettersToHer","Toy Ornithopter","Runic Pyramid","HandDrill","testmod-AssaultLearning","MiniBlackHole"],"acts_visited":["Exordium","TheCity"],"potions_floor_usage":[7,12,14,16,16,23,25],"damage_taken":[{"damage":0,"enemies":"2 Louse","floor":1,"turns":1},{"damage":0,"enemies":"Small Slimes","floor":2,"turns":1},{"damage":0,"enemies":"3 Sentries","floor":6,"turns":1},{"damage":0,"enemies":"Jaw Worm","floor":7,"turns":4},{"damage":14,"enemies":"3 Louse","floor":8,"turns":2},{"damage":11,"enemies":"Looter","floor":10,"turns":2},{"damage":8,"enemies":"Gremlin Nob","floor":12,"turns":4},{"damage":1,"enemies":"2 Fungi Beasts","floor":13,"turns":2},{"damage":6,"enemies":"3 Sentries","floor":14,"turns":7},{"damage":36,"enemies":"The Guardian","floor":16,"turns":9},{"damage":7,"enemies":"Chosen","floor":18,"turns":4},{"damage":27,"enemies":"2 Thieves","floor":20,"turns":3},{"damage":14,"enemies":"conspire:SneckoGhost","floor":23,"turns":4},{"damage":18,"enemies":"Centurion and Healer","floor":24,"turns":3},{"damage":33,"enemies":"REME_1_Revenger","floor":25,"turns":3},{"damage":13,"enemies":"Book of Stabbing","floor":28,"turns":2}],"seed_played":"-3855939900769568885","potions_obtained":[{"floor":1,"key":"Guardian:BlockOnCardUsePotion"},{"floor":2,"key":"Weak Potion"},{"floor":6,"key":"EssenceOfSteel"},{"floor":10,"key":"SpeedPotion"},{"floor":14,"key":"Dexterity Potion"},{"floor":20,"key":"SpeedPotion"},{"floor":24,"key":"FocusPotion"}],"is_trial":false,"path_per_floor":["M","M","?","?","?","E","M","M","T","M","$","E","M","E","R","B",null,"M","?","M","$","?","E","M","E","T","?","E"],"character_chosen":"DEFECT","items_purchased":["StuffTheSpire:BottledEssence","HandDrill"],"campfire_rested":0,"item_purchase_floors":[11,21],"current_hp_per_floor":[68,68,68,68,68,68,68,54,54,43,43,35,34,28,28,2,57,50,50,23,23,23,26,23,7,7,7,0,0],"gold":158,"neow_bonus":"THREE_ENEMY_KILL","is_daily":false,"chose_seed":false,"campfire_upgraded":1,"win_rate":0.0,"timestamp":1612454745,"path_taken":["M","M","?","?","?","E","M","?","T","M","$","E","M","E","R","BOSS","M","?","M","$","?","E","M","E","T","?","E"],"items_purchased_type":["Relic","Relic"],"build_version":"2020-12-22","purchased_purges":0,"victory":false,"max_hp_per_floor":[75,75,75,75,75,75,75,75,75,75,75,75,75,75,75,75,75,75,75,75,75,57,57,57,57,57,57,57,57],"card_choices":[{"not_picked":["Rip and Tear","Redo"],"picked":"Sweeping Beam","floor":1},{"not_picked":["StuffTheSpire:Plugnplay","Reinforced Body"],"picked":"Double Energy","floor":2},{"not_picked":["StuffTheSpire:Plugnplay","Barrage+1","Auto Shields"],"picked":"SKIP","floor":6},{"not_picked":["Hologram","StuffTheSpire:Plugnplay"],"picked":"StuffTheSpire:GlassShard+1","floor":7},{"not_picked":["StuffTheSpire:LoadUp","MostiFishMod:ReprogramOld","Streamline+1"],"picked":"SKIP","floor":8},{"not_picked":["Turbo","StuffTheSpire:LoadUp","jedi:blockon"],"picked":"SKIP","floor":10},{"not_picked":["jedi:reiji","StuffTheSpire:SnapShoot","Lockon+1"],"picked":"SKIP","floor":12},{"not_picked":["Leap","StuffTheSpire:Plugnplay"],"picked":"Gash+1","floor":13},{"not_picked":["RefreshScreen","jedi:reiji","MostiFishMod:StrandedSiren"],"picked":"SKIP","floor":14},{"not_picked":["Streamline+1","Compile Driver+1"],"picked":"Beam Cell+1","floor":18},{"not_picked":["Coolheaded+1","Heatsinks","jedi:reiji"],"picked":"SKIP","floor":20},{"not_picked":["Rebound+1","REME_Whirling+1","Cold Snap+1"],"picked":"SKIP","floor":23},{"not_picked":["jedi:overflow","Leap","aspiration:Polymerization"],"picked":"SKIP","floor":24},{"not_picked":["Double Energy","Skim","Compile Driver+1"],"picked":"SKIP","floor":25}],"player_experience":483785,"relics_obtained":[{"floor":6,"key":"conspire:DeflatedDodgeball"},{"floor":9,"key":"reliquary:Buckler"},{"floor":12,"key":"halation:LettersToHer"},{"floor":14,"key":"Toy Ornithopter"},{"floor":23,"key":"testmod-AssaultLearning"},{"floor":25,"key":"MiniBlackHole"},{"floor":26,"key":"halation:LettersToHer"}],"event_choices":[{"damage_healed":0,"gold_gain":0,"player_choice":"Grow","damage_taken":0,"max_hp_gain":0,"max_hp_loss":0,"event_name":"Living Wall","floor":3,"gold_loss":0,"cards_upgraded":["Double Energy"]},{"cards_removed":["Injury"],"damage_healed":0,"gold_gain":0,"player_choice":"Gave Gold","damage_taken":0,"max_hp_gain":0,"max_hp_loss":0,"event_name":"Beggar","floor":19,"gold_loss":75},{"damage_healed":0,"gold_gain":0,"player_choice":"Became a vampire","damage_taken":0,"max_hp_gain":0,"max_hp_loss":18,"event_name":"Vampires","floor":22,"gold_loss":0,"cards_obtained":["Bite","Bite","Bite","Bite"]},{"damage_healed":0,"gold_gain":0,"player_choice":"Leave","damage_taken":0,"max_hp_gain":0,"max_hp_loss":0,"event_name":"conspire:Investor","floor":27,"gold_loss":0}],"is_beta":false,"boss_relics":[{"not_picked":["jedi:hotpepper","testmod-IncinerationGenerator"],"picked":"Runic Pyramid"}],"items_purged_floors":[],"is_endless":false,"potions_floor_spawned":[1,2,6,10,14,20,24],"killed_by":"Book of Stabbing","ascension_level":8}}