{"host":"mi0eibewekhugwl1","time":1612448051,"event":{"mods":["AchievementEnabler","BaseMod","Colored Map","Colored Powertips","DeckTracker","Keyboard Shortcuts","Minty Spire (QoL Compilation)","Quick Restart","Rare Cards Sparkle","Relic Stats","StSLib","SuperFastMode","everything is the same but u backflip on backflip"],"gold_per_floor":[117,117,136,136,136,136,166,183,183,108,88,101,101,121,121,196,196,209,209,226,13,13,13,13,23,48,48,48],"floor_reached":27,"language":"KOR","playtime":436,"items_purged":[],"score":472,"play_id":"eead5223-2e12-4955-9e64-1eaf84bf1b25","local_time":"20210204231411","is_ascension_mode":true,"campfire_choices":[{"data":"Dagger Spray","floor":6,"key":"SMITH"},{"data":"Noxious Fumes","floor":13,"key":"SMITH"},{"data":"Neutralize","floor":15,"key":"SMITH"},{"floor":23,"key":"REST"}],"circlet_count":0,"master_deck":["AscendersBane","Strike_G","Strike_G","Strike_G","Defend_G+1","Defend_G","Defend_G+1","Survivor","Neutralize+1","Cloak And Dagger","Dagger Spray+1","Noxious Fumes+1","Masterful Stab","After Image","Poisoned Stab","A Thousand Cuts","Sucker Punch+1","Infinite Blades","Apotheosis","Blur"],"relics":["Ring of the Snake","NeowsBlessing","Strawberry","Singing Bowl","Empty Cage","Lantern"],"acts_visited":["Exordium","TheCity"],"potions_floor_usage":[16,18,25,27],"damage_taken":[{"damage":0,"enemies":"Small Slimes","floor":1,"turns":1},{"damage":0,"enemies":"Cultist","floor":3,"turns":1},{"damage":0,"enemies":"Lagavulin","floor":7,"turns":1},{"damage":1,"enemies":"Jaw Worm","floor":8,"turns":5},{"damage":0,"enemies":"Blue Slaver","floor":12,"turns":4},{"damage":0,"enemies":"Large Slime","floor":14,"turns":6},{"damage":17,"enemies":"The Guardian","floor":16,"turns":13},{"damage":16,"enemies":"Chosen","floor":18,"turns":5},{"damage":23,"enemies":"3 Byrds","floor":20,"turns":4},{"damage":58,"enemies":"Shelled Parasite and Fungi","floor":25,"turns":7},{"damage":4,"enemies":"3 Cultists","floor":27,"turns":3}],"seed_played":"-4461947446754208431","potions_obtained":[{"floor":3,"key":"Regen Potion"},{"floor":8,"key":"Fire Potion"},{"floor":16,"key":"ColorlessPotion"},{"floor":18,"key":"BlessingOfTheForge"}],"is_trial":false,"path_per_floor":["M","?","M","?","?","R","E","M","T","?","?","M","R","M","R","B",null,"M","?","M","$","$","R","$","M","T","M"],"character_chosen":"THE_SILENT","items_purchased":["Apotheosis"],"campfire_rested":1,"item_purchase_floors":[21],"current_hp_per_floor":[59,59,59,59,39,39,46,45,45,45,45,45,45,45,45,28,62,61,61,38,38,38,59,59,1,1,0,0],"gold":48,"neow_bonus":"THREE_ENEMY_KILL","is_daily":false,"chose_seed":false,"campfire_upgraded":3,"win_rate":0.0,"timestamp":1612448051,"path_taken":["M","?","M","?","?","R","E","M","T","?","?","M","R","?","R","BOSS","M","?","?","?","$","R","$","M","T","M"],"items_purchased_type":["Card"],"build_version":"2020-12-22","purchased_purges":0,"victory":false,"max_hp_per_floor":[66,66,66,66,66,66,73,73,73,73,73,73,73,73,73,73,73,73,73,73,73,73,73,73,73,73,73,73],"relic_stats":{"Singing Bowl":0,"counters":[11,50],"obtain_stats":[{"Lantern":26,"NeowsBlessing":0,"Singing Bowl":9,"Strawberry":7,"Empty Cage":17,"Ring of the Snake":0},{"Lantern":10,"NeowsBlessing":0,"Singing Bowl":4,"Strawberry":3,"Empty Cage":7,"Ring of the Snake":0},{"Lantern":47,"NeowsBlessing":0,"Singing Bowl":8,"Strawberry":3,"Empty Cage":31,"Ring of the Snake":0}],"Ring of the Snake":[22]},"card_choices":[{"not_picked":["Poisoned Stab","Sucker Punch"],"picked":"Cloak And Dagger","floor":1},{"not_picked":["Terror","Well Laid Plans"],"picked":"Dagger Spray","floor":3},{"not_picked":["Deflect","Concentrate"],"picked":"Noxious Fumes","floor":7},{"not_picked":["Bane","Flechettes"],"picked":"Masterful Stab","floor":8},{"not_picked":["Slice","Outmaneuver"],"picked":"After Image","floor":12},{"not_picked":["Dagger Throw","Dash"],"picked":"Poisoned Stab","floor":14},{"not_picked":["Storm of Steel","Venomology"],"picked":"A Thousand Cuts","floor":16},{"not_picked":["Underhanded Strike","Deadly Poison"],"picked":"Sucker Punch+1","floor":18},{"not_picked":["Bane","Prepared"],"picked":"Infinite Blades","floor":20},{"not_picked":["Bane","Flying Knee"],"picked":"Blur","floor":25}],"player_experience":1785358,"relics_obtained":[{"floor":7,"key":"Strawberry"},{"floor":9,"key":"Singing Bowl"},{"floor":26,"key":"Lantern"}],"event_choices":[{"cards_removed":["Strike_G"],"damage_healed":0,"gold_gain":0,"player_choice":"Forget","damage_taken":0,"max_hp_gain":0,"max_hp_loss":0,"event_name":"Living Wall","floor":2,"gold_loss":0},{"damage_healed":0,"gold_gain":0,"player_choice":"Ignored","damage_taken":0,"max_hp_gain":0,"max_hp_loss":0,"event_name":"Liars Game","floor":4,"gold_loss":0},{"damage_healed":0,"gold_gain":0,"player_choice":"Entered Light","damage_taken":20,"max_hp_gain":0,"max_hp_loss":0,"event_name":"Shining Light","floor":5,"gold_loss":0,"cards_upgraded":["Defend_G","Defend_G"]},{"cards_removed":["Defend_G"],"damage_healed":0,"gold_gain":0,"player_choice":"Card Removal","damage_taken":0,"max_hp_gain":0,"max_hp_loss":0,"event_name":"The Cleric","floor":10,"gold_loss":75},{"damage_healed":0,"gold_gain":0,"player_choice":"Bought 1 Potion","damage_taken":0,"max_hp_gain":0,"max_hp_loss":0,"event_name":"The Woman in Blue","floor":11,"gold_loss":0},{"damage_healed":0,"gold_gain":0,"player_choice":"0 cards matched","damage_taken":0,"max_hp_gain":0,"max_hp_loss":0,"event_name":"Match and Keep!","floor":19,"gold_loss":0,"cards_obtained":[]}],"is_beta":false,"boss_relics":[{"not_picked":["SlaversCollar","Black Star"],"picked":"Empty Cage"}],"items_purged_floors":[],"is_endless":false,"potions_floor_spawned":[3,8,12,16,18],"killed_by":"3 Cultists","ascension_level":20}}