{"host":"waff8iqrwoe4yop6","time":1612482361,"event":{"mods":["AchievementEnabler","Aspiration","BaseMod","Better Note","Clawfect","Conspire","Downfall","Energized Spire","Halation","Hubris","Infinite Spire","Minty Spire (QoL Compilation)","Reliquary","Replay The Spire","StSLib","slay the spire mod where everything is the same but ironclad has a cowboy hat"],"gold_per_floor":[114,114,128,128,144,144,144,144,144,144,144,114,124,134,134,233,233,249,249,249,267,267,267,297,314,314,314,327,327,140,140,140,245,245,262,371,383,415,427,439,451,482,520,551,563,575,587,39,39,141,141,140,145,145,220,243,238,238,238,317,317,316,322,322,319,319,385,385,378,303,403,402,362,362,362,362,336,336,336,336,336,88,48,48,48,107,107,102,102,97,97,80,80,72,19,19,12,12,12,12,18,18,95,95,86,86,93,91,92,92,84,84,84,184,181,186,186,179,179,227,227,222,222,222,222,40,31,31,31,54,54,39,23,23,17,17,96,96,81,1080,1080,960,960],"floor_reached":142,"language":"ENG","playtime":9115,"items_purged":["Pain","downfall:Aged","Looming Evil"],"score":3077,"play_id":"3b97bb0c-a8f8-4452-a77a-b3105b8fe2b8","local_time":"20210204184601","is_ascension_mode":false,"campfire_choices":[{"data":"Gash","floor":6.0,"key":"SMITH"},{"data":"Gash","floor":10.0,"key":"SMITH"},{"floor":15.0,"key":"REST"},{"floor":23.0,"key":"REST"},{"floor":27,"key":"REST"},{"floor":29,"key":"REST"},{"data":"Static Discharge","floor":32,"key":"SMITH"},{"floor":40,"key":"REST"},{"floor":45,"key":"REST"},{"floor":47,"key":"REST"},{"data":"ReplayTheSpireMod:Black Plague","floor":49,"key":"SMITH"},{"floor":61,"key":"REST"},{"floor":66,"key":"REST"},{"floor":74,"key":"REST"},{"floor":78,"key":"REST"},{"data":"Replay:Fractal Strike","floor":81,"key":"SMITH"},{"data":"ReplayTheSpireMod:Chaos Vortex","floor":85,"key":"SMITH"},{"floor":93,"key":"REST"},{"floor":98,"key":"REST"},{"floor":100,"key":"REST"},{"floor":102,"key":"REST"},{"floor":110,"key":"REST"},{"data":"ReplayTheSpireMod:Reroute Power","floor":112,"key":"SMITH"},{"floor":119,"key":"REST"},{"floor":129,"key":"REST"},{"floor":131,"key":"REST"},{"floor":136,"key":"REST"}],"circlet_count":0,"master_deck":["Gash+1","Gash+1","Gash+1","Gash+1","Defend_B","Defend_B","Defend_B","Defend_B+1","Defend_B","Gash+1","Clawfect:Clawrage","BasicCrystalCard+1","BasicCrystalCard","Clawfect:Clawrage","Clawfect:ClawpileDriver","Chill+1","Time Bomb+1","Clawfect:ClawForOne","Clawfect:Clawrage","Clawfect:ClawSnap","Panic Button","Clawfect:Clawline+1","Clawfect:ClawLightning+1","Clawfect:ScrapingClaw+1","Clawfect:ClawForOne","Rebound","ReplayTheSpireMod:Calculation Training","Clawfect:Clawline","Clawfect:Clawline+1","ReplayTheSpireMod:Black Plague+1","ReplayTheSpireMod:Chaos Vortex+1","Clawfect:ClawForTheEyes","Clawfect:Clawter","PanicButton","Survey Options","Dark Shackles","Chill","Clawfect:ClawpileDriver+1","Clawfect:Clawrage+1","Capacitor+1","Creative AI+1","Gash+1","Clawfect:ClawSnap","Clawfect:Clawter","Clawfect:ClawCell","Gash+1","hubris:Rewind+1","Clawfect:Clawrage","Clawfect:ClawForTheEyes","Hello World","Clawfect:ClawAndGloom","FIFO Queue","Clawfect:ClawSnap","Clawfect:Clawter","Conserve Battery","Replay:Fractal Strike+1","hubris:SpecializedCircuitry","Clawfect:Clawrage+1","Clawfect:Clawrage","Redo","Clawfect:ClawForTheEyes+1","Clawfect:Clawrage+1","Clawfect:ClawCell","ReplaySolidLightProjector","ReplayTheSpireMod:Reroute Power+1","Clawfect:ClawForOne","Loop","Scrawl+1","Machine Learning","Gash+1","Clawfect:ScrapingClaw+1","Clawfect:ClawLightning","Conserve Battery+1","infinitespire:NeuralNetwork+1","Blizzard+1","Clawfect:ClawForTheEyes+1","Coolheaded+1","aspiration:Polymerization+1","Clawfect:ClawCell","Reprogram","Panic Button","Gash+1","Clawfect:ClawCell+1","Biased Cognition","Gash+1","Self Repair","Coolheaded","Clawfect:ClawCell","Stack","Clawfect:ClawLightning","Gash+1","Gash+1","Consume","Blizzard","Clawfect:ClawSnap","Stack","Clawfect:Clawter","Loop","Clawfect:ClawForTheEyes","ReplayRNGCard","Rebound","Skim+1","ReplayTheSpireMod:Brewmster","ReplayTheSpireMod:Book of Names","Fission","Clawfect:ClawForTheEyes","hubris:PowerSurge+1","Defragment","Clawfect:ClawLightning+1","Clawfect:Clawter+1","Stack","Creative AI","Stack+1","ReplayTheSpireMod:System Scan+1","Normality","Normality"],"relics":["Clawfect:DRClaw","aspiration:Nostalgia","Ring of the Snake","Calipers","Replay:Ringing Soul","SlaversCollar","Prayer Wheel","WarpedTongs","ReplayFunnel","Replay:Bottled Eggs","Lee\u0027s Waffle","conspire:SlowCooker","MawBank","War Paint","aspiration:KaomsHeart"],"acts_visited":["Exordium","TheCity","TheBeyond","Exordium","TheCity","TheBeyond","Exordium","TheCity","TheBeyond"],"potions_floor_usage":[44,50,57,67,86,86,103,120,127,127,127,127,133,137,137,142,142,142,142,142,142,142,142,142,142,142,142,142],"damage_taken":[{"damage":2.0,"enemies":"Small Slimes","floor":1.0,"turns":3.0},{"damage":0.0,"enemies":"2 Louse","floor":3.0,"turns":3.0},{"damage":12.0,"enemies":"conspire:RoseBush","floor":5.0,"turns":3.0},{"damage":0.0,"enemies":"Exordium Thugs","floor":13.0,"turns":4.0},{"damage":6.0,"enemies":"Large Slime","floor":14.0,"turns":4.0},{"damage":40.0,"enemies":"Slime Boss","floor":16.0,"turns":7.0},{"damage":37.0,"enemies":"Shell Parasite","floor":18.0,"turns":6.0},{"damage":9.0,"enemies":"Chosen","floor":21.0,"turns":6.0},{"damage":38.0,"enemies":"Nightmare","floor":24.0,"turns":6.0},{"damage":26.0,"enemies":"Sentry and Sphere","floor":25.0,"turns":4.0},{"damage":21,"enemies":"Snake Plant","floor":28,"turns":3},{"damage":15,"enemies":"conspire:MysteriousRune","floor":33,"turns":5},{"damage":10,"enemies":"3 Shapes","floor":35,"turns":3},{"damage":0,"enemies":"Orb Walker","floor":38,"turns":3},{"damage":32,"enemies":"4 Shapes","floor":42,"turns":5},{"damage":20,"enemies":"Jaw Worm Horde","floor":44,"turns":6},{"damage":118,"enemies":"conspire:OrnateMirror","floor":50,"turns":6},{"damage":10,"enemies":"2 Louse","floor":52,"turns":2},{"damage":16,"enemies":"Jaw Worm","floor":53,"turns":3},{"damage":44,"enemies":"Nightmare","floor":57,"turns":7},{"damage":14,"enemies":"conspire:RoseBush","floor":59,"turns":4},{"damage":29,"enemies":"Large Slime","floor":62,"turns":5},{"damage":3,"enemies":"Blue Slaver","floor":63,"turns":2},{"damage":15,"enemies":"2 Fungi Beasts","floor":65,"turns":4},{"damage":182,"enemies":"Hexaghost","floor":67,"turns":6},{"damage":53,"enemies":"Shell Parasite","floor":69,"turns":6},{"damage":35,"enemies":"conspire:FuzzyDice","floor":72,"turns":3},{"damage":12,"enemies":"conspire:HollyBat","floor":73,"turns":10},{"damage":40,"enemies":"Cultist and Chosen","floor":77,"turns":8},{"damage":29,"enemies":"Pondfish","floor":86,"turns":6},{"damage":91,"enemies":"3 Darklings","floor":88,"turns":6},{"damage":15,"enemies":"3 Shapes","floor":90,"turns":4},{"damage":65,"enemies":"3 Darklings","floor":92,"turns":5},{"damage":0,"enemies":"Maw","floor":94,"turns":4},{"damage":104,"enemies":"4 Shapes","floor":97,"turns":5},{"damage":103,"enemies":"Sphere and 2 Shapes","floor":101,"turns":6},{"damage":259,"enemies":"infinitespire:MassOfShapes","floor":103,"turns":5},{"damage":5,"enemies":"Cultist","floor":105,"turns":4},{"damage":28,"enemies":"2 Louse","floor":107,"turns":3},{"damage":20,"enemies":"Jaw Worm","floor":108,"turns":2},{"damage":41,"enemies":"Looter","floor":109,"turns":3},{"damage":37,"enemies":"3 Louse","floor":111,"turns":4},{"damage":29,"enemies":"Red Slaver","floor":115,"turns":4},{"damage":6,"enemies":"Gremlin Nob","floor":116,"turns":4},{"damage":26,"enemies":"2 Fungi Beasts","floor":118,"turns":4},{"damage":18,"enemies":"Fading Forest","floor":120,"turns":6},{"damage":45,"enemies":"Spheric Guardian","floor":122,"turns":4},{"damage":179,"enemies":"Nightmare_Alpha","floor":127,"turns":8},{"damage":68,"enemies":"Shell Parasite","floor":132,"turns":5},{"damage":102,"enemies":"Snake Plant","floor":133,"turns":6},{"damage":10,"enemies":"3 Cultists","floor":135,"turns":4},{"damage":202,"enemies":"infinitespire:LordOfFortification","floor":137,"turns":6},{"damage":55,"enemies":"3 Shapes","floor":139,"turns":4},{"damage":642,"enemies":"infinitespire:LordOfFortification","floor":142,"turns":16}],"seed_played":"-4092748926943674580","potions_obtained":[{"floor":5.0,"key":"PotionOfCapacity"},{"floor":12.0,"key":"Energy Potion"},{"floor":12.0,"key":"bronze:BurnAndBuffPotion"},{"floor":16.0,"key":"Weak Potion"},{"floor":21.0,"key":"Swift Potion"},{"floor":22.0,"key":"Dexterity Potion"},{"floor":22.0,"key":"Languid Potion"},{"floor":24.0,"key":"Regen Potion"},{"floor":25,"key":"Weak Potion"},{"floor":35,"key":"Block Potion"},{"floor":57,"key":"Adrenaline Potion"},{"floor":59,"key":"FairyPotion"},{"floor":73,"key":"champ:CounterPotion"},{"floor":77,"key":"Strength Potion"},{"floor":101,"key":"PowerPotion"},{"floor":108,"key":"SneckoOil"},{"floor":109,"key":"Strength Potion"},{"floor":118,"key":"FocusPotion"},{"floor":120,"key":"sneckomod:MuddlingPotion"},{"floor":132,"key":"ColorlessPotion"},{"floor":135,"key":"Ancient Potion"},{"floor":137,"key":"Toxic Potion"},{"floor":139,"key":"Reflective Coating"}],"is_trial":false,"path_per_floor":["M","?","M","?","M","R","?","?","T","R","T","?","M","M","R","B",null,"M","?","AVR","M","?","R","NM","M","T","R","M","R","$","?","R","B",null,"M","?","AVR","M","?","R","?","M","T","M","R","?","R","$","R","B",null,"M","M","?","?","T","NM","?","M","T","R","M","M","?","M","R","B",null,"M","$","?","M","M","R","PTL","PTL","M","R","T","?","R","$","$","?","R","B",null,"M","?","M","AVR","M","R","M","$","T","M","R","$","R","M","R","B",null,"M","?","M","M","M","R","M","R","T","?","M","E","?","M","R","B",null,"M","?","T","?","$","NM","?","R","T","R","M","M","$","M","R","B",null,"M","?","?","B"],"character_chosen":"DEFECT","items_purchased":["Lee\u0027s Waffle","Clawfect:ScrapingClaw+1","aspiration:KaomsHeart","Clawfect:ClawForOne","Loop","Clawfect:ClawCell","ReplayTheSpireMod:Brewmster"],"campfire_rested":20,"item_purchase_floors":[30,30,48,82,83,95,126],"current_hp_per_floor":[73,73,73,73,61,61,61,61,61,61,61,61,64,61,81,44,84,50,53,53,47,47,74,39,21,21,50,32,62,112,112,112,100,115,108,64,67,70,63,102,115,86,86,69,109,109,136,236,236,121,239,232,219,219,208,208,167,170,159,159,235,209,209,209,197,263,84,266,216,216,216,184,175,257,257,257,220,278,278,278,278,281,284,287,287,261,290,202,197,185,188,126,216,219,222,222,121,214,214,307,207,301,45,317,315,315,290,273,235,329,305,305,305,305,279,283,283,260,341,336,344,302,302,302,302,305,129,129,234,234,339,274,175,175,168,276,84,365,313,316,316,0,0],"gold":960,"neow_bonus":"NOSTALGIA","is_daily":false,"chose_seed":false,"campfire_upgraded":7,"win_rate":0.0,"timestamp":1612482361,"path_taken":["M","?","M","?","M","R","?","?","T","R","?","?","M","M","R","BOSS","M","?","AVR","M","?","R","NM","?","T","R","M","R","?","?","R","BOSS","M","?","AVR","M","?","R","?","M","T","?","R","?","R","$","R","BOSS","M","M","?","?","?","NM","?","M","T","R","M","M","?","M","R","BOSS","M","$","?","?","M","R","PTL","PTL","M","R","T","?","R","?","$","?","R","BOSS","M","?","M","AVR","M","R","M","$","T","M","R","$","R","M","R","BOSS","M","?","M","M","?","R","M","R","T","?","?","E","?","M","R","BOSS","M","?","?","?","$","NM","?","R","T","R","M","?","?","M","R","BOSS","M","?","?","BOSS"],"items_purchased_type":["Relic","Card","Relic","Card","Card","Card","Card"],"build_version":"2020-12-22","purchased_purges":3,"victory":false,"max_hp_per_floor":[75,75,75,75,75,75,75,75,75,75,75,75,78,81,81,84,84,87,90,90,93,93,93,96,99,99,99,102,102,112,112,112,115,115,118,121,124,127,130,130,130,133,133,136,136,136,136,236,236,239,239,242,245,245,245,245,248,251,254,254,254,257,260,260,263,263,266,266,269,269,269,272,275,275,275,275,278,278,278,278,278,281,284,287,287,290,290,293,293,296,299,302,302,305,308,308,311,311,311,311,314,314,317,317,320,320,323,326,329,329,332,332,332,332,335,338,338,341,341,344,344,347,347,347,347,350,353,353,353,353,353,356,359,359,362,362,365,365,368,371,371,371,371],"card_choices":[{"not_picked":["Time Bomb","Chill"],"picked":"Gash","floor":1.0},{"not_picked":["Redo","Stack"],"picked":"Clawfect:Clawrage","floor":3.0},{"not_picked":["Double Energy","Steam"],"picked":"BasicCrystalCard","floor":5.0},{"not_picked":["Leap","Rainbow"],"picked":"Clawfect:Clawrage","floor":13.0},{"not_picked":["Stack","Conserve Battery"],"picked":"Clawfect:ClawpileDriver","floor":14.0},{"not_picked":["Mirror Shield","Fission"],"picked":"ReplayTheSpireMod:Fabricate Wheel","floor":16.0},{"not_picked":["Coolheaded","FTL+1"],"picked":"Chill+1","floor":18.0},{"not_picked":["Conserve Battery","White Noise+1"],"picked":"Time Bomb","floor":18.0},{"not_picked":["Steam","Clawfect:ClawAndTear"],"picked":"Clawfect:ClawForOne","floor":21.0},{"not_picked":["Undo","FIFO Queue"],"picked":"Clawfect:Clawrage","floor":21.0},{"not_picked":["Meteor Strike","Turbo"],"picked":"Static Discharge","floor":24.0},{"not_picked":["Blizzard","Hologram"],"picked":"Clawfect:ClawSnap","floor":25},{"not_picked":["ReplaySolidLightProjector","Sunder+1"],"picked":"Panic Button","floor":25},{"not_picked":["Rebound","Multi-Cast"],"picked":"Clawfect:Clawline+1","floor":28},{"not_picked":["Clawfect:Clawrage+1","Gash+1"],"picked":"Clawfect:ClawLightning+1","floor":28},{"not_picked":["Seek","Buffer"],"picked":"Clawfect:ClawForOne","floor":33},{"not_picked":["Coolheaded+1","Stack"],"picked":"Rebound","floor":35},{"not_picked":["Static Discharge","Sunder+1"],"picked":"ReplayTheSpireMod:Calculation Training","floor":35},{"not_picked":["Fission","Clawfect:ClawLightning+1"],"picked":"Clawfect:Clawline","floor":36},{"not_picked":["Clawfect:ScrapingClaw+1","Clawfect:ClawpileDriver"],"picked":"Clawfect:Clawline+1","floor":36},{"not_picked":["Tempest","Blizzard"],"picked":"Clawfect:ClawForTheEyes","floor":38},{"not_picked":["Clawfect:Clawline+1","Clawfect:ScrapingClaw"],"picked":"Clawfect:Clawter","floor":38},{"not_picked":["Impatience","Forethought"],"picked":"PanicButton","floor":39},{"not_picked":["Specialist","Panacea"],"picked":"Survey Options","floor":39},{"not_picked":["Enlightenment","ReplayTheSpireMod:Trickstab"],"picked":"Dark Shackles","floor":39},{"not_picked":["Steam","Storm"],"picked":"Chill","floor":42},{"not_picked":["FTL+1","aspiration:Polymerization+1"],"picked":"Clawfect:ClawpileDriver+1","floor":42},{"not_picked":["Coolheaded","BootSequence"],"picked":"Clawfect:Clawrage+1","floor":44},{"not_picked":["Crystallizer","Leap+1"],"picked":"Capacitor+1","floor":44},{"not_picked":["Mirror Shield","hubris:Prefetch"],"picked":"Creative AI","floor":50},{"not_picked":["ReplayTheSpireMod:Dual Polarity","Clawfect:ClawSnap"],"picked":"Gash","floor":52},{"not_picked":["Sunder","FTL"],"picked":"Clawfect:ClawSnap","floor":52},{"not_picked":["Clawfect:ClawSnap","Turbo"],"picked":"Clawfect:Clawter","floor":53},{"not_picked":["Clawfect:ScrapingClaw","Reinforced Body"],"picked":"Clawfect:ClawCell","floor":53},{"not_picked":["Clawfect:ClawingBeam","Coolheaded"],"picked":"Gash","floor":57},{"not_picked":["infinitespire:Collect","ReplayTheSpireMod:Echoes of Time"],"picked":"hubris:Rewind","floor":58},{"not_picked":["Conserve Battery","BasicCrystalCard"],"picked":"Clawfect:Clawrage","floor":59},{"not_picked":["Self Repair","Clawfect:Clawter"],"picked":"Clawfect:ClawForTheEyes","floor":59},{"not_picked":["Loop","hubris:Prefetch"],"picked":"Hello World","floor":62},{"not_picked":["Steam Power","Stack"],"picked":"Clawfect:ClawAndGloom","floor":62},{"not_picked":["Coolheaded","conspire:SharedLibrary"],"picked":"FIFO Queue","floor":63},{"not_picked":["Defragment","Clawfect:Clawline"],"picked":"Clawfect:ClawSnap","floor":63},{"not_picked":["Conserve Battery","Genetic Algorithm"],"picked":"Clawfect:Clawter","floor":65},{"not_picked":["Coolheaded","conspire:Rain"],"picked":"Conserve Battery","floor":65},{"not_picked":["Rainbow","Creative AI"],"picked":"ReplayTheSpireMod:Fabricate Wheel","floor":67},{"not_picked":["infinitespire:FutureSight","hubris:Fate"],"picked":"Replay:Fractal Strike","floor":67},{"not_picked":["Rebound","Gash+1"],"picked":"Clawfect:Clawrage+1","floor":69},{"not_picked":["Leap","FTL"],"picked":"Clawfect:Clawrage","floor":69},{"not_picked":["Stack","Undo"],"picked":"Redo","floor":72},{"not_picked":["Clawfect:ClawLightning","hubris:Ukulele"],"picked":"Clawfect:ClawForTheEyes+1","floor":72},{"not_picked":["Panic Button","Clawfect:ClawForTheEyes"],"picked":"Clawfect:Clawrage+1","floor":73},{"not_picked":["Stack+1","Leap"],"picked":"Clawfect:ClawCell","floor":73},{"not_picked":["Conserve Battery","Coolheaded"],"picked":"ReplaySolidLightProjector","floor":77},{"not_picked":["conspire:Rain","Reprogram"],"picked":"ReplayTheSpireMod:Reroute Power","floor":77},{"not_picked":["Seek","Creative AI"],"picked":"Machine Learning","floor":86},{"not_picked":["FTL+1","Clawfect:ClawSnap+1"],"picked":"Gash+1","floor":88},{"not_picked":["Clawfect:Clawline+1","Blizzard+1"],"picked":"Clawfect:ScrapingClaw+1","floor":88},{"not_picked":["Leap","Tempest"],"picked":"Clawfect:ClawLightning","floor":90},{"not_picked":["Glacier","Leap+1"],"picked":"Conserve Battery+1","floor":90},{"not_picked":["Crystallizer+1","Clawfect:ClawCell"],"picked":"Blizzard+1","floor":92},{"not_picked":["Capacitor+1","Clawfect:ScrapingClaw"],"picked":"Clawfect:ClawForTheEyes+1","floor":92},{"not_picked":["Darkness","Capacitor+1"],"picked":"Coolheaded+1","floor":94},{"not_picked":["Tempest+1","Clawfect:ClawAndGloom+1"],"picked":"aspiration:Polymerization+1","floor":94},{"not_picked":["Heatsinks","Clawfect:ClawSnap"],"picked":"Reprogram","floor":97},{"not_picked":["ReplayTheSpireMod:GoodbyeWorld","Stack+1"],"picked":"Panic Button","floor":97},{"not_picked":["hubris:SpecializedCircuitry","Genetic Algorithm+1"],"picked":"Gash+1","floor":101},{"not_picked":["Gash+1","Chill"],"picked":"Clawfect:ClawCell+1","floor":101},{"not_picked":["Buffer","hubris:DoWhile"],"picked":"Biased Cognition","floor":103},{"not_picked":["Steam","Panic Button"],"picked":"Gash","floor":105},{"not_picked":["hubris:Ukulele","Steam"],"picked":"Self Repair","floor":105},{"not_picked":["Clawfect:ClawpileDriver","BasicCrystalCard"],"picked":"Coolheaded","floor":107},{"not_picked":["Electrodynamics","Rebound"],"picked":"Clawfect:ClawCell","floor":107},{"not_picked":["Auto Shields","Darkness"],"picked":"Stack","floor":108},{"not_picked":["Redo","Skim"],"picked":"Clawfect:ClawLightning","floor":108},{"not_picked":["Clawfect:ClawCell","Conserve Battery"],"picked":"Gash","floor":109},{"not_picked":["Clawfect:ClawpileDriver","Creative AI"],"picked":"Gash","floor":109},{"not_picked":["Fusion","Clawfect:Clawrage"],"picked":"Consume","floor":111},{"not_picked":["FTL","Turbo"],"picked":"Blizzard","floor":111},{"not_picked":["Clawfect:ClawpileDriver","Sunder"],"picked":"Clawfect:ClawSnap","floor":115},{"not_picked":["Redo","Sunder"],"picked":"Stack","floor":115},{"not_picked":["Clawfect:ClawLightning","ReplayTheSpireMod:Fabricate Wheel"],"picked":"Clawfect:Clawter","floor":116},{"not_picked":["Heatsinks","Clawfect:ClawpileDriver"],"picked":"Loop","floor":118},{"not_picked":["Rebound","Capacitor"],"picked":"Clawfect:ClawForTheEyes","floor":118},{"not_picked":["ReplayTheSpireMod:Omega Cannon","Reboot"],"picked":"ReplayRNGCard","floor":120},{"not_picked":["Steam","Fusion"],"picked":"Rebound","floor":122},{"not_picked":["ReplayTheSpireMod:Repulse","Redo"],"picked":"Skim+1","floor":122},{"not_picked":["Replay:Fractal Strike","hubris:Rewind"],"picked":"ReplayTheSpireMod:Book of Names","floor":127},{"not_picked":["Coolheaded","Undo"],"picked":"Fission","floor":127},{"not_picked":["ReplaySort","Turbo"],"picked":"Clawfect:ClawForTheEyes","floor":132},{"not_picked":["Fusion+1","ReplayTheSpireMod:Dual Polarity"],"picked":"hubris:PowerSurge+1","floor":132},{"not_picked":["Hologram+1","Redo"],"picked":"Defragment","floor":133},{"not_picked":["Rebound","Electrodynamics"],"picked":"Clawfect:ClawLightning+1","floor":133},{"not_picked":["Clawfect:ClawingBeam+1","Glacier"],"picked":"Clawfect:Clawter+1","floor":135},{"not_picked":["Hologram","Capacitor"],"picked":"Stack","floor":135},{"not_picked":["Mirror Shield","Rainbow"],"picked":"Creative AI","floor":137},{"not_picked":["ReplaySort","Gash+1"],"picked":"Stack+1","floor":139},{"not_picked":["hubris:Ukulele","Redo+1"],"picked":"ReplayTheSpireMod:System Scan+1","floor":139}],"player_experience":40692,"relics_obtained":[{"floor":9.0,"key":"Calipers"},{"floor":11.0,"key":"Replay:Ringing Soul"},{"floor":24.0,"key":"ReplayFunnel"},{"floor":26,"key":"Replay:Bottled Eggs"},{"floor":36,"key":"MawBank"},{"floor":43,"key":"War Paint"},{"floor":56,"key":"reliquary:Buckler"},{"floor":57,"key":"ReplayTheSpireMod:Ninjato"},{"floor":60,"key":"infinitespire:EmpoweringShard"},{"floor":79,"key":"Boot"},{"floor":96,"key":"conspire:DeflatedDodgeball"},{"floor":113,"key":"Ornamental Fan"},{"floor":116,"key":"aspiration:HummingbirdHeart"},{"floor":124,"key":"conspire:Boomerang"},{"floor":127,"key":"halation:PromiseList"},{"floor":130,"key":"Ancient Tea Set"}],"event_choices":[{"damage_healed":0.0,"max_hp_gain":0.0,"max_hp_loss":0.0,"gold_gain":0.0,"event_name":"Living Wall","player_choice":"Grow","floor":7.0,"gold_loss":0.0,"damage_taken":0.0,"cards_upgraded":["Gash"]},{"damage_healed":0.0,"max_hp_gain":0.0,"max_hp_loss":0.0,"gold_gain":0.0,"event_name":"The Cleric","player_choice":"Leave","floor":8.0,"gold_loss":0.0,"damage_taken":0.0},{"damage_healed":0.0,"max_hp_gain":0.0,"max_hp_loss":0.0,"gold_gain":0.0,"event_name":"The Woman in Blue","player_choice":"Bought 2 Potions","floor":12.0,"gold_loss":0.0,"damage_taken":0.0},{"damage_healed":0.0,"max_hp_gain":0.0,"max_hp_loss":0.0,"gold_gain":0.0,"event_name":"Accursed Blacksmith","player_choice":"Rummage","floor":19.0,"gold_loss":0.0,"damage_taken":0.0,"relics_obtained":["WarpedTongs"],"cards_obtained":["Pain"]},{"damage_healed":0.0,"max_hp_gain":0.0,"max_hp_loss":0.0,"gold_gain":0.0,"event_name":"Lab","player_choice":"Got Potions","floor":22.0,"gold_loss":0.0,"damage_taken":0.0},{"damage_healed":0,"gold_gain":0,"player_choice":"Ignored","damage_taken":0,"max_hp_gain":0,"max_hp_loss":0,"event_name":"betterNote:BetterNote","floor":31,"gold_loss":0,"cards_obtained":["Sucker Punch"]},{"damage_healed":0,"gold_gain":0,"player_choice":"Memory 3","damage_taken":10,"max_hp_gain":0,"max_hp_loss":0,"event_name":"SensoryStone","floor":39,"gold_loss":0},{"cards_removed":["Static Discharge"],"damage_healed":0,"gold_gain":0,"player_choice":"Removed Power","damage_taken":0,"max_hp_gain":0,"max_hp_loss":0,"event_name":"Falling","floor":46,"gold_loss":0},{"damage_healed":0,"gold_gain":75,"player_choice":"Gather Gold","damage_taken":11,"max_hp_gain":0,"max_hp_loss":0,"event_name":"World of Goop","floor":55,"gold_loss":0},{"damage_healed":0,"gold_gain":0,"player_choice":"Grow","damage_taken":0,"max_hp_gain":0,"max_hp_loss":0,"event_name":"Living Wall","floor":64,"gold_loss":0,"cards_upgraded":["hubris:Rewind"]},{"damage_healed":0,"gold_gain":100,"player_choice":"Pray","damage_taken":0,"max_hp_gain":0,"max_hp_loss":0,"event_name":"Golden Shrine","floor":71,"gold_loss":0},{"damage_healed":0,"gold_gain":0,"player_choice":"Trade","damage_taken":0,"relics_obtained":["CultistMask"],"max_hp_gain":0,"max_hp_loss":0,"event_name":"FaceTrader","floor":80,"gold_loss":0},{"damage_healed":0,"gold_gain":0,"player_choice":"Read","damage_taken":0,"max_hp_gain":0,"max_hp_loss":0,"event_name":"The Library","floor":84,"gold_loss":0,"cards_obtained":["Scrawl"]},{"damage_healed":0,"gold_gain":0,"player_choice":"Forge","damage_taken":0,"max_hp_gain":0,"max_hp_loss":0,"event_name":"Accursed Blacksmith","floor":106,"gold_loss":0,"cards_upgraded":["infinitespire:NeuralNetwork"]},{"damage_healed":0,"gold_gain":100,"player_choice":"Gold","damage_taken":0,"max_hp_gain":0,"max_hp_loss":0,"event_name":"Wheel of Change","floor":114,"gold_loss":0},{"damage_healed":0,"gold_gain":0,"player_choice":"Ignored","damage_taken":0,"max_hp_gain":0,"max_hp_loss":0,"event_name":"Golden Wing","floor":117,"gold_loss":0},{"damage_healed":0,"gold_gain":0,"player_choice":"Upgraded","damage_taken":0,"max_hp_gain":0,"max_hp_loss":0,"event_name":"Upgrade Shrine","floor":128,"gold_loss":0,"cards_upgraded":["Scrawl"]},{"damage_healed":0,"gold_gain":999,"player_choice":"Gold","damage_taken":0,"max_hp_gain":0,"max_hp_loss":0,"event_name":"MindBloom","floor":140,"gold_loss":0,"cards_obtained":["Normality","Normality"]},{"damage_healed":0,"gold_gain":0,"player_choice":"Took Portal","damage_taken":0,"max_hp_gain":0,"max_hp_loss":0,"event_name":"SecretPortal","floor":141,"gold_loss":0}],"is_beta":false,"boss_relics":[{"not_picked":["energizedSpire:DeadBattery","aspiration:SilentSkillbook"],"picked":"SlaversCollar"},{"not_picked":["aspiration:FutureDiary","halation:PinkAlligatorPlush"],"picked":"conspire:SlowCooker"},{"not_picked":["aspiration:KMNothing","aspiration:KMNothing"],"picked":"aspiration:KMNothing"},{"not_picked":["energizedSpire:OgreHead","hubris:RunicObelisk"],"picked":"energizedSpire:DeadBattery"},{"not_picked":["reliquary:RedCape","ReplayTheSpireMod:DimensionalGlitch"],"picked":"energizedSpire:MagnifyingGlass"},{"not_picked":["aspiration:SecretTechniqueScroll","conspire:SeveredTorchhead"],"picked":"reliquary:KinkedSpring"},{"not_picked":["halation:PinkAlligatorPlush","halation:Yufonium"],"picked":"conspire:SpecialSausage"},{"not_picked":["Replay:Drink Me","halation:LoveArrow"],"picked":"aspiration:IroncladSkillbook"}],"items_purged_floors":[20,70,82],"is_endless":true,"potions_floor_spawned":[5,14,16,21,24,25,35,42,57,59,73,77,101,108,109,118,120,132,135,137,139],"killed_by":"infinitespire:LordOfFortification","ascension_level":0}}