{"host":"qgvpd00zvzorrg7j","time":1612414840,"event":{"mods":["BaseMod","Colored Map","Downfall","Minty Spire (QoL Compilation)","Quick Restart","StSLib"],"gold_per_floor":[99,9,9,27,46,81,131,131,143,143,28,56,56,75,89,191,191,91,102,102,121,137,205,232,232,246,106,133,118,118,137,153,256,256,256,273,324,324,225,275,302,334,159,174,206,219,234,246,257,257],"floor_reached":51,"language":"ENG","playtime":2897,"items_purged":["Guardian:Defend_Guardian","Guardian:Defend_Guardian","Guardian:Defend_Guardian","Guardian:Strike_Guardian","Guardian:Defend_Guardian"],"score":939,"play_id":"7521d6a9-68a7-4373-8cd4-35d874181a62","local_time":"20210204000040","is_ascension_mode":false,"campfire_choices":[{"data":"Guardian:CurlUp","floor":1.0,"key":"SMITH"},{"data":"Guardian:BodySlam","floor":13.0,"key":"SMITH"},{"data":"Guardian:StasisField","floor":18.0,"key":"SMITH"},{"data":"Guardian:ExploitGems","floor":30.0,"key":"SMITH"},{"floor":35.0,"key":"RECALL"}],"circlet_count":0,"master_deck":["Guardian:CurlUp+1","Guardian:TwinSlam","Guardian:ShieldSpikes","Guardian:Incinerate","Guardian:StasisField+1","Guardian:BodySlam+1","Guardian:Incinerate","Guardian:ExploitGems+1","Guardian:Clone+1"],"relics":["Guardian:ModeShifterPlus","HornCleat","Mercury Hourglass","Ancient Tea Set","Boot","Busted Crown","downfall:HeartBlessingGreen","Sundial","Tiny Chest","Ice Cream","FossilizedHelix","Shovel","PreservedInsect","Kunai","Pear"],"acts_visited":["Exordium","TheCity","TheBeyond"],"potions_floor_usage":[50,50],"damage_taken":[{"damage":0.0,"enemies":"downfall:FleeingMerchant","floor":2.0,"turns":4.0},{"damage":0.0,"enemies":"Cultist","floor":4.0,"turns":4.0},{"damage":5.0,"enemies":"2 Louse","floor":5.0,"turns":3.0},{"damage":51.0,"enemies":"3 Sentries","floor":6.0,"turns":26.0},{"damage":8.0,"enemies":"Small Slimes","floor":9.0,"turns":4.0},{"damage":0.0,"enemies":"downfall:FleeingMerchant","floor":11.0,"turns":4.0},{"damage":4.0,"enemies":"Lagavulin","floor":12.0,"turns":6.0},{"damage":0.0,"enemies":"Exordium Thugs","floor":14.0,"turns":3.0},{"damage":0.0,"enemies":"Lots of Slimes","floor":15.0,"turns":3.0},{"damage":15.0,"enemies":"DF_ARCHETYPE_STREAMLINE","floor":16.0,"turns":11.0},{"damage":0.0,"enemies":"Shell Parasite","floor":19.0,"turns":3.0},{"damage":4.0,"enemies":"Chosen","floor":21.0,"turns":4.0},{"damage":0.0,"enemies":"Snake Plant","floor":22.0,"turns":4.0},{"damage":0.0,"enemies":"Centurion and Healer","floor":26.0,"turns":5.0},{"damage":0.0,"enemies":"downfall:FleeingMerchant","floor":27.0,"turns":4.0},{"damage":0.0,"enemies":"Gremlin Leader","floor":28.0,"turns":4.0},{"damage":0.0,"enemies":"downfall:FleeingMerchant","floor":29.0,"turns":4.0},{"damage":11.0,"enemies":"Cultist and Chosen","floor":31.0,"turns":7.0},{"damage":9.0,"enemies":"Chosen and Byrds","floor":32.0,"turns":3.0},{"damage":0.0,"enemies":"SI_MIRROR_ARCHETYPE","floor":33.0,"turns":10.0},{"damage":0.0,"enemies":"3 Shapes","floor":36.0,"turns":3.0},{"damage":0.0,"enemies":"downfall:FleeingMerchant","floor":39.0,"turns":3.0},{"damage":0.0,"enemies":"downfall:FleeingMerchant","floor":40.0,"turns":3.0},{"damage":0.0,"enemies":"Giant Head","floor":42.0,"turns":3.0},{"damage":0.0,"enemies":"Orb Walker","floor":44.0,"turns":2.0},{"damage":0.0,"enemies":"Nemesis","floor":45.0,"turns":3.0},{"damage":0.0,"enemies":"3 Darklings","floor":46.0,"turns":4.0},{"damage":0.0,"enemies":"Transient","floor":47.0,"turns":5.0},{"damage":0,"enemies":"Spire Growth","floor":48,"turns":3},{"damage":0,"enemies":"3 Darklings","floor":49,"turns":2},{"damage":0,"enemies":"WA_ARCHETYPE_DIVINITY","floor":50,"turns":3}],"seed_played":"6121356326155521777","potions_obtained":[{"floor":4.0,"key":"GamblersBrew"},{"floor":6.0,"key":"sneckomod:MuddlingPotion"},{"floor":9.0,"key":"hexamod:SoulburnPotion"},{"floor":12.0,"key":"Dexterity Potion"},{"floor":26.0,"key":"Block Potion"},{"floor":31.0,"key":"Regen Potion"},{"floor":33.0,"key":"LiquidBronze"}],"is_trial":false,"path_per_floor":["R","$","T","M","M","E","T","?","M","?","$","E","R","M","M","B",null,"R","M","?","M","M","T","T","?","M","$","E","$","R","M","M","B",null,"R","M","T","?","$","?","T","E","$","M","E","M","M","M","M","B",null],"character_chosen":"GUARDIAN","items_purchased":["FossilizedHelix"],"campfire_rested":0,"item_purchase_floors":[39],"current_hp_per_floor":[80,80,80,80,75,24,24,50,42,42,42,38,38,38,38,23,80,80,80,80,76,76,76,76,76,76,76,76,76,76,65,56,71,80,80,80,80,80,80,80,80,80,80,80,90,90,90,90,90,90],"gold":257,"neow_bonus":"REMOVE_CARD","is_daily":false,"chose_seed":false,"campfire_upgraded":4,"win_rate":0.0,"timestamp":1612414840,"path_taken":["R","$","?","M","M","E","T","?","M","?","?","E","R","M","M","BOSS","R","M","?","M","M","?","T","?","M","?","E","$","R","?","M","BOSS","R","M","?","?","$","?","T","E","$","M","E","M","M","M","M","BOSS"],"items_purchased_type":["Relic"],"build_version":"2020-12-22","purchased_purges":5,"victory":true,"max_hp_per_floor":[80,80,80,80,80,80,80,80,80,80,80,80,80,80,80,80,80,80,80,80,80,80,80,80,80,80,80,80,80,80,80,80,80,80,80,80,80,80,80,80,80,80,80,80,90,90,90,90,90,90],"card_choices":[{"not_picked":["Guardian:GuardianWhirl","Guardian:Emergency"],"picked":"Guardian:Gem_Purple","floor":2.0},{"not_picked":["Guardian:ShieldCharger","Guardian:Gem_Green"],"picked":"Guardian:Gem_Purple","floor":4.0},{"not_picked":["Guardian:Gem_Lightblue","Guardian:WalkerClaw"],"picked":"Guardian:ShieldSpikes","floor":5.0},{"not_picked":["Guardian:TemporalShield","Guardian:ShieldSpikes"],"picked":"Guardian:Incinerate","floor":6.0},{"not_picked":["Guardian:Reroute","Guardian:Gem_Lightblue","Guardian:TemporalShield"],"picked":"SKIP","floor":9.0},{"not_picked":["Guardian:RollAttack","Guardian:VentSteam"],"picked":"Guardian:StasisField","floor":11.0},{"not_picked":["Guardian:MultiBeam","Guardian:GuardianWhirl"],"picked":"Guardian:BodySlam","floor":12.0},{"not_picked":["Guardian:Planning","Guardian:Recover","Guardian:PrimingBeam"],"picked":"SKIP","floor":14.0},{"not_picked":["Guardian:Planning","Guardian:BronzeOrb"],"picked":"Guardian:Incinerate","floor":15.0},{"not_picked":["Guardian:StasisField","Guardian:TimeSifter"],"picked":"Guardian:ExploitGems","floor":16.0},{"not_picked":[],"picked":"Guardian:Gem_White","floor":19.0},{"not_picked":[],"picked":"Guardian:Gem_Yellow","floor":21.0},{"not_picked":["Guardian:Recover"],"picked":"SKIP","floor":22.0},{"not_picked":["Guardian:Preprogram"],"picked":"SKIP","floor":26.0},{"not_picked":["Guardian:FloatingOrbs"],"picked":"SKIP","floor":27.0},{"not_picked":["Guardian:Incinerate"],"picked":"SKIP","floor":28.0},{"not_picked":["Guardian:RefractedBeam"],"picked":"SKIP","floor":29.0},{"not_picked":["Guardian:Preprogram"],"picked":"SKIP","floor":31.0},{"not_picked":["Guardian:WalkerClaw"],"picked":"SKIP","floor":32.0},{"not_picked":["Guardian:FloatingOrbs"],"picked":"SKIP","floor":36.0},{"not_picked":["Guardian:TemporalStrike"],"picked":"SKIP","floor":39.0},{"not_picked":["Guardian:Preprogram"],"picked":"SKIP","floor":42.0},{"not_picked":["Guardian:WalkerClaw+1"],"picked":"SKIP","floor":44.0},{"not_picked":[],"picked":"Guardian:Clone+1","floor":45.0},{"not_picked":["Guardian:BodySlam+1"],"picked":"SKIP","floor":46.0},{"not_picked":["Guardian:VentSteam+1"],"picked":"SKIP","floor":47.0},{"not_picked":["Guardian:Gem_Fragmented"],"picked":"SKIP","floor":48},{"not_picked":["Guardian:Gem_Fragmented"],"picked":"SKIP","floor":49}],"player_experience":604640,"relics_obtained":[{"floor":3.0,"key":"HornCleat"},{"floor":6.0,"key":"Mercury Hourglass"},{"floor":7.0,"key":"Ancient Tea Set"},{"floor":12.0,"key":"Boot"},{"floor":23.0,"key":"Sundial"},{"floor":24.0,"key":"Tiny Chest"},{"floor":28.0,"key":"Ice Cream"},{"floor":40.0,"key":"Shovel"},{"floor":41.0,"key":"PreservedInsect"},{"floor":42.0,"key":"Kunai"},{"floor":45.0,"key":"Pear"}],"event_choices":[{"damage_healed":26.0,"max_hp_gain":0.0,"max_hp_loss":0.0,"gold_gain":0.0,"event_name":"Big Fish","player_choice":"Banana","floor":8.0,"gold_loss":0.0,"damage_taken":0.0},{"damage_healed":0.0,"max_hp_gain":0.0,"max_hp_loss":0.0,"gold_gain":0.0,"event_name":"Ghosts","player_choice":"Ignored","floor":20.0,"gold_loss":0.0,"damage_taken":0.0}],"is_beta":false,"boss_relics":[{"not_picked":["Guardian:StasisSlotReductionRelic","bronze:MakeshiftBattery"],"picked":"Busted Crown"},{"not_picked":["SlaversCollar","Fusion Hammer"],"picked":"Guardian:ModeShifterPlus"}],"items_purged_floors":[2,11,27,39,43],"is_endless":false,"potions_floor_spawned":[4,6,9,12,26,28,31,32,33,45,46,47,48,49],"ascension_level":0}}