{"host":"m8o7tt929h4qck9e","time":1612476812,"event":{"mods":["Act Like it!","Aspiration","BaseMod","Better Third Choice","BetterRewards","Card Forge","Colored Powertips","Conspire","Defuse TimeMaze Blight","Friendly Minions","Gensokyo","Halation","Hubris","Infinite Spire","Jedi Mod","Minty Spire (QoL Compilation)","Replay The Spire","Shop Mod","Spicy Shops","StSLib","The Bladedancer","The Jungle","Transform Curses","??????REMEMod"],"gold_per_floor":[112,129,4,19,19,52,70,70,70,82,93,123,138,138,138,237,237,252,39,49,62,62,87,87,102,183,183,183,199,215,245,245,363,363,405,447,489,532,532,532,595,595,621,679,168,189,189,220,220,338,338,353,368,281,141,144,144,139,144,170,185,22,17,17,27,27,96,96,98,98,98,643,523,975,1443,932,932,962,1444,1444,1990,1990,1990,2171,2171,2622,3134,2704,2874,3432,4023,4023,4274,4274,4322,3788,3788,3481,3698,3698,4122,4222,4499,4499,4794,4794,5095,5095],"floor_reached":107,"language":"ENG","playtime":86140,"items_purged":["blademaster:Strike","blademaster:Defend","blademaster:Defend","Pain","blademaster:Strike","blademaster:Quickstep+1","blademaster:Defend","blademaster:ParryingStrike","blademaster:Defend"],"score":3053,"play_id":"78d7d762-1a9f-4660-87c9-cdc33bc6a905","local_time":"20210204171332","is_ascension_mode":false,"campfire_choices":[{"data":"jedi:LeechingStrike","floor":8.0,"key":"SMITH"},{"data":"REME_BattleFury","floor":15.0,"key":"SMITH"},{"data":"blademaster:Quickstep","floor":24.0,"key":"SMITH"},{"data":"blademaster:ColdBlood","floor":28.0,"key":"SMITH"},{"data":"Madness","floor":32.0,"key":"SMITH"},{"data":"blademaster:FlockOfBlades","floor":40.0,"key":"SMITH"},{"data":"blademaster:ColdBlood","floor":42.0,"key":"SMITH"},{"data":"REME_MawOfCthun","floor":49.0,"key":"SMITH"},{"data":"blademaster:EnchantedCuirass","floor":57.0,"key":"SMITH"},{"data":"jedi:LeechingStrike","floor":83.0,"key":"SMITH"},{"floor":92.0,"key":"RECALL"},{"floor":100,"key":"REST"}],"circlet_count":0,"master_deck":["blademaster:Strike","blademaster:Strike","blademaster:RagingBlow","blademaster:HighVoltage","REME_BattleFury+1","blademaster:Stability","jedi:LeechingStrike","blademaster:Stability","blademaster:Stability","blademaster:LeechingStrike","blademaster:ColdBlood+1","blademaster:Stability","blademaster:ColdBlood+1","ReplayTheSpireMod:Private Reserves+1","blademaster:Flurry+1","jedi:cleanse+1","blademaster:Bloodbath+1","REME_MawOfCthun+1","Madness+1","blademaster:FlockOfBlades+1","Sadistic Nature","Sadistic Nature","blademaster:EnchantedCuirass+1","hubris:Insight","REME_AllRoundStrike","jedi:pocketpoison+1","Gensokyo:MonkeysPaw","ReplayTheSpireMod:The Works+1","infinitespire:Collect","Crow Ritual","Flash of Steel+1","Flash of Steel+1","jedi:forcepush+1","hubris:Insight+1","jedi:pocketpoison+1","Gensokyo:BlemishedSteel","ReplayTheSpireMod:Private Reserves"],"relics":["blademaster:DancersAmulet","Hammer of Thor","Seething Fire","Anvil of the Gods","REME_ComplimentaryCards","Strange Spoon","aspiration:Lifesprig","Ring of the Snake","WarpedTongs","Nunchaku","InkBottle","Centennial Puzzle","REME_LowDesire","infinitespire:BottledMercury","Quantum Egg","infinitespire:EvilPickle","infinitespire:Bottled Soul","MerchantsRug","jedi:cryingmask","aspiration:SilentSkillbook","Replay:Towering Pillar of Hats","Bag of Preparation","infinitespire:Lucky Rock","infinitespire:Joker Card","Replay:Ringing Soul","ReplayTheSpireMod:CursedCoin","REME_CardOfGreed","jedi:heavyjacket","CaptainsWheel","Gensokyo:MaskOfHope","hubris:HerbalPaste","halation:Jellyphish","conspire:TreasureMap","Molten Egg 2","Blue Doll","REME_PuzzleBoxRelic","aspiration:PoetsPen_weak","Fusion Hammer","Membership Card","hubris:CuriousFeather","Pondfish Scales","aspiration:HiddenCompartment","Replay:Wax Seal","halation:LostSnail","ReplayTheSpireMod:EnergyBall","hubris:PeanutButter","FossilizedHelix","aspiration:VileToxins","Replay:Wanted Poster"],"acts_visited":["Exordium","TheCity","TheBeyond","TheBeyond","Gensokyo:Gensokyo","Gensokyo:Gensokyoer","Exordium"],"potions_floor_usage":[],"damage_taken":[{"damage":0.0,"enemies":"Cultist","floor":1.0,"turns":2.0},{"damage":0.0,"enemies":"Small Slimes","floor":2.0,"turns":2.0},{"damage":0.0,"enemies":"Jaw Worm","floor":4.0,"turns":2.0},{"damage":10.0,"enemies":"3 Sentries","floor":6.0,"turns":4.0},{"damage":8.0,"enemies":"Exordium Thugs","floor":7.0,"turns":3.0},{"damage":19.0,"enemies":"3 Louse","floor":10.0,"turns":3.0},{"damage":0.0,"enemies":"Blue Slaver","floor":11.0,"turns":1.0},{"damage":14.0,"enemies":"Replay:BlueRogue","floor":12.0,"turns":3.0},{"damage":7.0,"enemies":"2 Fungi Beasts","floor":13.0,"turns":2.0},{"damage":43.0,"enemies":"The Guardian","floor":16.0,"turns":4.0},{"damage":14.0,"enemies":"Chosen","floor":18.0,"turns":3.0},{"damage":0.0,"enemies":"3 Byrds","floor":20.0,"turns":3.0},{"damage":15.0,"enemies":"Snecko","floor":21.0,"turns":3.0},{"damage":8.0,"enemies":"Slavers","floor":23.0,"turns":3.0},{"damage":0.0,"enemies":"conspire:HollyBat","floor":25.0,"turns":3.0},{"damage":0.0,"enemies":"3 Cultists","floor":29.0,"turns":3.0},{"damage":21.0,"enemies":"Snake Plant","floor":30.0,"turns":3.0},{"damage":0.0,"enemies":"conspire:Head Lice","floor":31.0,"turns":2.0},{"damage":8.0,"enemies":"Pondfish","floor":33.0,"turns":4.0},{"damage":0.0,"enemies":"3 Darklings","floor":35.0,"turns":2.0},{"damage":0.0,"enemies":"3 Shapes","floor":36.0,"turns":2.0},{"damage":0.0,"enemies":"Maw","floor":37.0,"turns":2.0},{"damage":0.0,"enemies":"4 Shapes","floor":38.0,"turns":4.0},{"damage":0.0,"enemies":"Nightmare","floor":41.0,"turns":6.0},{"damage":0.0,"enemies":"Transient","floor":44.0,"turns":5.0},{"damage":0.0,"enemies":"Maw","floor":46.0,"turns":4.0},{"damage":0.0,"enemies":"Writhing Mass","floor":48.0,"turns":3.0},{"damage":38.0,"enemies":"Awakened One","floor":50.0,"turns":5.0},{"damage":7.0,"enemies":"Gensokyo:3_Fairies","floor":52.0,"turns":3.0},{"damage":0.0,"enemies":"Gensokyo:Python","floor":53.0,"turns":2.0},{"damage":18.0,"enemies":"Gensokyo:2_Kodama","floor":56.0,"turns":3.0},{"damage":0.0,"enemies":"Gensokyo:VengefulSpirit","floor":58.0,"turns":4.0},{"damage":0.0,"enemies":"Gensokyo:Mamizou","floor":59.0,"turns":4.0},{"damage":2.0,"enemies":"Gensokyo:Aya","floor":61.0,"turns":3.0},{"damage":0.0,"enemies":"Gensokyo:Python_and_Kodama","floor":63.0,"turns":1.0},{"damage":23.0,"enemies":"Gensokyo:Cirno","floor":65.0,"turns":4.0},{"damage":19.0,"enemies":"Gensokyo:Kokoro","floor":67.0,"turns":4.0},{"damage":0.0,"enemies":"Gensokyo:2_Gloops","floor":69.0,"turns":1.0},{"damage":39.0,"enemies":"Gensokyo:AngelMirror","floor":72.0,"turns":1.0},{"damage":39.0,"enemies":"Gensokyo:Reisen","floor":74.0,"turns":1.0},{"damage":39.0,"enemies":"Gensokyo:3_Gloops","floor":75.0,"turns":1.0},{"damage":0.0,"enemies":"Gensokyo:Wraith","floor":78.0,"turns":1.0},{"damage":41.0,"enemies":"Gensokyo:Monolith_and_Dog","floor":79.0,"turns":1.0},{"damage":42.0,"enemies":"Gensokyo:Tenshi","floor":81.0,"turns":1.0},{"damage":0.0,"enemies":"Gensokyo:Eternal_Rivals","floor":84.0,"turns":1.0},{"damage":30.0,"enemies":"Gensokyo:3_Bats","floor":86.0,"turns":1.0},{"damage":33.0,"enemies":"Gensokyo:3_Boulders","floor":87.0,"turns":1.0},{"damage":0.0,"enemies":"Gensokyo:4_Bats","floor":89.0,"turns":1.0},{"damage":35.0,"enemies":"Gensokyo:Dusk_and_Dawn","floor":90.0,"turns":1.0},{"damage":35.0,"enemies":"Gensokyo:Kasen","floor":91.0,"turns":1.0},{"damage":0.0,"enemies":"Gensokyo:3_Boulders","floor":93.0,"turns":1.0},{"damage":0.0,"enemies":"Gensokyo:4_Bats","floor":99.0,"turns":1.0},{"damage":0,"enemies":"infinitespire:LordOfFortification","floor":101,"turns":1},{"damage":0,"enemies":"2 Louse","floor":103,"turns":1},{"damage":0,"enemies":"Cultist","floor":105,"turns":1},{"damage":0,"enemies":"Small Slimes","floor":107,"turns":1}],"seed_played":"-910758522892545268","potions_obtained":[{"floor":1.0,"key":"LiquidBronze"},{"floor":2.0,"key":"PowerPotion"},{"floor":7.0,"key":"Strength Potion"},{"floor":20.0,"key":"infinitespire:BlackPotion"},{"floor":23.0,"key":"ColorlessPotion"},{"floor":30.0,"key":"Energy Potion"},{"floor":37.0,"key":"Dexterity Potion"},{"floor":44.0,"key":"jedi:StrikingPotion"},{"floor":46.0,"key":"Adrenaline Potion"},{"floor":52.0,"key":"Energy Potion"},{"floor":61.0,"key":"Milkshake"},{"floor":63.0,"key":"DuplicationPotion"},{"floor":69.0,"key":"infinitespire:BlackPotion"},{"floor":79.0,"key":"jedi:wingpotion"},{"floor":84.0,"key":"EssenceOfSteel"},{"floor":90.0,"key":"SpeedPotion"},{"floor":99.0,"key":"SkillPotion"},{"floor":103,"key":"jedi:mysterypotion"}],"is_trial":false,"path_per_floor":["M","M","$","M","?","E","M","R","T","M","M","E","M","$","R","B",null,"M","$","M","M","?","E","R","M","T","?","R","M","M","E","R","B",null,"M","M","M","M","?","R","NM","R","T","M","$","M","?","M","R","B",null,"M","M","COS","?","M","R","M","E","T","E","$","M","?","E","R","B",null,"M","AVR","?","M","?","E","M","COS","T","M","M","?","E","?","R","B",null,"M","M","$","M","M","E","R","M","T","?","COS","?","$","M","R","B",null,"M","$","M","?","M"],"character_chosen":"THE_BLADEMASTER","items_purchased":["REME_BattleFury","blademaster:Stability","Strange Spoon","blademaster:Quickstep","aspiration:Lifesprig","aspiration:Nostalgia","AttackPotion","blademaster:Flurry","MerchantsRug","Sadistic Nature","jedi:cryingmask","ReplayTheSpireMod:CursedCoin","REME_CardOfGreed","Membership Card","Flash of Steel+1","hubris:CuriousFeather","Frozen Eye","hubris:PeanutButter","FossilizedHelix","aspiration:VileToxins"],"campfire_rested":1,"item_purchase_floors":[0,0,0,0,0,0,0,19,45,45,45,62,62,88,88,88,88,98,98,98],"current_hp_per_floor":[46,52,52,58,58,55,53,53,53,43,43,47,58,58,58,33,75,75,75,75,62,62,72,72,72,72,72,72,75,70,75,75,75,75,75,75,75,75,75,75,75,75,75,75,75,75,75,75,75,75,75,75,75,75,75,74,74,75,75,75,75,75,78,78,72,72,73,81,84,84,79,79,79,63,49,52,52,82,85,85,50,50,50,67,67,67,50,53,70,70,73,73,73,73,58,61,61,61,68,79,79,79,79,79,79,79,82,82],"gold":5095,"neow_bonus":"","is_daily":false,"chose_seed":false,"campfire_upgraded":10,"win_rate":0.0,"timestamp":1612476812,"path_taken":["M","?","?","M","?","E","M","R","T","M","?","E","M","?","R","BOSS","M","$","M","M","?","E","R","M","T","?","R","M","M","E","R","BOSS","M","M","M","M","?","R","NM","R","T","M","$","M","?","?","R","BOSS","M","M","COS","?","M","R","M","E","T","E","$","M","?","E","R","BOSS","M","AVR","?","M","?","E","M","COS","T","M","M","?","E","?","R","BOSS","M","M","$","?","M","E","R","M","T","?","COS","?","?","?","R","BOSS","M","$","M","?","M"],"items_purchased_type":["Card","Card","Relic","Card","Relic","Relic","Potion","Card","Relic","Card","Relic","Relic","Relic","Relic","Card","Relic","Relic","Relic","Relic","Relic"],"build_version":"2020-12-22","purchased_purges":9,"victory":false,"max_hp_per_floor":[75,75,75,75,75,75,75,75,75,75,75,75,75,75,75,75,75,75,75,75,75,75,75,75,75,75,75,75,75,75,75,75,75,75,75,75,75,75,75,75,75,75,75,75,75,75,75,75,75,75,75,75,75,75,75,75,75,75,75,75,75,75,78,78,78,78,81,81,84,84,79,79,79,79,82,85,85,85,85,85,85,64,64,67,67,67,67,70,70,70,73,73,73,73,76,79,79,79,79,79,79,79,79,79,79,79,82,82],"card_choices":[{"not_picked":["blademaster:AspectOfWind","blademaster:TraverseCut"],"picked":"blademaster:Stability","floor":1.0},{"not_picked":["blademaster:ChargingUp","blademaster:AspectOfWind","blademaster:KiBarrier"],"picked":"SKIP","floor":2.0},{"not_picked":["blademaster:Flash","blademaster:DancingEdge","blademaster:Frontflip"],"picked":"SKIP","floor":4.0},{"not_picked":["blademaster:ThunderSlash","blademaster:Discharge"],"picked":"blademaster:Stability","floor":6.0},{"not_picked":["blademaster:LightningDraw","blademaster:IcyWind","blademaster:CombatPrep"],"picked":"SKIP","floor":7.0},{"not_picked":["blademaster:Flurry","blademaster:Safeguard"],"picked":"blademaster:LeechingStrike","floor":10.0},{"not_picked":["blademaster:AspectOfWind","blademaster:AwakeningStrike"],"picked":"blademaster:ColdBlood","floor":11.0},{"not_picked":["blademaster:RagingBlow","blademaster:Gust"],"picked":"blademaster:Stability","floor":12.0},{"not_picked":["blademaster:Discharge","blademaster:Rupture","blademaster:ChargingUp"],"picked":"SKIP","floor":13.0},{"not_picked":["blademaster:CloudOfSteel","blademaster:FuryOfTheElements"],"picked":"blademaster:ColdBlood","floor":16.0},{"not_picked":["blademaster:Blockade","blademaster:DeadlyDance","blademaster:Sharpen+1"],"picked":"ReplayTheSpireMod:Private Reserves","floor":18.0},{"not_picked":["blademaster:SharpBlades+1","blademaster:AwakeningDefend","blademaster:ThunderSlash"],"picked":"jedi:cleanse","floor":20.0},{"not_picked":["blademaster:Slice","blademaster:Quickness","Good Instincts"],"picked":"blademaster:Bloodbath+1","floor":21.0},{"not_picked":["blademaster:Meditate","blademaster:Sunder","blademaster:Flurry","REME_EyeOfCthun"],"picked":"SKIP","floor":23.0},{"not_picked":["blademaster:FuriousStrike+1","blademaster:AspectOfLightning","blademaster:BladeMastery","jedi:RedIncense"],"picked":"SKIP","floor":25.0},{"not_picked":["blademaster:RagingBlow","blademaster:ThunderSlash","blademaster:LeechingStrike"],"picked":"REME_MawOfCthun","floor":29.0},{"not_picked":["blademaster:Vortex","blademaster:IcyWind","blademaster:SlyStabs","REME_MagicPocketWatch"],"picked":"SKIP","floor":30.0},{"not_picked":["blademaster:Hailwind","blademaster:AspectOfLightning","blademaster:Breeze"],"picked":"Madness","floor":31.0},{"not_picked":["blademaster:BladeDance","blademaster:CloudOfSteel","Purity"],"picked":"blademaster:FlockOfBlades","floor":33.0},{"not_picked":["blademaster:Sharpen","blademaster:BloodyBlow","blademaster:ChargingUp","ReplayTheSpireMod:Trickstab"],"picked":"SKIP","floor":35.0},{"not_picked":["blademaster:Sharpen","blademaster:BloodyBlow","blademaster:ChargingUp","ReplayTheSpireMod:Trickstab"],"picked":"SKIP","floor":35.0},{"not_picked":["blademaster:DragonStrike+1","blademaster:ChargingUp","blademaster:Stability+1","REME_WheelOfFate"],"picked":"SKIP","floor":36.0},{"not_picked":["blademaster:AspectOfLightning+1","blademaster:Havoc+1","blademaster:ThunderSlash","Survey Options"],"picked":"SKIP","floor":37.0},{"not_picked":["blademaster:Bloodbath","blademaster:WindSlash+1","blademaster:AspectOfLightning+1","Apotheosis"],"picked":"SKIP","floor":38.0},{"not_picked":["blademaster:SharpBlades","blademaster:Gust+1","blademaster:Havoc","HandOfGreed"],"picked":"SKIP","floor":41.0},{"not_picked":["blademaster:ThunderSlash+1","blademaster:Momentum+1","blademaster:Vortex","REME_TwoStrings"],"picked":"SKIP","floor":44.0},{"not_picked":["blademaster:AspectOfWind","blademaster:AncestralHealing+1","blademaster:SlyStabs+1"],"picked":"Sadistic Nature","floor":46.0},{"not_picked":["blademaster:FuriousStrike+1","blademaster:Discharge+1","blademaster:Blindside","Magnetism"],"picked":"SKIP","floor":48.0},{"not_picked":["blademaster:RollingTyphoon","blademaster:FlockOfBlades","ReplayUltimateDefense"],"picked":"blademaster:EnchantedCuirass","floor":50.0},{"not_picked":["Bane","Storm of Steel","Distraction","ReplayTheSpireMod:Shiv Toss","Magnetism"],"picked":"SKIP","floor":52.0},{"not_picked":["REME_ShadowStrike","Draining Mist","blademaster:EyeOfTheTornado","blademaster:CombatPrep","Apotheosis"],"picked":"SKIP","floor":53.0},{"not_picked":["blademaster:Sunder","ReplayTheSpireMod:Speed Training","blademaster:FuriousStrike","Quick Slash","hubris:Ssssneak"],"picked":"SKIP","floor":56.0},{"not_picked":["Cloak And Dagger","Deadly Poison","blademaster:ThunderSlash","Backflip","ReplayTheSpireMod:Brewmster"],"picked":"SKIP","floor":58.0},{"not_picked":["blademaster:LeechingStrike","blademaster:DragonStrike","blademaster:Slice","Burst","Violence"],"picked":"SKIP","floor":59.0},{"not_picked":["blademaster:Blockade","blademaster:AirSlash","blademaster:Cut","Finisher","REME_HeartOfCthun"],"picked":"SKIP","floor":61.0},{"not_picked":["jedi:unstablefumes","blademaster:Frontflip","Quick Slash","blademaster:CullingStrike"],"picked":"hubris:Insight","floor":63.0},{"not_picked":["blademaster:DaggerAndCloak","blademaster:AspectOfLightning","blademaster:AspectOfWind","blademaster:CombatPrep","HandOfGreed"],"picked":"SKIP","floor":65.0},{"not_picked":["blademaster:RagingBlow","Poison Darts","blademaster:CloudOfSteel","Glass Knife"],"picked":"REME_AllRoundStrike","floor":67.0},{"not_picked":["blademaster:ThunderSlash","blademaster:AspectOfWind","Backstab+1","Replay:BasicMightCard"],"picked":"jedi:pocketpoison+1","floor":69.0},{"not_picked":["Gensokyo:SlitMouthedWoman","Gensokyo:HAARP","Gensokyo:LittleGreenMen"],"picked":"Gensokyo:MonkeysPaw","floor":71.0},{"not_picked":["blademaster:DaggerAndCloak+1","blademaster:Breeze","blademaster:TraverseCut","Deflect","Replay:Parry"],"picked":"SKIP","floor":72.0},{"not_picked":["blademaster:Slice","Dodge and Roll","blademaster:Sunder","blademaster:Vortex","ReplayTheSpireMod:Uncanny Aura"],"picked":"SKIP","floor":74.0},{"not_picked":["Acrobatics","blademaster:Hailwind","Bane","REME_ShortnessOfBreath"],"picked":"ReplayTheSpireMod:The Works+1","floor":75.0},{"not_picked":["jedi:acidrain","Wraith Form v2","Skewer+1","blademaster:Cut+1","Panacea"],"picked":"SKIP","floor":78.0},{"not_picked":["blademaster:AirSlash+1","blademaster:FuriousStrike+1","blademaster:Quickstep+1","blademaster:Safeguard","REME_TheoryOfElimination"],"picked":"SKIP","floor":79.0},{"not_picked":["blademaster:ChargingUp","Slice+1","blademaster:AirSlash+1","ReplayTheSpireMod:Shiv Toss","Good Instincts"],"picked":"SKIP","floor":81.0},{"not_picked":["infinitespire:TheBestDefense","infinitespire:SevenWalls"],"picked":"infinitespire:Collect","floor":84.0},{"not_picked":["blademaster:ThreePointStrike+1","aspiration:Lunge+1","Replay:Bag of Tricks","Corpse Explosion"],"picked":"Crow Ritual","floor":84.0},{"not_picked":["blademaster:BladeCross+1","blademaster:Flurry+1","blademaster:Slice+1","blademaster:ChargingUp","The Bomb"],"picked":"SKIP","floor":86.0},{"not_picked":["Prepared","Poisoned Stab+1","blademaster:AirSlash+1","Flying Knee+1","ReplayTheSpireMod:Brewmster"],"picked":"SKIP","floor":87.0},{"not_picked":["Eviscerate+1","blademaster:ChargingUp","blademaster:BladeDance","Backflip+1","Violence"],"picked":"SKIP","floor":89.0},{"not_picked":["Dodge and Roll","Slice+1","Concentrate","blademaster:ThunderSlash+1","ReplayTheSpireMod:Trickstab+1"],"picked":"SKIP","floor":90.0},{"not_picked":["REME_ShadowStrike+1","blademaster:Flurry","Quick Slash+1","Sucker Punch+1"],"picked":"jedi:forcepush+1","floor":91.0},{"not_picked":["Well Laid Plans+1","Heel Hook+1","blademaster:BloodyBlow+1","blademaster:ParryingStrike+1","ReplayTheSpireMod:Trickstab+1"],"picked":"SKIP","floor":93.0},{"not_picked":["jedi:acidrain","Outmaneuver","REME_ShadowStrike+1","blademaster:Frenzy+1"],"picked":"hubris:Insight+1","floor":95.0},{"not_picked":["jedi:acidrain","blademaster:BladeCross+1","PiercingWail+1","Backflip+1","ReplayTheSpireMod:Trickstab+1"],"picked":"SKIP","floor":99.0},{"not_picked":["Slice+1","jedi:pocketpoison","Cloak And Dagger","Tactician","Violence"],"picked":"SKIP","floor":103},{"not_picked":["blademaster:AirSlash+1","blademaster:Thrust+1","Flying Knee+1","Cloak And Dagger","Good Instincts"],"picked":"SKIP","floor":105},{"not_picked":["blademaster:Thrust+1","Hidden Blade","Expertise","blademaster:ChargingUp"],"picked":"ReplayTheSpireMod:Private Reserves","floor":107}],"player_experience":29783,"relics_obtained":[{"floor":6.0,"key":"Nunchaku"},{"floor":6.0,"key":"blademaster:BonusComboPerk"},{"floor":9.0,"key":"InkBottle"},{"floor":12.0,"key":"Centennial Puzzle"},{"floor":12.0,"key":"blademaster:FuryEveryTurnPerk"},{"floor":17.0,"key":"Omamori"},{"floor":17.0,"key":"Pet Ghost"},{"floor":23.0,"key":"War Paint"},{"floor":23.0,"key":"blademaster:ComboEveryTurnPerk"},{"floor":26.0,"key":"infinitespire:BottledMercury"},{"floor":31.0,"key":"Quantum Egg"},{"floor":31.0,"key":"blademaster:BonusFuryPerk"},{"floor":41.0,"key":"infinitespire:Bottled Soul"},{"floor":41.0,"key":"blademaster:StanceHealPerk"},{"floor":59.0,"key":"Bag of Preparation"},{"floor":59.0,"key":"blademaster:RandomStancePerk"},{"floor":60.0,"key":"infinitespire:Lucky Rock"},{"floor":61.0,"key":"Replay:Ringing Soul"},{"floor":61.0,"key":"blademaster:FinisherDrawCardPerk"},{"floor":65.0,"key":"halation:KoshaPiece"},{"floor":65.0,"key":"blademaster:WindChargePerk"},{"floor":74.0,"key":"blademaster:StrongPerk"},{"floor":77.0,"key":"Molten Egg 2"},{"floor":81.0,"key":"REME_PuzzleBoxRelic"},{"floor":81.0,"key":"blademaster:LightningChargePerk"},{"floor":91.0,"key":"Pondfish Scales"},{"floor":91.0,"key":"blademaster:DextrousPerk"},{"floor":94.0,"key":"aspiration:HiddenCompartment"},{"floor":95.0,"key":"Replay:Wax Seal"}],"event_choices":[{"damage_healed":0.0,"max_hp_gain":0.0,"max_hp_loss":0.0,"gold_gain":0.0,"event_name":"Accursed Blacksmith","player_choice":"Rummage","floor":5.0,"gold_loss":0.0,"damage_taken":0.0,"relics_obtained":["WarpedTongs"],"cards_obtained":["Pain"]},{"damage_healed":0.0,"max_hp_gain":0.0,"max_hp_loss":0.0,"gold_gain":0.0,"event_name":"The Library","player_choice":"Read","floor":27.0,"gold_loss":0.0,"damage_taken":0.0,"cards_obtained":["blademaster:ParryingStrike"]},{"damage_healed":0.0,"max_hp_gain":0.0,"max_hp_loss":0.0,"gold_gain":0.0,"event_name":"The Woman in Blue","player_choice":"Bought 0 Potions","floor":47.0,"gold_loss":0.0,"damage_taken":0.0}],"is_beta":false,"boss_relics":[{"not_picked":["halation:PlatinumPhoenix","aspiration:WatcherSkillbook"],"picked":"REME_LowDesire"},{"not_picked":["halation:Yufonium","REME_DuelDisc"],"picked":"halation:IncompleteEncyclopedia"},{"not_picked":["halation:HeavySnake","halation:ForbiddenBikini"],"picked":"aspiration:SilentSkillbook"},{"not_picked":["Honey Jar","halation:SmartPhone"],"picked":"hubris:Backtick"},{"not_picked":["ReplayTheSpireMod:SealedPack","Kintsugi"],"picked":"Fusion Hammer"},{"not_picked":["hubris:CrackedHourglass","Sozu"],"picked":"Replay:Wanted Poster"}],"items_purged_floors":[0,0,3,19,45,62,70,88,88],"is_endless":true,"potions_floor_spawned":[1,2,7,10,20,23,30,37,44,46,48,52,61,63,67,69,78,79,84,87,90,99,103,107],"killed_by":"Small Slimes","ascension_level":0}}