{"host":"hqvh779b89tfrjxy","time":1612482974,"event":{"mods":["Act Like it!","BaseMod","Better Third Choice","Downfall","Elementarium","Filter the Spire","GifTheSpireLib","Minty Spire (QoL Compilation)","Replay The Spire","Spicy Shops","StSLib"],"gold_per_floor":[115,129,144,144,144,144,169,169,169,169,179,195,211,245,245,345,345,345,345],"floor_reached":18,"language":"ENG","playtime":865,"items_purged":[],"score":267,"play_id":"d3432fc4-90df-49c1-bda2-56015396b03e","local_time":"20210205005614","is_ascension_mode":true,"campfire_choices":[{"data":"Body Slam","floor":6,"key":"SMITH"},{"data":"Bash","floor":10,"key":"SMITH"},{"data":"Armaments","floor":15,"key":"SMITH"}],"circlet_count":0,"master_deck":["AscendersBane","Strike_R","Strike_R","Strike_R","Strike_R","Defend_R","Defend_R","Defend_R","Defend_R","Bash+1","Body Slam+1","True Grit","Cleave","Reaper","Pot Of Greed","Pot Of Greed","Metallicize","Armaments+1","Juggernaut"],"relics":["Burning Blood","Torii","Eternal Feather","Grinning Jar","Boot","Snecko Eye"],"acts_visited":["Exordium","Elementarium:Elementarium"],"potions_floor_usage":[12,14],"damage_taken":[{"damage":7,"enemies":"2 Louse","floor":1,"turns":4},{"damage":9,"enemies":"Jaw Worm","floor":2,"turns":4},{"damage":12,"enemies":"Small Slimes","floor":3,"turns":5},{"damage":26,"enemies":"3 Sentries","floor":7,"turns":13},{"damage":10,"enemies":"Blue Slaver","floor":11,"turns":4},{"damage":11,"enemies":"Exordium Thugs","floor":12,"turns":4},{"damage":3,"enemies":"Lots of Slimes","floor":13,"turns":4},{"damage":11,"enemies":"Gremlin Nob","floor":14,"turns":5},{"damage":43,"enemies":"The Guardian","floor":16,"turns":14},{"damage":1,"enemies":"Elementarium:Cyclone","floor":18,"turns":1}],"seed_played":"6409796464705986290","potions_obtained":[{"floor":7,"key":"Explosive Potion"},{"floor":12,"key":"Weak Potion"},{"floor":13,"key":"Guardian:BlockOnCardUsePotion"},{"floor":14,"key":"LifebloodPotion"}],"is_trial":false,"path_per_floor":["M","M","M","?","?","R","E","?","T","R","M","M","M","E","R","B",null,"M"],"character_chosen":"IRONCLAD","items_purchased":[],"campfire_rested":0,"item_purchase_floors":[],"current_hp_per_floor":[71,68,62,67,60,60,40,40,40,49,51,56,77,72,77,40,68,67,67],"gold":345,"neow_bonus":"ONE_RARE_RELIC","is_daily":false,"chose_seed":false,"campfire_upgraded":3,"win_rate":0.0,"timestamp":1612482974,"path_taken":["M","M","M","?","?","R","E","?","T","R","?","M","M","E","R","BOSS","M"],"items_purchased_type":[],"build_version":"2020-12-22","purchased_purges":0,"victory":false,"max_hp_per_floor":[72,72,72,77,77,77,77,77,77,77,77,77,77,77,77,77,77,77,77],"card_choices":[{"not_picked":["True Grit","Sword Boomerang"],"picked":"Body Slam","floor":1},{"not_picked":["Flex","Fire Breathing"],"picked":"True Grit","floor":2},{"not_picked":["ReplayTheSpireMod:Strike From Hell","ReplayTheSpireMod:Stacked"],"picked":"Cleave","floor":3},{"not_picked":["Reckless Charge","Clash"],"picked":"Reaper","floor":7},{"not_picked":["Thunderclap","Flex","Battle Trance"],"picked":"SKIP","floor":11},{"not_picked":["Abandon","Wild Strike"],"picked":"Metallicize","floor":12},{"not_picked":["Anger","Clothesline"],"picked":"Armaments","floor":13},{"not_picked":["Bloodletting","Flex","Replay:Many Hands"],"picked":"SKIP","floor":14},{"not_picked":["Berserk","Impervious"],"picked":"Juggernaut","floor":16}],"player_experience":219309,"relics_obtained":[{"floor":7,"key":"Eternal Feather"},{"floor":9,"key":"Grinning Jar"},{"floor":14,"key":"Boot"}],"event_choices":[{"damage_healed":0,"gold_gain":0,"player_choice":"Donut","damage_taken":0,"max_hp_gain":5,"max_hp_loss":0,"event_name":"Big Fish","floor":4,"gold_loss":0},{"cards_removed":["Strike_R"],"damage_healed":0,"gold_gain":0,"player_choice":"Card Removal","damage_taken":7,"max_hp_gain":0,"max_hp_loss":0,"event_name":"Golden Wing","floor":5,"gold_loss":0},{"damage_healed":0,"gold_gain":0,"player_choice":"Ignored","damage_taken":169,"max_hp_gain":0,"max_hp_loss":0,"event_name":"betterThird:BetterSerpent","floor":8,"gold_loss":0}],"is_beta":false,"boss_relics":[{"not_picked":["Replay:Ancient Bell","SacredBark"],"picked":"Snecko Eye"}],"items_purged_floors":[],"is_endless":false,"potions_floor_spawned":[7,12,13,14],"killed_by":"Elementarium:Cyclone","ascension_level":11}}