{"host":"qrbkigq52dd42dk0","time":1612449196,"event":{"mods":["AchievementEnabler","BaseMod","Colored Map","Colored Powertips","Minty Spire (QoL Compilation)","Morshu Shopkeeper - ENHANCED","Quick Restart","StSLib","SuperFastMode","The IronCluck"],"gold_per_floor":[109,109,125,50,60,60,86,86,86,96,110,110,123,138,138,212,212,228,242,242,242,260,260,160,187,187,62,82,82,82,98,98,175,175,194,194,194],"floor_reached":36,"language":"ENG","playtime":1358,"items_purged":["Defend_R","Strike_R","Strike_R"],"score":678,"play_id":"c750384f-6308-4e80-bb22-e2496698e70a","local_time":"20210204153316","is_ascension_mode":true,"campfire_choices":[{"data":"Armaments","floor":6.0,"key":"SMITH"},{"floor":15.0,"key":"RECALL"},{"data":"True Grit","floor":23.0,"key":"SMITH"},{"data":"Juggernaut","floor":32,"key":"SMITH"}],"circlet_count":0,"master_deck":["AscendersBane","Strike_R","Strike_R","Bash","Shrug It Off","Ghostly Armor","Body Slam","Armaments+1","Battle Trance","Entrench","Entrench","Juggernaut+1","True Grit+1","Barricade","Dual Wield+1","Searing Blow+1","Iron Wave+1","Uppercut"],"relics":["Burning Blood","NeowsBlessing","TungstenRod","Mercury Hourglass","Sozu","MutagenicStrength","Bag of Preparation","Singing Bowl","Astrolabe"],"acts_visited":["Exordium","TheCity","TheBeyond"],"potions_floor_usage":[],"damage_taken":[{"damage":0.0,"enemies":"2 Louse","floor":1.0,"turns":1.0},{"damage":0.0,"enemies":"Cultist","floor":3.0,"turns":1.0},{"damage":0.0,"enemies":"Small Slimes","floor":5.0,"turns":1.0},{"damage":15.0,"enemies":"3 Sentries","floor":7.0,"turns":13.0},{"damage":0.0,"enemies":"2 Fungi Beasts","floor":10.0,"turns":3.0},{"damage":5.0,"enemies":"Lots of Slimes","floor":11.0,"turns":4.0},{"damage":12.0,"enemies":"Gremlin Gang","floor":13.0,"turns":6.0},{"damage":0.0,"enemies":"3 Louse","floor":14.0,"turns":3.0},{"damage":21.0,"enemies":"The Guardian","floor":16.0,"turns":13.0},{"damage":22.0,"enemies":"Shell Parasite","floor":18.0,"turns":5.0},{"damage":0.0,"enemies":"Spheric Guardian","floor":19.0,"turns":4.0},{"damage":20.0,"enemies":"Shelled Parasite and Fungi","floor":22.0,"turns":6.0},{"damage":33.0,"enemies":"Slavers","floor":25.0,"turns":7.0},{"damage":0.0,"enemies":"Snake Plant","floor":28.0,"turns":2.0},{"damage":6,"enemies":"Snecko","floor":31,"turns":6},{"damage":15,"enemies":"Automaton","floor":33,"turns":12},{"damage":26,"enemies":"3 Darklings","floor":35,"turns":8}],"seed_played":"-3633589077412094148","potions_obtained":[{"floor":3.0,"key":"FearPotion"},{"floor":5.0,"key":"SteroidPotion"},{"floor":12.0,"key":"Strength Potion"},{"floor":13.0,"key":"Block Potion"},{"floor":16.0,"key":"Dexterity Potion"}],"is_trial":false,"path_per_floor":["M","?","M","$","M","R","E","?","T","M","M","?","M","M","R","B",null,"M","M","?","?","M","R","$","E","T","$","M","$","?","M","R","B",null,"M","M"],"character_chosen":"IRONCLAD","items_purchased":[],"campfire_rested":0,"item_purchase_floors":[],"current_hp_per_floor":[78,78,80,80,80,80,71,76,76,82,83,83,77,83,83,68,81,65,71,71,71,57,57,57,30,30,30,38,38,67,69,69,60,82,62,0,0],"gold":194,"neow_bonus":"THREE_ENEMY_KILL","is_daily":false,"chose_seed":false,"campfire_upgraded":3,"win_rate":0.0,"timestamp":1612449196,"path_taken":["M","?","M","$","?","R","E","?","T","M","M","?","M","?","R","BOSS","M","?","?","?","M","R","$","E","T","?","?","$","?","M","R","BOSS","M","M"],"items_purchased_type":[],"build_version":"2020-12-22","purchased_purges":3,"victory":false,"max_hp_per_floor":[80,80,80,80,80,80,80,85,85,85,85,85,85,85,85,85,85,85,85,85,85,85,85,85,85,85,85,87,87,87,89,89,89,89,89,89,89],"card_choices":[{"not_picked":["True Grit","Evolve"],"picked":"Shrug It Off","floor":1.0},{"not_picked":["Heavy Blade","Flame Barrier"],"picked":"Body Slam","floor":3.0},{"not_picked":["Inflame","Hemokinesis"],"picked":"Armaments","floor":5.0},{"not_picked":["Uppercut","Rampage"],"picked":"Battle Trance","floor":7.0},{"not_picked":["Sever Soul","Burning Pact"],"picked":"Entrench","floor":10.0},{"not_picked":["Anger","Wild Strike"],"picked":"Entrench","floor":11.0},{"not_picked":["Body Slam","Intimidate","Disarm"],"picked":"SKIP","floor":13.0},{"not_picked":["Iron Wave","Twin Strike","Sword Boomerang"],"picked":"SKIP","floor":14.0},{"not_picked":["Offering","Feed"],"picked":"Juggernaut","floor":16.0},{"not_picked":["Headbutt","Clothesline","Sentinel"],"picked":"SKIP","floor":18.0},{"not_picked":["Flex","Wild Strike"],"picked":"True Grit","floor":19.0},{"not_picked":["Double Tap","Sentinel","Clash+1"],"picked":"SKIP","floor":22.0},{"not_picked":["Twin Strike","Immolate","Rampage"],"picked":"SKIP","floor":25.0},{"not_picked":["Warcry+1","Headbutt","Seeing Red"],"picked":"Singing Bowl","floor":28.0},{"not_picked":["Hemokinesis","Cleave","Fire Breathing"],"picked":"Singing Bowl","floor":31},{"not_picked":["Offering","Fiend Fire"],"picked":"Barricade","floor":33},{"not_picked":["Searing Blow","Armaments"],"picked":"Uppercut","floor":35}],"player_experience":204715,"relics_obtained":[{"floor":7.0,"key":"TungstenRod"},{"floor":9.0,"key":"Mercury Hourglass"},{"floor":25.0,"key":"Bag of Preparation"},{"floor":26.0,"key":"Singing Bowl"}],"event_choices":[{"damage_healed":0.0,"max_hp_gain":0.0,"max_hp_loss":0.0,"gold_gain":0.0,"cards_transformed":["Strike_R"],"event_name":"Transmorgrifier","player_choice":"Transformed","floor":2.0,"gold_loss":0.0,"damage_taken":0.0,"cards_obtained":["Ghostly Armor"]},{"damage_healed":0.0,"max_hp_gain":5.0,"max_hp_loss":0.0,"gold_gain":0.0,"event_name":"Big Fish","player_choice":"Donut","floor":8.0,"gold_loss":0.0,"damage_taken":0.0},{"damage_healed":0.0,"max_hp_gain":0.0,"max_hp_loss":0.0,"gold_gain":0.0,"event_name":"Lab","player_choice":"Got Potions","floor":12.0,"gold_loss":0.0,"damage_taken":0.0},{"damage_healed":0.0,"max_hp_gain":0.0,"max_hp_loss":0.0,"gold_gain":0.0,"event_name":"Drug Dealer","player_choice":"Inject Mutagens","floor":20.0,"gold_loss":0.0,"damage_taken":0.0,"relics_obtained":["MutagenicStrength"]},{"damage_healed":0.0,"max_hp_gain":0.0,"max_hp_loss":0.0,"gold_gain":0.0,"event_name":"Ghosts","player_choice":"Ignored","floor":21.0,"gold_loss":0.0,"damage_taken":0.0},{"damage_healed":29,"gold_gain":0,"player_choice":"Heal","damage_taken":0,"max_hp_gain":0,"max_hp_loss":0,"event_name":"The Library","floor":30,"gold_loss":0}],"is_beta":false,"boss_relics":[{"not_picked":["Mark of Pain","SacredBark"],"picked":"Sozu"},{"not_picked":["Tiny House","SlaversCollar"],"picked":"Astrolabe"}],"items_purged_floors":[4,24,27],"is_endless":false,"potions_floor_spawned":[3,5,10,13,14,16,22,25,28],"killed_by":"3 Shapes","ascension_level":13}}