{"host":"fa19f27vz2zfochh","time":1612466750,"event":{"mods":["Act Like it!","Aspiration","BaseMod","Better Third Choice","Conspire","Downfall","Energized Spire","Halation","Hallownest","Hubris","Infinite Spire","Ironclad Rager","Minty Spire (QoL Compilation)","Relic Stats","Replay The Spire","StSLib","The Bug Knight"],"gold_per_floor":[99,112,128,128,141,160,160,160,160,160,160],"floor_reached":9,"language":"ENG","playtime":271,"items_purged":[],"score":53,"play_id":"de17ec1b-28fa-4154-939b-41933709937d","local_time":"20210204202550","is_ascension_mode":false,"campfire_choices":[],"circlet_count":0,"master_deck":["sneckomod:Strike","sneckomod:Strike","sneckomod:Strike","sneckomod:Defend","sneckomod:Defend","sneckomod:Defend","sneckomod:TailWhip+1","sneckomod:SnekBite","sneckomod:Unknown","Searing Blow","sneckomod:IronFang","Pot Of Greed","Pot Of Greed","Guardian:PiercingHide"],"relics":["sneckomod:SneckoSoul","Grinning Jar"],"acts_visited":["Exordium"],"potions_floor_usage":[],"damage_taken":[{"damage":7,"enemies":"Small Slimes","floor":2,"turns":4},{"damage":7,"enemies":"2 Louse","floor":3,"turns":3},{"damage":11,"enemies":"Jaw Worm","floor":5,"turns":3},{"damage":1,"enemies":"2 Fungi Beasts","floor":6,"turns":3},{"damage":5,"enemies":"HollowMod:MossKnight","floor":9,"turns":6}],"seed_played":"2385014192714127364","potions_obtained":[{"floor":3,"key":"AttackPotion"},{"floor":6,"key":"Swift Potion"}],"is_trial":false,"path_per_floor":["R","M","M","?","M","M","T","R","E"],"character_chosen":"THE_SNECKO","items_purchased":[],"campfire_rested":0,"item_purchase_floors":[],"current_hp_per_floor":[90,83,76,76,65,64,64,64,59,59,59],"gold":160,"neow_bonus":"UPGRADE_CARD","is_daily":false,"chose_seed":false,"campfire_upgraded":0,"win_rate":0.0,"timestamp":1612466750,"path_taken":["R","M","M","?","M","M","T","R","E"],"items_purchased_type":[],"build_version":"2020-12-22","purchased_purges":0,"victory":false,"max_hp_per_floor":[90,90,90,90,90,90,90,90,90,90,90],"relic_stats":{"counters":[5,18],"obtain_stats":[{"Grinning Jar":7,"sneckomod:SneckoSoul":0},{"Grinning Jar":4,"sneckomod:SneckoSoul":0},{"Grinning Jar":13,"sneckomod:SneckoSoul":0}]},"card_choices":[{"not_picked":["sneckomod:UnknownClassGREEN","sneckomod:QuickMove"],"picked":"sneckomod:IronFang","floor":2},{"not_picked":["sneckomod:DiceCrush","sneckomod:SerpentIdol","sneckomod:Restock"],"picked":"SKIP","floor":3},{"not_picked":["sneckomod:ImprovisedAttack","sneckomod:UnknownClassPURPLE"],"picked":"sneckomod:UnknownClassGUARDIAN","floor":5},{"not_picked":["sneckomod:SoulRoll","sneckomod:RainOfDice","sneckomod:DiceCrush"],"picked":"SKIP","floor":6}],"player_experience":423888,"relics_obtained":[{"floor":7,"key":"Grinning Jar"}],"event_choices":[],"is_beta":false,"boss_relics":[],"items_purged_floors":[],"is_endless":false,"potions_floor_spawned":[3,6],"killed_by":"HollowMod:MossKnight","ascension_level":0}}