{"host":"hw4a6ivmtgcf119c","time":1612413107,"event":{"mods":["Abigail Mod","Aspiration","Astrologer","BaseMod","Better Third Choice","BetterRewards","Conspire","DeckTracker","Energized Spire","Gremlin Mod","Halation","Hermit","Hubris","Jorbs\u0027s Wanderer Trilogy","Marisa????????","Minty Spire (QoL Compilation)","Rare Cards Sparkle","Reliquary","StSLib","The Alterego","The Animator","The Bladedancer","The Cursed","The Disciple","The Hayseed","The Hierophant","The Marked","The Mystic","The Necromancer","The Poker Player","The Servant 0.9.4","The Spell Scribe","WarShipGirlsR/????R mod"],"gold_per_floor":[115,37,56,72,72,103,103,120,120,120,43,96,111,111,111,206,206,226,196,5,5,5,5,35,35,35,50,62,162,162,197,197,197,197],"floor_reached":33,"language":"ENG","playtime":12866,"items_purged":[],"score":263,"play_id":"12a7c78a-144b-4f64-90a1-ff5a861a743f","local_time":"20210203223147","is_ascension_mode":false,"campfire_choices":[{"data":"theMarked:SoldierOfQuellstein","floor":7,"key":"SMITH"},{"floor":10,"key":"REST"},{"data":"theMarked:ChannelForce","floor":15,"key":"SMITH"},{"floor":23,"key":"REST"},{"data":"Mayhem","floor":25,"key":"SMITH"},{"data":"theMarked:SoldierOfQuellstein","floor":30,"key":"SMITH"},{"floor":32,"key":"REST"}],"circlet_count":0,"master_deck":["theMarked:Strike","theMarked:Strike","theMarked:Strike","theMarked:Strike","theMarked:Strike","theMarked:Defend","theMarked:Defend","theMarked:Defend","theMarked:Defend","theMarked:SoldierOfQuellstein+1","Bandage Up","theMarked:TwofoldDefense","theMarked:MysticalArsenal","theMarked:WardOff","theMarked:Memento","theMarked:ChannelForce+1","theMarked:SuspiciousRaven","theMarked:StartUp","theMarked:ParalyzingBlade","theMarked:SoldierOfQuellstein+1","theMarked:Levitate","theMarked:DispelDoubt","theMarked:Generate","theMarked:Static","Mayhem+1","theMarked:BanishingStrike","theMarked:Determination","theMarked:Improvise+1"],"relics":["theMarked:ArtifactOfAir","conspire:DeflatedDodgeball","Bronze Scales","reliquary:RosewoodLute","halation:Prosthetics","halation:PinkSoulGem","reliquary:WeakTea","hubris:CrystalStatue","aspiration:DSix","White Beast Statue","Nunchaku"],"acts_visited":["Exordium","TheCity"],"potions_floor_usage":[29,33,33,33],"damage_taken":[{"damage":4,"enemies":"conspire:RoseBush","floor":1,"turns":3},{"damage":0,"enemies":"Jaw Worm","floor":3,"turns":5},{"damage":0,"enemies":"2 Louse","floor":4,"turns":3},{"damage":44,"enemies":"3 Sentries","floor":6,"turns":16},{"damage":13,"enemies":"Gremlin Gang","floor":8,"turns":6},{"damage":0,"enemies":"Large Slime","floor":13,"turns":6},{"damage":17,"enemies":"Hexaghost","floor":16,"turns":9},{"damage":0,"enemies":"3 Byrds","floor":18,"turns":4},{"damage":23,"enemies":"2 Thieves","floor":19,"turns":5},{"damage":10,"enemies":"conspire:Head Lice","floor":24,"turns":8},{"damage":2,"enemies":"Snake Plant","floor":27,"turns":3},{"damage":9,"enemies":"Cultist and Chosen","floor":28,"turns":4},{"damage":7,"enemies":"Colosseum Slavers","floor":29,"turns":4},{"damage":0,"enemies":"Colosseum Nobs","floor":29,"turns":5},{"damage":12,"enemies":"conspire:MimicChest","floor":31,"turns":6},{"damage":48,"enemies":"hubris:MusketHawk","floor":33,"turns":6}],"seed_played":"4025123633481729163","potions_obtained":[{"floor":1,"key":"Ancient Potion"},{"floor":3,"key":"Ancient Potion"},{"floor":13,"key":"Weak Potion"},{"floor":27,"key":"Block Potion"},{"floor":29,"key":"Fire Potion"},{"floor":31,"key":"LiquidBronze"}],"is_trial":false,"path_per_floor":["M","$","M","M","?","E","R","M","T","R","$","T","M","?","R","B",null,"M","M","$","?","?","R","E","R","T","M","M","?","R","?","R","B"],"character_chosen":"THE_DEFAULT","items_purchased":["theMarked:MysticalArsenal","theMarked:StartUp","Mayhem"],"campfire_rested":3,"item_purchase_floors":[2,11,20],"current_hp_per_floor":[70,70,70,70,70,30,30,21,21,42,42,42,46,46,46,33,35,35,16,16,16,16,26,20,20,20,22,17,18,18,10,20,0,0],"gold":197,"neow_bonus":"RANDOM_COLORLESS","is_daily":false,"chose_seed":false,"campfire_upgraded":4,"win_rate":0.0,"timestamp":1612413107,"path_taken":["M","$","M","M","?","E","R","M","T","R","$","?","M","?","R","BOSS","M","?","$","?","?","R","E","R","T","M","M","?","R","?","R","BOSS"],"items_purchased_type":["Card","Card","Card"],"build_version":"2020-12-22","purchased_purges":0,"victory":false,"max_hp_per_floor":[70,70,70,70,70,70,70,70,70,70,70,70,70,70,70,70,35,35,35,35,35,35,35,35,35,35,35,35,35,35,35,35,35,35],"card_choices":[{"not_picked":["Good Instincts","Panacea"],"picked":"Bandage Up","floor":0},{"not_picked":["theMarked:Parkour","theMarked:ResourceFulStrike"],"picked":"theMarked:TwofoldDefense","floor":1},{"not_picked":["theMarked:ElectricStrings","theMarked:Aftermath"],"picked":"theMarked:WardOff","floor":3},{"not_picked":["theMarked:WardOff","theMarked:TakeCover"],"picked":"theMarked:Memento","floor":4},{"not_picked":["theMarked:BanishingWave","theMarked:RepellingDischarge"],"picked":"theMarked:ChannelForce","floor":6},{"not_picked":["theMarked:Heritage","theMarked:RepellingDischarge"],"picked":"theMarked:SuspiciousRaven","floor":8},{"not_picked":["theMarked:Determination","theMarked:LightningStrikesTwice"],"picked":"theMarked:ParalyzingBlade","floor":13},{"not_picked":["theMarked:UnarmedFury","theMarked:Vacuum"],"picked":"theMarked:DispelDoubt","floor":16},{"not_picked":["theMarked:Aftermath","theMarked:Electrocute"],"picked":"theMarked:Generate","floor":18},{"not_picked":["theMarked:Parkour","theMarked:ElectricStrings"],"picked":"theMarked:Static","floor":19},{"not_picked":["theMarked:RepellingDischarge","theMarked:HeightenedSenses"],"picked":"theMarked:BanishingStrike","floor":24},{"not_picked":["theMarked:RogueSparks","theMarked:BanishingStrike+1"],"picked":"theMarked:Determination","floor":27},{"not_picked":["theMarked:AttractMetal","theMarked:ChainLightning+1","theMarked:LightningStrikesTwice"],"picked":"SKIP","floor":28},{"not_picked":["theMarked:BanishingStrike","theMarked:ResourceFulStrike"],"picked":"theMarked:Improvise+1","floor":31}],"player_experience":411703,"relics_obtained":[{"floor":6,"key":"conspire:DeflatedDodgeball"},{"floor":9,"key":"Bronze Scales"},{"floor":12,"key":"reliquary:RosewoodLute"},{"floor":24,"key":"reliquary:WeakTea"},{"floor":26,"key":"hubris:CrystalStatue"},{"floor":29,"key":"aspiration:DSix"},{"floor":29,"key":"White Beast Statue"},{"floor":31,"key":"Nunchaku"}],"event_choices":[{"damage_healed":0,"gold_gain":0,"player_choice":"Ignored","damage_taken":0,"max_hp_gain":0,"max_hp_loss":0,"event_name":"NoteForYourself","floor":5,"gold_loss":0},{"damage_healed":0,"gold_gain":0,"player_choice":"2 cards matched","damage_taken":0,"max_hp_gain":0,"max_hp_loss":0,"event_name":"Match and Keep!","floor":14,"gold_loss":0,"cards_obtained":["theMarked:SoldierOfQuellstein","theMarked:Levitate"]},{"damage_healed":0,"gold_gain":0,"player_choice":"Ignored","damage_taken":0,"max_hp_gain":0,"max_hp_loss":0,"event_name":"Ghosts","floor":21,"gold_loss":0},{"damage_healed":0,"gold_gain":0,"player_choice":"Fight","damage_taken":0,"max_hp_gain":0,"max_hp_loss":0,"event_name":"Colosseum","floor":29,"gold_loss":0},{"damage_healed":0,"gold_gain":0,"player_choice":"Fought Nobs","damage_taken":0,"max_hp_gain":0,"max_hp_loss":0,"event_name":"Colosseum","floor":29,"gold_loss":0}],"is_beta":false,"boss_relics":[{"not_picked":["halation:ForbiddenBikini","Velvet Choker"],"picked":"halation:Prosthetics"}],"items_purged_floors":[],"is_endless":false,"potions_floor_spawned":[1,3,13,19,27,29,31],"killed_by":"hubris:MusketHawk","ascension_level":0}}