{"host":"c3lc60y5x60jlt1y","time":1612462658,"event":{"mods":["AchievementEnabler","BaseMod","Bestiary","Colored Map","Minty Spire (QoL Compilation)","Quick Restart","StSLib","ojb\u0027s Info Mod"],"gold_per_floor":[116,133,58,72,89,122,122,122,122],"floor_reached":8,"language":"ENG","playtime":511,"items_purged":[],"score":116,"play_id":"6e7787ef-9203-4ed9-8b5f-41e4de8ad2f9","local_time":"20210204201738","is_ascension_mode":true,"campfire_choices":[],"circlet_count":0,"master_deck":["AscendersBane","Strike_P","Strike_P","Strike_P","Strike_P","Defend_P","Defend_P","Defend_P","Eruption","Vigilance","CutThroughFate","Wish","CarveReality","SashWhip","Indignation","FearNoEvil","DevaForm","FlyingSleeves"],"relics":["VioletLotus","Happy Flower"],"acts_visited":["Exordium"],"potions_floor_usage":[],"damage_taken":[{"damage":13.0,"enemies":"Small Slimes","floor":1.0,"turns":4.0},{"damage":6.0,"enemies":"Jaw Worm","floor":2.0,"turns":6.0},{"damage":0.0,"enemies":"Cultist","floor":4.0,"turns":2.0},{"damage":22.0,"enemies":"3 Louse","floor":5.0,"turns":3.0},{"damage":10.0,"enemies":"Lagavulin","floor":6.0,"turns":7.0},{"damage":12,"enemies":"3 Sentries","floor":8,"turns":2}],"seed_played":"1242922374375105957","potions_obtained":[{"floor":6.0,"key":"SteroidPotion"}],"is_trial":false,"path_per_floor":["M","M","?","M","M","E","?","E"],"character_chosen":"WATCHER","items_purchased":[],"campfire_rested":0,"item_purchase_floors":[],"current_hp_per_floor":[48,42,42,42,20,10,10,0,0],"gold":122,"neow_bonus":"BOSS_RELIC","is_daily":false,"chose_seed":false,"campfire_upgraded":0,"win_rate":0.0,"timestamp":1612462658,"path_taken":["M","M","?","M","M","E","?","E"],"items_purchased_type":[],"build_version":"2020-12-22","purchased_purges":0,"victory":false,"max_hp_per_floor":[68,68,68,68,68,68,68,68,68],"card_choices":[{"not_picked":["ThirdEye","Prostrate"],"picked":"CutThroughFate","floor":1.0},{"not_picked":["FlyingSleeves","Evaluate"],"picked":"Wish","floor":2.0},{"not_picked":["Pray","Crescendo"],"picked":"CarveReality","floor":4.0},{"not_picked":["Nirvana","EmptyFist"],"picked":"SashWhip","floor":5.0},{"not_picked":["Crescendo","Perseverance"],"picked":"Indignation","floor":6.0}],"player_experience":9093940,"relics_obtained":[{"floor":6.0,"key":"Happy Flower"}],"event_choices":[{"cards_removed":["Defend_P"],"damage_healed":0.0,"max_hp_gain":0.0,"max_hp_loss":0.0,"gold_gain":0.0,"event_name":"The Cleric","player_choice":"Card Removal","floor":3.0,"gold_loss":75.0,"damage_taken":0.0},{"damage_healed":0,"gold_gain":0,"player_choice":"3 cards matched","damage_taken":0,"max_hp_gain":0,"max_hp_loss":0,"event_name":"Match and Keep!","floor":7,"gold_loss":0,"cards_obtained":["FearNoEvil","DevaForm","FlyingSleeves"]}],"is_beta":false,"boss_relics":[],"items_purged_floors":[],"is_endless":false,"potions_floor_spawned":[6],"killed_by":"3 Sentries","ascension_level":20}}