{"host":"xh4jtn7krw5slv5y","time":1612466729,"event":{"mods":["BaseMod","Bestiary","Block Reminder","Colored Map","Downfall","Minty Spire (QoL Compilation)","Quick Restart","Relic Sorter","StSLib"],"gold_per_floor":[99,9,9,21,35,35,61,74,74,74,109,128,143,178,192,289,289,89,101,101,112,212,47,47,47,75,75,75,75],"floor_reached":27,"language":"ENG","playtime":2130,"items_purged":["downfall:Malfunctioning"],"score":291,"play_id":"9648d7ed-bfae-4ab1-b86a-71e900fb2403","local_time":"20210204152529","is_ascension_mode":false,"campfire_choices":[{"data":"sneckomod:SnekBite","floor":1,"key":"SMITH"},{"data":"sneckomod:Unknown1Cost","floor":9,"key":"SMITH"},{"data":"sneckomod:SoulCleanse","floor":25,"key":"SMITH"}],"circlet_count":0,"master_deck":["sneckomod:Strike","sneckomod:Strike","sneckomod:Defend","sneckomod:Defend","sneckomod:Defend+1","sneckomod:TailWhip","sneckomod:SnekBite+1","sneckomod:Unknown","sneckomod:Nope","sneckomod:Unknown2Cost+1","sneckomod:QuickBite","Guardian:FuturePlans","sneckomod:Unknown1Cost+1","sneckomod:UnknownBlock","sneckomod:UnknownUncommonAttack","sneckomod:DiceBoulder","sneckomod:SlitherStrike","sneckomod:SoulExchange","CurseOfTheBell","bronze:Return","sneckomod:UnknownCommonSkill","sneckomod:SoulCleanse+1","sneckomod:QuickBite","sneckomod:UnknownDraw+1"],"relics":["sneckomod:SneckoSoul","Anchor","War Paint","Calling Bell","Smiling Mask","Darkstone Periapt","Ice Cream","downfall:HeartBlessingGreen","downfall:HeartBlessingBlue","PreservedInsect","Pantograph","Prayer Wheel"],"acts_visited":["Exordium","TheCity"],"potions_floor_usage":[16,19,26,26,27],"damage_taken":[{"damage":7,"enemies":"downfall:FleeingMerchant","floor":2,"turns":4},{"damage":3,"enemies":"Jaw Worm","floor":4,"turns":4},{"damage":0,"enemies":"Cultist","floor":5,"turns":3},{"damage":1,"enemies":"Small Slimes","floor":8,"turns":3},{"damage":40,"enemies":"3 Sentries","floor":11,"turns":9},{"damage":9,"enemies":"Gremlin Gang","floor":12,"turns":6},{"damage":0,"enemies":"2 Fungi Beasts","floor":13,"turns":2},{"damage":0,"enemies":"Gremlin Nob","floor":14,"turns":3},{"damage":1,"enemies":"3 Louse","floor":15,"turns":3},{"damage":31,"enemies":"WA_ARCHETYPE_RETAIN","floor":16,"turns":9},{"damage":5,"enemies":"3 Byrds","floor":19,"turns":6},{"damage":17,"enemies":"Shell Parasite","floor":21,"turns":8},{"damage":0,"enemies":"downfall:FleeingMerchant","floor":23,"turns":4},{"damage":80,"enemies":"Gremlin Leader","floor":26,"turns":6},{"damage":17,"enemies":"Centurion and Healer","floor":27,"turns":7}],"seed_played":"7818748025788571995","potions_obtained":[{"floor":5,"key":"DistilledChaos"},{"floor":8,"key":"sneckomod:OffclassReductionPotion"},{"floor":13,"key":"SteroidPotion"},{"floor":14,"key":"Regen Potion"},{"floor":19,"key":"Weak Potion"},{"floor":20,"key":"CultistPotion"}],"is_trial":false,"path_per_floor":["R","$","?","M","M","R","T","M","R","?","E","M","M","E","M","B",null,"R","M","?","M","?","$","T","R","E","M"],"character_chosen":"THE_SNECKO","items_purchased":["PreservedInsect"],"campfire_rested":0,"item_purchase_floors":[23],"current_hp_per_floor":[108,101,101,98,98,98,98,97,97,97,57,48,48,48,47,31,108,118,113,113,96,96,96,96,96,16,0,0,0],"gold":75,"neow_bonus":"TWENTY_PERCENT_HP_BONUS","is_daily":false,"chose_seed":false,"campfire_upgraded":3,"win_rate":0.0,"timestamp":1612466729,"path_taken":["R","$","?","M","M","R","T","M","R","?","E","?","M","E","M","BOSS","R","M","?","M","?","$","T","R","E","M"],"items_purchased_type":["Relic"],"build_version":"2020-12-22","purchased_purges":1,"victory":false,"max_hp_per_floor":[108,108,108,108,108,108,108,108,108,108,108,108,108,108,108,108,108,118,118,118,118,118,118,118,118,118,118,118,118],"card_choices":[{"not_picked":["sneckomod:Unknown1Cost","sneckomod:WideSting"],"picked":"sneckomod:Nope","floor":2},{"not_picked":["sneckomod:RainOfDice","sneckomod:DiceCrush"],"picked":"sneckomod:Unknown2Cost","floor":4},{"not_picked":["sneckomod:DefensiveFlair","sneckomod:RainOfDice"],"picked":"sneckomod:QuickBite","floor":5},{"not_picked":["sneckomod:DiceCrush","sneckomod:WideSting"],"picked":"sneckomod:Unknown1Cost","floor":8},{"not_picked":["sneckomod:TrashToTreasure","sneckomod:SoulRoll"],"picked":"sneckomod:UnknownBlock","floor":11},{"not_picked":["sneckomod:WideSting","sneckomod:UnknownCommonAttack"],"picked":"sneckomod:UnknownUncommonAttack","floor":12},{"not_picked":["sneckomod:DefensiveFlair","sneckomod:UnknownCommonAttack"],"picked":"sneckomod:DiceBoulder","floor":13},{"not_picked":["sneckomod:QuickMove","sneckomod:Restock"],"picked":"sneckomod:SlitherStrike","floor":14},{"not_picked":["sneckomod:WideSting","sneckomod:UnknownBlock"],"picked":"sneckomod:UnknownExhaust","floor":15},{"not_picked":["sneckomod:UnknownBoss","sneckomod:UnlimitedRolls"],"picked":"sneckomod:SoulExchange","floor":16},{"not_picked":["sneckomod:QuickMove","sneckomod:UnknownBlock+1"],"picked":"sneckomod:UnknownCommonSkill","floor":19},{"not_picked":["sneckomod:QuickMove","sneckomod:SoulRoll"],"picked":"sneckomod:SoulCleanse","floor":21},{"not_picked":["sneckomod:CheapStock","sneckomod:DiceBlock"],"picked":"sneckomod:QuickBite","floor":23},{"not_picked":["sneckomod:UnknownWeak","sneckomod:TrashToTreasure+1"],"picked":"sneckomod:UnknownDraw+1","floor":26}],"player_experience":388979,"relics_obtained":[{"floor":11,"key":"Anchor"},{"floor":14,"key":"War Paint"},{"floor":17,"key":"Smiling Mask"},{"floor":17,"key":"Darkstone Periapt"},{"floor":17,"key":"Ice Cream"},{"floor":24,"key":"Pantograph"},{"floor":26,"key":"Prayer Wheel"}],"event_choices":[{"cards_removed":["sneckomod:Strike"],"damage_healed":0,"gold_gain":0,"player_choice":"Card Removal","damage_taken":0,"max_hp_gain":0,"max_hp_loss":0,"event_name":"The Cleric","floor":3,"gold_loss":0}],"is_beta":false,"boss_relics":[{"not_picked":["Runic Pyramid","Philosopher\u0027s Stone"],"picked":"Calling Bell"}],"items_purged_floors":[2],"is_endless":false,"potions_floor_spawned":[5,8,13,14,19],"killed_by":"Centurion and Healer","ascension_level":0}}