{"host":"erjc6dqs793djrmy","time":1612451167,"event":{"mods":["BaseMod","Minty Spire (QoL Compilation)","StSLib","The Animator"],"gold_per_floor":[118,137,87,87,106,106,106],"floor_reached":6,"language":"ENG","playtime":426,"items_purged":[],"score":59,"play_id":"7a7c192d-9aa4-450a-86e1-ff05c5622d5c","local_time":"20210204100607","is_ascension_mode":true,"campfire_choices":[],"circlet_count":0,"master_deck":["AscendersBane","animator:Strike_OnePunchMan","animator:Defend_OnePunchMan","animator:Strike","animator:Strike","animator:Defend","animator:Defend","animator:Defend","animator:Genos","animator:MumenRider","Decay","animator:Hibiki","animator:RinTohsaka","animator:YachiyoNanami","animator:HinaKagiyama","animator:Curse_Dizziness","animator:Genos"],"relics":["animator:LivingPicture","animator:TheMissingPiece"],"acts_visited":["Exordium"],"potions_floor_usage":[6],"damage_taken":[{"damage":6,"enemies":"Cultist","floor":1,"turns":3},{"damage":6,"enemies":"Jaw Worm","floor":2,"turns":3},{"damage":11,"enemies":"2 Louse","floor":5,"turns":3},{"damage":45,"enemies":"Gremlin Nob","floor":6,"turns":4}],"seed_played":"-737390973872751681","potions_obtained":[{"floor":5,"key":"Ancient Potion"}],"is_trial":false,"path_per_floor":["M","M","?","?","M","E"],"character_chosen":"THE_ANIMATOR","items_purchased":[],"campfire_rested":0,"item_purchase_floors":[],"current_hp_per_floor":[53,47,47,47,36,0,0],"gold":106,"neow_bonus":"RANDOM_COLORLESS_2","is_daily":false,"chose_seed":false,"campfire_upgraded":0,"win_rate":0.0,"timestamp":1612451167,"path_taken":["M","?","?","?","M","E"],"items_purchased_type":[],"build_version":"2020-12-22","purchased_purges":0,"victory":false,"max_hp_per_floor":[66,66,66,66,66,66,66],"card_choices":[{"not_picked":["animator:HarukoHaruhara","animator:TakanashiRikka"],"picked":"animator:Hibiki","floor":0},{"not_picked":["animator:Spearman","animator:NagisaMomoe"],"picked":"animator:RinTohsaka","floor":1},{"not_picked":["animator:MamiTomoe","animator:Berserker"],"picked":"animator:YachiyoNanami","floor":2},{"not_picked":["animator:MamiTomoe","animator:Priestess"],"picked":"animator:Genos","floor":5}],"player_experience":427554,"relics_obtained":[],"event_choices":[{"cards_removed":["animator:Strike"],"damage_healed":0,"gold_gain":0,"player_choice":"Card Removal","damage_taken":0,"max_hp_gain":0,"max_hp_loss":0,"event_name":"The Cleric","floor":3,"gold_loss":50}],"is_beta":false,"boss_relics":[],"items_purged_floors":[],"is_endless":false,"potions_floor_spawned":[5],"killed_by":"Gremlin Nob","ascension_level":13}}