{"host":"2qstd83ou5jzlfqv","time":1612438053,"event":{"mods":["BaseMod","Colored Powertips","Minty Spire (QoL Compilation)","Relic Stats"],"gold_per_floor":[360,360,380,400,23,23,23,23,23,56,56,56,74,100,100,173,173,191,191,191,41,59,59,85,85,85,110,110,136,136,162,162,238,238,258,276,176,276,292,292,302,333,333,333,353,383,383,54,54,54],"floor_reached":51,"language":"ENG","playtime":3205,"items_purged":["Writhe","Strike_G","Strike_G"],"score":1710,"play_id":"57150156-1f45-4e03-8d4d-1229ce070f25","local_time":"20210204032733","is_ascension_mode":true,"campfire_choices":[{"data":"Footwork","floor":6,"key":"SMITH"},{"data":"Neutralize","floor":8,"key":"SMITH"},{"floor":11,"key":"REST"},{"data":"Leg Sweep","floor":15,"key":"SMITH"},{"data":"Ghostly","floor":23,"key":"SMITH"},{"data":"Noxious Fumes","floor":25,"key":"SMITH"},{"data":"Well Laid Plans","floor":30,"key":"SMITH"},{"data":"Ghostly","floor":32,"key":"SMITH"},{"data":"Bouncing Flask","floor":40,"key":"SMITH"},{"data":"A Thousand Cuts","floor":44,"key":"SMITH"},{"data":"Ghostly","floor":49,"key":"SMITH"}],"circlet_count":0,"master_deck":["AscendersBane","Strike_G","Strike_G","Defend_G","Defend_G","Defend_G","Defend_G","Defend_G","Survivor","Neutralize+1","Underhanded Strike","Flying Knee","Cloak And Dagger","Footwork+1","Leg Sweep+1","Malaise","Poisoned Stab","Dagger Spray","After Image+1","Prepared","Ghostly+1","Ghostly+1","Ghostly","Ghostly","Ghostly","Noxious Fumes+1","Ghostly+1","Bouncing Flask+1","Well Laid Plans+1","A Thousand Cuts+1","Deadly Poison","Burst","PiercingWail","Acrobatics","Parasite","Noxious Fumes","Bouncing Flask"],"relics":["Ring of the Snake","Bronze Scales","Medical Kit","Letter Opener","Ornamental Fan","FossilizedHelix","Coffee Dripper","DollysMirror","Strawberry","Paper Crane","Prayer Wheel","Pantograph","Bottled Tornado","Philosopher\u0027s Stone","Gremlin Horn","TungstenRod","Omamori","Lee\u0027s Waffle"],"acts_visited":["Exordium","TheCity","TheBeyond"],"potions_floor_usage":[10,16,27,33,33,50,50],"damage_taken":[{"damage":0,"enemies":"2 Louse","floor":1,"turns":3},{"damage":3,"enemies":"Small Slimes","floor":3,"turns":4},{"damage":1,"enemies":"Jaw Worm","floor":4,"turns":5},{"damage":39,"enemies":"Gremlin Nob","floor":10,"turns":6},{"damage":1,"enemies":"Large Slime","floor":13,"turns":8},{"damage":8,"enemies":"Lagavulin","floor":14,"turns":10},{"damage":11,"enemies":"Hexaghost","floor":16,"turns":12},{"damage":3,"enemies":"3 Byrds","floor":18,"turns":4},{"damage":1,"enemies":"Chosen","floor":22,"turns":8},{"damage":0,"enemies":"Slavers","floor":24,"turns":7},{"damage":1,"enemies":"Gremlin Leader","floor":27,"turns":9},{"damage":0,"enemies":"Slavers","floor":29,"turns":9},{"damage":0,"enemies":"Gremlin Leader","floor":31,"turns":9},{"damage":0,"enemies":"Champ","floor":33,"turns":17},{"damage":0,"enemies":"3 Shapes","floor":35,"turns":6},{"damage":0,"enemies":"Orb Walker","floor":36,"turns":5},{"damage":0,"enemies":"4 Shapes","floor":39,"turns":7},{"damage":0,"enemies":"Writhing Mass","floor":41,"turns":7},{"damage":0,"enemies":"Giant Head","floor":42,"turns":13},{"damage":0,"enemies":"Spire Growth","floor":45,"turns":6},{"damage":0,"enemies":"Reptomancer","floor":46,"turns":7},{"damage":0,"enemies":"Donu and Deca","floor":50,"turns":11}],"seed_played":"-4389296030804339099","potions_obtained":[{"floor":1,"key":"Regen Potion"},{"floor":13,"key":"Dexterity Potion"},{"floor":14,"key":"ColorlessPotion"},{"floor":18,"key":"AttackPotion"},{"floor":22,"key":"PowerPotion"},{"floor":29,"key":"DuplicationPotion"},{"floor":39,"key":"Fire Potion"},{"floor":41,"key":"Ancient Potion"}],"is_trial":false,"path_per_floor":["M","?","M","M","$","R","$","R","T","E","R","?","M","E","R","B",null,"M","?","?","$","M","R","E","R","T","E","?","E","R","E","R","B",null,"M","M","$","?","M","R","M","E","T","R","M","E","?","$","R","B",null],"character_chosen":"THE_SILENT","items_purchased":["Footwork","Leg Sweep","Medical Kit","DollysMirror","Poison Potion","Lee\u0027s Waffle"],"campfire_rested":1,"item_purchase_floors":[5,5,5,21,48,48],"current_hp_per_floor":[59,56,53,52,52,52,52,52,52,27,46,46,45,37,37,26,56,53,33,33,33,32,32,39,39,39,38,38,38,38,38,38,40,40,40,40,40,40,40,40,40,40,40,40,40,40,40,47,47,47],"gold":54,"neow_bonus":"TWO_FIFTY_GOLD","is_daily":false,"chose_seed":false,"campfire_upgraded":10,"win_rate":0.0,"timestamp":1612438053,"path_taken":["M","?","M","M","$","R","$","R","T","E","R","?","M","E","R","BOSS","M","?","?","?","M","R","E","R","T","E","?","E","R","E","R","BOSS","M","M","?","?","?","R","M","E","T","R","M","E","?","$","R","BOSS"],"items_purchased_type":["Card","Card","Relic","Relic","Potion","Relic"],"build_version":"2020-12-22","purchased_purges":3,"victory":true,"max_hp_per_floor":[66,66,66,66,66,66,66,66,66,66,66,66,66,66,66,66,66,66,33,33,33,33,33,40,40,40,40,40,40,40,40,40,40,40,40,40,40,40,40,40,40,40,40,40,40,40,40,47,47,47],"relic_stats":{"Lee\u0027s Waffle":7,"Gremlin Horn":[6,6],"counters":[22,173],"Ornamental Fan":[96],"Bronze Scales":[555],"Pantograph":2,"Prayer Wheel":5,"Letter Opener":[339],"Medical Kit":[19],"obtain_stats":[{"Lee\u0027s Waffle":48,"Gremlin Horn":42,"Omamori":46,"Letter Opener":9,"Paper Crane":26,"Bottled Tornado":31,"Medical Kit":5,"Ornamental Fan":10,"DollysMirror":21,"Bronze Scales":2,"Strawberry":24,"Pantograph":29,"Prayer Wheel":27,"Philosopher\u0027s Stone":34,"Coffee Dripper":17,"FossilizedHelix":14,"TungstenRod":43,"Ring of the Snake":0},{"Lee\u0027s Waffle":21,"Gremlin Horn":19,"Omamori":21,"Letter Opener":3,"Paper Crane":10,"Bottled Tornado":13,"Medical Kit":3,"Ornamental Fan":4,"DollysMirror":8,"Bronze Scales":1,"Strawberry":10,"Pantograph":12,"Prayer Wheel":11,"Philosopher\u0027s Stone":14,"Coffee Dripper":7,"FossilizedHelix":6,"TungstenRod":19,"Ring of the Snake":0},{"Lee\u0027s Waffle":162,"Gremlin Horn":149,"Omamori":162,"Letter Opener":12,"Paper Crane":67,"Bottled Tornado":94,"Medical Kit":12,"Ornamental Fan":18,"DollysMirror":52,"Bronze Scales":3,"Strawberry":67,"Pantograph":85,"Prayer Wheel":76,"Philosopher\u0027s Stone":111,"Coffee Dripper":48,"FossilizedHelix":36,"TungstenRod":149,"Ring of the Snake":0}],"TungstenRod":0,"Ring of the Snake":[44]},"card_choices":[{"not_picked":["Slice","Dagger Spray"],"picked":"Underhanded Strike","floor":1},{"not_picked":["Bane","Dagger Spray"],"picked":"Flying Knee","floor":3},{"not_picked":["Deflect","Underhanded Strike"],"picked":"Cloak And Dagger","floor":4},{"not_picked":["Slice","Dagger Spray"],"picked":"Malaise","floor":10},{"not_picked":["Outmaneuver","Bane"],"picked":"Poisoned Stab","floor":13},{"not_picked":["Footwork","Finisher"],"picked":"Dagger Spray","floor":14},{"not_picked":["Envenom","Tools of the Trade"],"picked":"After Image","floor":16},{"not_picked":["Poisoned Stab","Dodge and Roll"],"picked":"Prepared","floor":18},{"not_picked":["Slice","Dodge and Roll","Deflect"],"picked":"SKIP","floor":22},{"not_picked":["PiercingWail+1","Adrenaline"],"picked":"Bouncing Flask","floor":24},{"not_picked":["Prepared","Phantasmal Killer","Quick Slash+1"],"picked":"SKIP","floor":27},{"not_picked":["Night Terror","Riddle With Holes"],"picked":"Well Laid Plans","floor":29},{"not_picked":["Setup","Backflip","Bane"],"picked":"SKIP","floor":31},{"not_picked":["Setup","Backflip","Bane"],"picked":"SKIP","floor":31},{"not_picked":["Bullet Time","Tools of the Trade"],"picked":"A Thousand Cuts","floor":33},{"not_picked":["Cloak And Dagger+1","Deflect+1"],"picked":"Deadly Poison","floor":35},{"not_picked":["Reflex","Outmaneuver","Slice"],"picked":"SKIP","floor":35},{"not_picked":["Predator","Blur"],"picked":"Burst","floor":36},{"not_picked":["Quick Slash","Poisoned Stab"],"picked":"PiercingWail","floor":36},{"not_picked":["Prepared","Dagger Spray"],"picked":"Acrobatics","floor":39},{"not_picked":["Escape Plan","Blur","Dagger Spray+1"],"picked":"SKIP","floor":39},{"not_picked":["Escape Plan","Blur","Dagger Spray+1"],"picked":"SKIP","floor":39},{"not_picked":["Acrobatics","Quick Slash","Bane"],"picked":"SKIP","floor":41},{"not_picked":["Outmaneuver","Leg Sweep","Bane"],"picked":"SKIP","floor":41},{"not_picked":["Blur","Masterful Stab"],"picked":"Noxious Fumes","floor":42},{"not_picked":["Unload","PiercingWail","Concentrate"],"picked":"SKIP","floor":45},{"not_picked":["Prepared","Deflect","Slice"],"picked":"SKIP","floor":45},{"not_picked":["Poisoned Stab","Blade Dance"],"picked":"Bouncing Flask","floor":46}],"player_experience":421149,"relics_obtained":[{"floor":9,"key":"Letter Opener"},{"floor":10,"key":"Ornamental Fan"},{"floor":14,"key":"FossilizedHelix"},{"floor":24,"key":"Strawberry"},{"floor":26,"key":"Paper Crane"},{"floor":27,"key":"Prayer Wheel"},{"floor":29,"key":"Pantograph"},{"floor":31,"key":"Bottled Tornado"},{"floor":42,"key":"Gremlin Horn"},{"floor":43,"key":"TungstenRod"},{"floor":46,"key":"Omamori"}],"event_choices":[{"damage_healed":0,"gold_gain":0,"player_choice":"Success","damage_taken":3,"relics_obtained":["Bronze Scales"],"max_hp_gain":0,"max_hp_loss":0,"event_name":"Scrap Ooze","floor":2,"gold_loss":0},{"damage_healed":0,"gold_gain":0,"player_choice":"Ignored","damage_taken":0,"max_hp_gain":0,"max_hp_loss":0,"event_name":"Golden Idol","floor":12,"gold_loss":0},{"damage_healed":0,"gold_gain":0,"player_choice":"Became a Ghost","damage_taken":0,"max_hp_gain":0,"max_hp_loss":33,"event_name":"Ghosts","floor":19,"gold_loss":0,"cards_obtained":["Ghostly","Ghostly","Ghostly","Ghostly","Ghostly"]},{"damage_healed":0,"gold_gain":0,"player_choice":"Read","damage_taken":0,"max_hp_gain":0,"max_hp_loss":0,"event_name":"The Library","floor":20,"gold_loss":0,"cards_obtained":["Noxious Fumes"]},{"damage_healed":0,"gold_gain":0,"player_choice":"Upgraded","damage_taken":0,"max_hp_gain":0,"max_hp_loss":0,"event_name":"Upgrade Shrine","floor":28,"gold_loss":0,"cards_upgraded":["After Image"]},{"damage_healed":0,"gold_gain":100,"player_choice":"Pray","damage_taken":0,"max_hp_gain":0,"max_hp_loss":0,"event_name":"Golden Shrine","floor":38,"gold_loss":0},{"cards_removed":["Strike_G"],"damage_healed":0,"gold_gain":0,"player_choice":"Removed Attack","damage_taken":0,"max_hp_gain":0,"max_hp_loss":0,"event_name":"Falling","floor":47,"gold_loss":0}],"is_beta":false,"boss_relics":[{"not_picked":["Busted Crown","Astrolabe"],"picked":"Coffee Dripper"},{"not_picked":["Runic Dome","Calling Bell"],"picked":"Philosopher\u0027s Stone"}],"items_purged_floors":[5,37,48],"is_endless":false,"potions_floor_spawned":[1,13,14,18,22,29,39,41,42,45],"ascension_level":14}}