{"host":"v86vpwf004p2esb7","time":1612430564,"event":{"mods":["AchievementEnabler","BaseMod","BetterRewards","Colored Powertips","Minty Spire (QoL Compilation)","Quick Restart","StSLib","Transform Curses"],"gold_per_floor":[119,119,137,152,166,201,201,234,234,255,255,255,275,296,296,422,422,441,441,516,532,545,545,575,575,602,640,257,257,295,324,324,438,438,466,486,0,0,26,26,80,80,80,80,100,136,69,128,128,128,128],"floor_reached":50,"language":"ENG","playtime":2933,"items_purged":[],"score":643,"play_id":"47d5a8c2-5f71-4098-bf7e-cf2ad65eefa2","local_time":"20210204012244","is_ascension_mode":true,"campfire_choices":[{"floor":7,"key":"REST"},{"floor":12,"key":"REST"},{"data":"BattleHymn","floor":15,"key":"SMITH"},{"floor":23,"key":"REST"},{"floor":25,"key":"RECALL"},{"floor":29,"key":"REST"},{"floor":32,"key":"REST"},{"floor":40,"key":"REST"},{"floor":42,"key":"REST"},{"floor":44,"key":"REST"},{"data":"1","floor":49,"key":"LIFT"}],"circlet_count":0,"master_deck":["Strike_P+1","Strike_P","Defend_P","Defend_P","Defend_P","Defend_P+1","Eruption+1","Vigilance","Tantrum+1","MentalFortress","CutThroughFate","Consecrate","BattleHymn+1","LessonLearned","Evaluate","Tantrum+1","ReachHeaven","Consecrate","Prostrate","DevaForm","Prostrate","DeceiveReality","InnerPeace+1","InnerPeace+1","Vault","Prostrate","Adaptation","WindmillStrike","EmptyBody+1","DeusExMachina","ForeignInfluence+1","WindmillStrike+1","Nirvana+1","Consecrate","PathToVictory","Halt+1","TalkToTheHand","MentalFortress"],"relics":["PureWater","Yang","Blood Vial","Lee\u0027s Waffle","Bloody Idol","Strawberry","Ancient Tea Set","Matryoshka","SlaversCollar","Turnip","Bag of Marbles","Omamori","CeramicFish","Incense Burner","Blue Candle","Fusion Hammer","Red Mask","Girya","Letter Opener","GoldenEye","Thread and Needle"],"acts_visited":["Exordium","TheCity","TheBeyond"],"potions_floor_usage":[22,24,24,41,50],"damage_taken":[{"damage":14,"enemies":"2 Louse","floor":1,"turns":3},{"damage":1,"enemies":"Jaw Worm","floor":3,"turns":2},{"damage":0,"enemies":"Cultist","floor":4,"turns":2},{"damage":6,"enemies":"2 Fungi Beasts","floor":5,"turns":3},{"damage":22,"enemies":"3 Sentries","floor":6,"turns":5},{"damage":28,"enemies":"Gremlin Nob","floor":8,"turns":3},{"damage":6,"enemies":"Blue Slaver","floor":10,"turns":3},{"damage":6,"enemies":"Red Slaver","floor":13,"turns":2},{"damage":0,"enemies":"Exordium Wildlife","floor":14,"turns":2},{"damage":20,"enemies":"Hexaghost","floor":16,"turns":7},{"damage":30,"enemies":"2 Thieves","floor":18,"turns":4},{"damage":1,"enemies":"Chosen","floor":21,"turns":4},{"damage":39,"enemies":"Snecko","floor":22,"turns":4},{"damage":28,"enemies":"Slavers","floor":24,"turns":3},{"damage":7,"enemies":"Book of Stabbing","floor":27,"turns":4},{"damage":39,"enemies":"Slavers","floor":30,"turns":5},{"damage":24,"enemies":"3 Cultists","floor":31,"turns":5},{"damage":29,"enemies":"Champ","floor":33,"turns":9},{"damage":47,"enemies":"3 Darklings","floor":35,"turns":4},{"damage":3,"enemies":"Orb Walker","floor":36,"turns":3},{"damage":1,"enemies":"Jaw Worm Horde","floor":39,"turns":4},{"damage":83,"enemies":"2 Orb Walkers","floor":41,"turns":6},{"damage":45,"enemies":"4 Shapes","floor":45,"turns":4},{"damage":0,"enemies":"Nemesis","floor":46,"turns":6},{"damage":0,"enemies":"Mind Bloom Boss Battle","floor":48,"turns":4},{"damage":61,"enemies":"Awakened One","floor":50,"turns":6}],"seed_played":"1192547250483124392","potions_obtained":[{"floor":1,"key":"Explosive Potion"},{"floor":3,"key":"Dexterity Potion"},{"floor":8,"key":"Strength Potion"},{"floor":16,"key":"SpeedPotion"},{"floor":18,"key":"SkillPotion"},{"floor":24,"key":"DistilledChaos"},{"floor":39,"key":"Weak Potion"},{"floor":46,"key":"SpeedPotion"}],"is_trial":false,"path_per_floor":["M","?","M","M","M","E","R","E","T","M","?","R","M","M","R","B",null,"M","?","?","M","M","R","E","R","T","E","$","R","E","M","R","B",null,"M","M","?","?","M","R","?","R","T","R","M","E","$","?","R","B"],"character_chosen":"WATCHER","items_purchased":["Yang","Tantrum","MentalFortress","Blood Vial","Lee\u0027s Waffle","Incense Burner","Prostrate","Adaptation","TalkToTheHand"],"campfire_rested":8,"item_purchase_floors":[0,0,0,0,0,28,28,28,47],"current_hp_per_floor":[65,46,47,49,45,32,57,31,31,27,27,52,48,50,50,32,86,56,56,53,59,27,52,31,31,36,41,51,76,49,37,62,45,86,49,58,58,58,69,86,13,38,38,63,30,42,47,59,59,0,0],"gold":128,"neow_bonus":"","is_daily":false,"chose_seed":false,"campfire_upgraded":1,"win_rate":0.0,"timestamp":1612430564,"path_taken":["M","?","M","M","M","E","R","E","T","M","?","R","M","?","R","BOSS","M","?","?","?","M","R","E","R","T","E","$","R","E","M","R","BOSS","M","M","?","?","?","R","?","R","T","R","M","E","$","?","R","BOSS"],"items_purchased_type":["Relic","Card","Card","Relic","Relic","Relic","Card","Card","Card"],"build_version":"2020-12-22","purchased_purges":0,"victory":false,"max_hp_per_floor":[79,79,79,79,79,86,86,86,86,86,86,86,86,86,86,86,86,86,86,86,86,86,86,86,86,86,86,86,86,86,86,86,86,86,86,86,86,86,86,86,86,86,86,86,86,86,86,86,86,86,86],"card_choices":[{"not_picked":["Nirvana","Sanctity"],"picked":"CutThroughFate","floor":1},{"not_picked":["BowlingBash","EmptyFist"],"picked":"Consecrate","floor":3},{"not_picked":["Prostrate","EmptyBody"],"picked":"BattleHymn","floor":4},{"not_picked":["InnerPeace","Prostrate"],"picked":"LessonLearned","floor":5},{"not_picked":["WaveOfTheHand","CrushJoints"],"picked":"Evaluate","floor":6},{"not_picked":["CutThroughFate","FollowUp"],"picked":"Tantrum","floor":8},{"not_picked":["PathToVictory","EmptyMind"],"picked":"ReachHeaven","floor":10},{"not_picked":["ForeignInfluence","JustLucky"],"picked":"Consecrate","floor":13},{"not_picked":["BowlingBash","ForeignInfluence"],"picked":"Prostrate","floor":14},{"not_picked":["DeusExMachina","Omniscience"],"picked":"DevaForm","floor":16},{"not_picked":["Consecrate","ClearTheMind+1"],"picked":"Prostrate","floor":18},{"not_picked":["Adaptation","WindmillStrike"],"picked":"DeceiveReality","floor":21},{"not_picked":["JustLucky","BowlingBash"],"picked":"InnerPeace","floor":22},{"not_picked":["ClearTheMind","Meditate"],"picked":"InnerPeace+1","floor":24},{"not_picked":["EmptyMind","SpiritShield"],"picked":"Vault","floor":27},{"not_picked":["ClearTheMind","ThirdEye"],"picked":"WindmillStrike","floor":30},{"not_picked":["WreathOfFlame","TalkToTheHand"],"picked":"EmptyBody+1","floor":31},{"not_picked":["Scrawl","Judgement"],"picked":"DeusExMachina","floor":33},{"not_picked":["Crescendo+1","BowlingBash"],"picked":"ForeignInfluence+1","floor":35},{"not_picked":["BowlingBash","Halt"],"picked":"WindmillStrike+1","floor":36},{"not_picked":["ClearTheMind+1","Collect+1"],"picked":"Nirvana+1","floor":39},{"not_picked":["FlyingSleeves","PathToVictory+1"],"picked":"Consecrate","floor":41},{"not_picked":["ClearTheMind+1","InnerPeace+1"],"picked":"PathToVictory","floor":45},{"not_picked":["EmptyBody+1","Vault"],"picked":"Halt+1","floor":46},{"not_picked":["SignatureMove+1","Consecrate"],"picked":"MentalFortress","floor":48}],"player_experience":248109,"relics_obtained":[{"floor":6,"key":"Strawberry"},{"floor":8,"key":"Ancient Tea Set"},{"floor":9,"key":"Matryoshka"},{"floor":24,"key":"Turnip"},{"floor":26,"key":"Bag of Marbles"},{"floor":26,"key":"Omamori"},{"floor":27,"key":"CeramicFish"},{"floor":30,"key":"Blue Candle"},{"floor":41,"key":"Girya"},{"floor":43,"key":"Letter Opener"},{"floor":46,"key":"GoldenEye"},{"floor":48,"key":"Thread and Needle"}],"event_choices":[{"damage_healed":0,"gold_gain":0,"player_choice":"Take Damage","damage_taken":19,"relics_obtained":["Golden Idol"],"max_hp_gain":0,"max_hp_loss":0,"event_name":"Golden Idol","floor":2,"gold_loss":0},{"cards_removed":["Strike_P"],"damage_healed":0,"gold_gain":0,"player_choice":"Purged","damage_taken":0,"max_hp_gain":0,"max_hp_loss":0,"event_name":"Purifier","floor":11,"gold_loss":0},{"damage_healed":0,"gold_gain":0,"player_choice":"Gave Idol","damage_taken":0,"relics_obtained":["Bloody Idol"],"max_hp_gain":0,"max_hp_loss":0,"event_name":"Forgotten Altar","floor":19,"relics_lost":["Golden Idol"],"gold_loss":0},{"damage_healed":0,"gold_gain":75,"player_choice":"Touch","damage_taken":8,"max_hp_gain":0,"max_hp_loss":0,"event_name":"FaceTrader","floor":20,"gold_loss":0},{"damage_healed":0,"gold_gain":0,"player_choice":"Paid","damage_taken":0,"relics_obtained":["Red Mask"],"max_hp_gain":0,"max_hp_loss":0,"event_name":"Tomb of Lord Red Mask","floor":37,"gold_loss":486},{"cards_removed":["Strike_P"],"damage_healed":0,"gold_gain":0,"player_choice":"Purged","damage_taken":0,"max_hp_gain":0,"max_hp_loss":0,"event_name":"Purifier","floor":38,"gold_loss":0},{"damage_healed":0,"gold_gain":0,"player_choice":"Fight","damage_taken":0,"max_hp_gain":0,"max_hp_loss":0,"event_name":"Mysterious Sphere","floor":41,"gold_loss":0},{"damage_healed":0,"gold_gain":0,"player_choice":"Fight","damage_taken":0,"max_hp_gain":0,"max_hp_loss":0,"event_name":"MindBloom","floor":48,"gold_loss":0}],"is_beta":false,"boss_relics":[{"not_picked":["Runic Pyramid","Coffee Dripper"],"picked":"SlaversCollar"},{"not_picked":["Busted Crown","Velvet Choker"],"picked":"Fusion Hammer"}],"items_purged_floors":[],"is_endless":false,"potions_floor_spawned":[1,3,8,16,18,24,39,46],"killed_by":"Awakened One","ascension_level":1}}