{"host":"hpn0uxah5qjr7pa6","time":1612411607,"event":{"mods":["Act Like it!","Aspiration","BaseMod","Better Third Choice","BetterRewards","Challenge The Spire","Colored Powertips","Conspire","DeckTracker","Downfall","Energized Spire","Hallownest","Hermit","Highlight Path","Hubris","Infinite Spire","Minty Spire (QoL Compilation)","Permanent Neow","Quick Restart","Rare Cards Sparkle","Replay The Spire","Spicy Shops","StSLib","The Bug Knight","The Jungle"],"gold_per_floor":[112,124,124,167,127,127,147,147,170,180,194,194,194,194,194,289,289,306,319,329,179,191,191,209,209,257,257,182,214,65,165,165,276,226,256,284,284,313,347,347,347,347,372,33,52,52,52,72,72,72,72,72],"floor_reached":50,"language":"ENG","playtime":2083,"items_purged":["bronze:Fortify"],"score":627,"play_id":"331880a9-590d-486a-a4cb-5cbc47e9f4bb","local_time":"20210203200647","daily_mods":["Heirloom"],"is_ascension_mode":false,"campfire_choices":[{"floor":6,"key":"REST"},{"data":"bronze:ChosenStrike","floor":8,"key":"SMITH"},{"floor":12,"key":"REST"},{"data":"bronze:BronzeOrb","floor":15,"key":"SMITH"},{"floor":23,"key":"REST"},{"data":"bronze:OilSpill","floor":25,"key":"SMITH"},{"data":"bronze:DigitalCarnage","floor":27,"key":"SMITH"},{"floor":32,"key":"REST"},{"floor":40,"key":"DIG"},{"floor":42,"key":"REST"},{"floor":47,"key":"DIG"},{"floor":49,"key":"REST"}],"circlet_count":0,"master_deck":["bronze:Strike","bronze:Strike","bronze:Strike","bronze:Strike","bronze:Defend","bronze:Defend","bronze:Defend","bronze:Defend","bronze:Replicate","bronze:DelayedSlice","bronze:Branch","bronze:ChosenStrike+1","bronze:OilSpill+1","bronze:DigitalCarnage+1","bronze:Branch","bronze:FollowUp+1","bronze:OilSpill+1","bronze:RecursiveStrike","bronze:Strike","bronze:Branch","bronze:Branch+1"],"relics":["bronze:BronzeCore","hubris:64BitClover","aspiration:HiddenCompartment","Bronze Scales","Bag of Preparation","aspiration:VileToxins","Simple Rune","aspiration:TomeofQuesting","HollowMod:PaleOreRelic","Shovel","hubris:Metronome","infinitespire:EvilPickle","energizedSpire:HugeHouse","hubris:ToyBattleship","Busted Crown","Dream Catcher","hexamod:BolsterEngine","ReplayTheSpireMod:Lightbulb","Mango","Bag of Marbles"],"acts_visited":["Hallownest:Greenpath","TheCity","Hallownest:KingdomsEdge"],"potions_floor_usage":[16,16,33,33,33,39],"damage_taken":[{"damage":1,"enemies":"Hallownest:monsterHuskWarrior","floor":1,"turns":4},{"damage":9,"enemies":"Hallownest:2_Tiktiks_and_1_Crawlid","floor":2,"turns":7},{"damage":40,"enemies":"conspire:MimicChest","floor":4,"turns":8},{"damage":5,"enemies":"Hallownest:2_Baldur","floor":7,"turns":3},{"damage":2,"enemies":"Hallownest:Guard_and_Warrior","floor":10,"turns":3},{"damage":3,"enemies":"Hallownest:1_Baldur_1_Crawlid_1_Warrior","floor":11,"turns":3},{"damage":10,"enemies":"Hallownest:BossBrokenVessel","floor":16,"turns":6},{"damage":0,"enemies":"3 Byrds","floor":18,"turns":3},{"damage":20,"enemies":"conspire:FuzzyDice","floor":19,"turns":5},{"damage":1,"enemies":"Chosen and Byrds","floor":20,"turns":3},{"damage":0,"enemies":"3 Cultists","floor":22,"turns":4},{"damage":0,"enemies":"Cultist and Chosen","floor":24,"turns":3},{"damage":13,"enemies":"HollowMod:Nosk","floor":29,"turns":6},{"damage":5,"enemies":"Colosseum Slavers","floor":31,"turns":2},{"damage":2,"enemies":"Colosseum Nobs","floor":31,"turns":3},{"damage":20,"enemies":"Pondfish","floor":33,"turns":7},{"damage":0,"enemies":"Hallownest:3_Siblings","floor":35,"turns":3},{"damage":0,"enemies":"Hallownest:Shield_Heavy","floor":36,"turns":1},{"damage":3,"enemies":"Hallownest:Xero_Hu_Marmu","floor":38,"turns":3},{"damage":10,"enemies":"Hallownest:2_Wandering_and_1_Horned","floor":39,"turns":4},{"damage":0,"enemies":"Hallownest:monsterPrimalAspid","floor":45,"turns":2},{"damage":11,"enemies":"Hallownest:Slobbering_and_Violent","floor":48,"turns":3},{"damage":87,"enemies":"Hallownest:BossHollowKnight","floor":50,"turns":4}],"seed_played":"1700534822794231304","potions_obtained":[{"floor":4,"key":"SkillPotion"},{"floor":7,"key":"SteroidPotion"},{"floor":10,"key":"hexamod:SoulburnPotion"},{"floor":18,"key":"Ancient Potion"},{"floor":20,"key":"bronze:FreeFunctionsPotion"},{"floor":31,"key":"champ:CounterPotion"},{"floor":33,"key":"Explosive Potion"},{"floor":35,"key":"Weak Potion"},{"floor":45,"key":"SmokeBomb"}],"is_trial":true,"path_per_floor":["M","M","?","?","?","R","M","R","T","M","M","R","?","$","R","B",null,"M","M","M","$","M","R","M","R","T","R","?","E","$","?","R","B",null,"M","M","AVR","M","M","R","?","R","T","$","M","?","R","M","R","B"],"character_chosen":"THE_AUTOMATON","items_purchased":["aspiration:VileToxins","HollowMod:PaleOreRelic","Mango","bronze:Branch"],"campfire_rested":6,"item_purchase_floors":[21,30,44,44],"current_hp_per_floor":[69,60,60,20,45,66,61,61,61,59,56,70,70,70,70,60,70,70,50,49,49,49,70,70,70,70,70,70,57,57,50,70,50,65,65,65,65,62,52,52,52,65,65,79,79,79,79,68,79,0,0,0],"gold":72,"neow_bonus":"","is_daily":false,"chose_seed":false,"campfire_upgraded":4,"win_rate":0.0,"timestamp":1612411607,"path_taken":["M","M","?","?","?","R","M","R","T","?","?","R","?","$","R","BOSS","M","?","M","$","M","R","M","R","T","R","?","E","$","?","R","BOSS","M","M","AVR","M","M","R","?","R","T","$","M","?","R","M","R","BOSS"],"items_purchased_type":["Relic","Relic","Relic","Card"],"build_version":"2020-12-22","purchased_purges":1,"victory":false,"max_hp_per_floor":[70,70,70,70,70,70,70,70,70,70,70,70,70,70,70,70,70,70,70,70,70,70,70,70,70,70,70,70,70,70,70,70,70,65,65,65,65,65,65,65,65,65,65,79,79,79,79,79,79,79,79,79],"card_choices":[{"not_picked":["bronze:CutThrough","bronze:Overheat"],"picked":"bronze:BronzeOrb","floor":1},{"not_picked":["bronze:ItsAFeature","bronze:DigitalCarnage"],"picked":"bronze:DelayedSlice","floor":2},{"not_picked":["bronze:Optimize","bronze:Shield"],"picked":"bronze:Branch","floor":4},{"not_picked":["bronze:Safeguard","bronze:Virus"],"picked":"bronze:ChosenStrike","floor":7},{"not_picked":["bronze:ForLoop","bronze:FineTuning"],"picked":"bronze:OilSpill","floor":10},{"not_picked":["bronze:Iterate","bronze:Invalidate","bronze:BitShift"],"picked":"SKIP","floor":11},{"not_picked":["bronze:BitShift","bronze:Shield"],"picked":"bronze:DigitalCarnage","floor":18},{"not_picked":["bronze:Frontload","bronze:CutThrough+1"],"picked":"bronze:Branch","floor":19},{"not_picked":["bronze:BitShift","bronze:Deprecate","bronze:DarkDash+1"],"picked":"SKIP","floor":20},{"not_picked":["bronze:Overheat","bronze:Overload","bronze:CutThrough"],"picked":"SKIP","floor":22},{"not_picked":["bronze:ForLoop","bronze:Separator","bronze:SpaghettiCode"],"picked":"SKIP","floor":24},{"not_picked":["bronze:BugBarrage","bronze:CloningBeam"],"picked":"bronze:FollowUp+1","floor":29},{"not_picked":["bronze:Frontload","bronze:Philosophize"],"picked":"bronze:OilSpill+1","floor":31},{"not_picked":["bronze:AlphaBuild","bronze:Library"],"picked":"bronze:RecursiveStrike","floor":33},{"not_picked":["bronze:MaxOutput","bronze:Philosophize","bronze:CutThrough+1"],"picked":"SKIP","floor":35},{"not_picked":["bronze:Repulsor","bronze:Frontload","bronze:Iterate+1"],"picked":"SKIP","floor":36},{"not_picked":["bronze:InfiniteBeams+1"],"picked":"SKIP","floor":38},{"not_picked":["bronze:ClassDefault"],"picked":"SKIP","floor":39},{"not_picked":["bronze:FineTuning+1"],"picked":"SKIP","floor":45},{"not_picked":["bronze:DelayedSlice"],"picked":"SKIP","floor":48},{"not_picked":[],"picked":"bronze:Branch+1","floor":49}],"player_experience":185074,"relics_obtained":[{"floor":4,"key":"aspiration:HiddenCompartment"},{"floor":9,"key":"Bronze Scales"},{"floor":18,"key":"Bag of Preparation"},{"floor":26,"key":"Simple Rune"},{"floor":29,"key":"aspiration:TomeofQuesting"},{"floor":31,"key":"Shovel"},{"floor":31,"key":"hubris:Metronome"},{"floor":36,"key":"hubris:ToyBattleship"},{"floor":40,"key":"hexamod:BolsterEngine"},{"floor":43,"key":"ReplayTheSpireMod:Lightbulb"},{"floor":47,"key":"Bag of Marbles"}],"event_choices":[{"cards_removed":["bronze:Goto"],"damage_healed":0,"gold_gain":0,"player_choice":"Gave Gold","damage_taken":0,"max_hp_gain":0,"max_hp_loss":0,"event_name":"Beggar","floor":28,"gold_loss":75},{"damage_healed":0,"gold_gain":0,"player_choice":"Fight","damage_taken":0,"max_hp_gain":0,"max_hp_loss":0,"event_name":"Colosseum","floor":31,"gold_loss":0},{"damage_healed":0,"gold_gain":0,"player_choice":"Fought Nobs","damage_taken":0,"max_hp_gain":0,"max_hp_loss":0,"event_name":"Colosseum","floor":31,"gold_loss":0}],"is_beta":false,"boss_relics":[{"not_picked":["Replay:Ancient Bell","Snecko Eye","ReplayTheSpireMod:DimensionalGlitch"]},{"not_picked":["Replay:Fungal Core","Replay:Bronze Core"],"picked":"energizedSpire:HugeHouse"}],"items_purged_floors":[37],"is_endless":false,"potions_floor_spawned":[4,7,10,18,20,31,31,33,35,45],"killed_by":"Hallownest:BossHollowKnight","ascension_level":0}}