{"host":"jpcy2bclvs7juczu","time":1612405289,"event":{"mods":["Alarm Clock","BaseMod","Bestiary","Block Reminder","Colored Map","Colored Powertips","Curses Come First","Dark Map","Filter the Spire","Minty Spire (QoL Compilation)","Quick Restart","RNG Fix","Relic Stats","Slay the Relics Exporter","Smile Girya","StSLib","everything is the same but u backflip on backflip","ojb\u0027s Better Paths Mod","ojb\u0027s Info Mod","slay the spire mod where everything is the same but ironclad has a cowboy hat"],"gold_per_floor":[116,132,143,158,158,158,158,158],"floor_reached":7,"language":"ENG","playtime":264,"items_purged":[],"score":86,"play_id":"552d2335-234a-43c3-8061-3a87bd01d52a","local_time":"20210203212129","is_ascension_mode":true,"campfire_choices":[{"floor":6,"key":"REST"}],"circlet_count":0,"master_deck":["AscendersBane","Strike_B","Strike_B","Strike_B","Strike_B","Defend_B","Defend_B","Defend_B","Defend_B+1","Zap","Dualcast","Beam Cell","Glacier","Auto Shields","Cold Snap+1"],"relics":["Fusion Hammer"],"acts_visited":["Exordium"],"potions_floor_usage":[7],"damage_taken":[{"damage":2,"enemies":"Cultist","floor":1,"turns":4},{"damage":7,"enemies":"2 Louse","floor":2,"turns":4},{"damage":4,"enemies":"Small Slimes","floor":3,"turns":3},{"damage":7,"enemies":"3 Louse","floor":4,"turns":4},{"damage":45,"enemies":"Gremlin Nob","floor":7,"turns":4}],"seed_played":"-1628030818343521586","potions_obtained":[{"floor":2,"key":"Strength Potion"},{"floor":4,"key":"Fire Potion"}],"is_trial":false,"path_per_floor":["M","M","M","M","?","R","E"],"character_chosen":"DEFECT","items_purchased":[],"campfire_rested":1,"item_purchase_floors":[],"current_hp_per_floor":[62,55,51,44,23,44,0,0],"gold":158,"neow_bonus":"BOSS_RELIC","is_daily":false,"chose_seed":false,"campfire_upgraded":0,"win_rate":0.0,"timestamp":1612405289,"path_taken":["M","M","M","M","?","R","E"],"items_purchased_type":[],"build_version":"2020-12-22","purchased_purges":0,"victory":false,"max_hp_per_floor":[71,71,71,71,71,71,71,71],"relic_stats":{"counters":[5,19],"obtain_stats":[{"Fusion Hammer":0,"Cracked Core":0},{"Fusion Hammer":0,"Cracked Core":0},{"Fusion Hammer":0,"Cracked Core":0}]},"card_choices":[{"not_picked":["Genetic Algorithm","Chaos"],"picked":"Beam Cell","floor":1},{"not_picked":["Gash","Go for the Eyes"],"picked":"Glacier","floor":2},{"not_picked":["Steam","Coolheaded"],"picked":"Auto Shields","floor":3},{"not_picked":["Heatsinks","FTL"],"picked":"Cold Snap","floor":4}],"player_experience":1564866,"relics_obtained":[],"event_choices":[{"damage_healed":0,"gold_gain":0,"player_choice":"Entered Light","damage_taken":21,"max_hp_gain":0,"max_hp_loss":0,"event_name":"Shining Light","floor":5,"gold_loss":0,"cards_upgraded":["Cold Snap","Defend_B"]}],"is_beta":false,"boss_relics":[],"items_purged_floors":[],"is_endless":false,"potions_floor_spawned":[2,4],"killed_by":"Gremlin Nob","ascension_level":20}}