{"host":"bg8va46pgqgvtzim","time":1612399157,"event":{"mods":["BaseMod","Minty Spire (QoL Compilation)","Quick Restart","StSLib","SuperFastMode"],"gold_per_floor":[112,130,150,168,182,67,85,119,119,152,152,152,187,205,205,221,186,201,67,67,167,167,186,198,208,235,251,251,280,294,309,309,309,344,344,359,359,388,388,388,414,414,514,514,532,547,564,582,632,645,367,396,396,411,411,440,458,534,534,534,534,568,568,262,262,87,187,187,187,187,187,37,65,65],"floor_reached":75,"language":"ZHS","playtime":3991,"items_purged":["Strike_G","Strike_G","Defend_G","Defend_G","Defend_G"],"score":1897,"play_id":"c75d8345-de99-4a3e-8c98-ab580a0629d8","local_time":"20210204083917","is_ascension_mode":true,"campfire_choices":[{"floor":9.0,"key":"REST"},{"data":"Calculated Gamble","floor":12.0,"key":"SMITH"},{"data":"Tactician","floor":20.0,"key":"SMITH"},{"data":"Prepared","floor":37.0,"key":"SMITH"},{"data":"Well Laid Plans","floor":39.0,"key":"SMITH"},{"data":"Acrobatics","floor":42.0,"key":"SMITH"},{"data":"Prepared","floor":53.0,"key":"SMITH"},{"data":"Adrenaline","floor":61.0,"key":"SMITH"},{"data":"Tactician","floor":63.0,"key":"SMITH"},{"data":"Reflex","floor":65.0,"key":"SMITH"},{"floor":68.0,"key":"RECALL"},{"data":"Acrobatics","floor":71.0,"key":"SMITH"}],"circlet_count":0,"master_deck":["Survivor","Neutralize","Well Laid Plans+1","Slice","Blade Dance","Acrobatics+1","PiercingWail","Blade Dance","Footwork","Reflex+1","Tactician+1","Calculated Gamble+1","Acrobatics+1","Prepared+1","Accuracy+1","Tools of the Trade+1","Footwork+1","Terror+1","Escape Plan","Blur+1","Calculated Gamble+1","Setup+1","Backflip+1","Prepared+1","Tactician+1","Adrenaline+1","Slice"],"relics":["Ring of the Snake","Question Card","Potion Belt","Frozen Egg 2","HoveringKite","Red Mask","Boot","Tough Bandages","InkBottle","Nilry\u0027s Codex","Omamori","Orichalcum","Empty Cage","CaptainsWheel","Orrery","Bag of Marbles","Nunchaku","Pantograph","Gremlin Horn","Ornamental Fan","Anchor","Bronze Scales","Bird Faced Urn"],"acts_visited":["Exordium","TheCity","TheBeyond","TheEnding"],"potions_floor_usage":[74,74],"damage_taken":[{"damage":0.0,"enemies":"Cultist","floor":1.0,"turns":4.0},{"damage":0.0,"enemies":"Jaw Worm","floor":2.0,"turns":5.0},{"damage":0.0,"enemies":"2 Louse","floor":3.0,"turns":2.0},{"damage":15.0,"enemies":"Exordium Wildlife","floor":4.0,"turns":7.0},{"damage":5.0,"enemies":"2 Fungi Beasts","floor":5.0,"turns":4.0},{"damage":5.0,"enemies":"Blue Slaver","floor":7.0,"turns":4.0},{"damage":15.0,"enemies":"Lagavulin","floor":8.0,"turns":8.0},{"damage":18.0,"enemies":"Gremlin Nob","floor":10.0,"turns":4.0},{"damage":10.0,"enemies":"Lagavulin","floor":13.0,"turns":9.0},{"damage":0.0,"enemies":"Large Slime","floor":14.0,"turns":5.0},{"damage":0.0,"enemies":"Lots of Slimes","floor":16.0,"turns":9.0},{"damage":9.0,"enemies":"3 Louse","floor":18.0,"turns":3.0},{"damage":0.0,"enemies":"Hexaghost","floor":21.0,"turns":5.0},{"damage":5.0,"enemies":"2 Thieves","floor":23.0,"turns":4.0},{"damage":0.0,"enemies":"Shell Parasite","floor":24.0,"turns":4.0},{"damage":8.0,"enemies":"Snecko","floor":25.0,"turns":5.0},{"damage":4.0,"enemies":"Masked Bandits","floor":26.0,"turns":5.0},{"damage":0.0,"enemies":"Snake Plant","floor":27.0,"turns":6.0},{"damage":0.0,"enemies":"Book of Stabbing","floor":29.0,"turns":5.0},{"damage":7.0,"enemies":"Centurion and Healer","floor":30.0,"turns":5.0},{"damage":0.0,"enemies":"Sentry and Sphere","floor":31.0,"turns":4.0},{"damage":6.0,"enemies":"Slavers","floor":34.0,"turns":5.0},{"damage":0.0,"enemies":"Snecko","floor":36.0,"turns":4.0},{"damage":0.0,"enemies":"Gremlin Leader","floor":38.0,"turns":5.0},{"damage":0.0,"enemies":"Book of Stabbing","floor":41.0,"turns":3.0},{"damage":0.0,"enemies":"Champ","floor":43.0,"turns":7.0},{"damage":0.0,"enemies":"Orb Walker","floor":45.0,"turns":2.0},{"damage":0.0,"enemies":"3 Darklings","floor":46.0,"turns":2.0},{"damage":0.0,"enemies":"Transient","floor":47.0,"turns":2.0},{"damage":0.0,"enemies":"Maw","floor":48.0,"turns":3.0},{"damage":0.0,"enemies":"Mind Bloom Boss Battle","floor":49.0,"turns":3.0},{"damage":0.0,"enemies":"Jaw Worm Horde","floor":50.0,"turns":3.0},{"damage":0.0,"enemies":"Reptomancer","floor":52.0,"turns":2.0},{"damage":0.0,"enemies":"Sphere and 2 Shapes","floor":54.0,"turns":3.0},{"damage":0.0,"enemies":"Nemesis","floor":56.0,"turns":5.0},{"damage":0.0,"enemies":"3 Darklings","floor":57.0,"turns":1.0},{"damage":0.0,"enemies":"Reptomancer","floor":62.0,"turns":1.0},{"damage":0.0,"enemies":"Donu and Deca","floor":69.0,"turns":1.0},{"damage":0,"enemies":"Shield and Spear","floor":73,"turns":1},{"damage":0,"enemies":"The Heart","floor":74,"turns":4}],"seed_played":"-2932113437965337706","potions_obtained":[{"floor":2.0,"key":"Strength Potion"},{"floor":5.0,"key":"AttackPotion"},{"floor":7.0,"key":"Weak Potion"},{"floor":18.0,"key":"BlessingOfTheForge"},{"floor":21.0,"key":"Block Potion"},{"floor":24.0,"key":"Explosive Potion"},{"floor":27.0,"key":"SteroidPotion"},{"floor":29.0,"key":"Fire Potion"},{"floor":34.0,"key":"DistilledChaos"},{"floor":52.0,"key":"SkillPotion"},{"floor":62.0,"key":"Energy Potion"}],"is_trial":false,"path_per_floor":["M","M","M","M","M","$","M","E","R","E","T","R","E","M","?","M","?","M","$","R","B",null,"M","M","M","?","M","?","E","M","M","T","T","E","?","M","R","E","R","?","E","R","B",null,"M","M","M","M","?","M","$","E","R","M","?","E","M","T","T","?","R","E","R","$","R","$","?","R","B",null,"R","$","E","B",null],"character_chosen":"THE_SILENT","items_purchased":["Footwork","Accuracy+1","Orrery","Anchor","Bronze Scales"],"campfire_rested":1,"item_purchase_floors":[6,19,51,64,72],"current_hp_per_floor":[49,49,49,34,29,29,24,9,30,12,12,12,2,2,2,2,19,10,10,10,10,70,65,65,57,53,53,53,53,46,46,46,46,40,24,24,24,24,24,24,24,24,24,70,70,70,70,70,70,70,70,70,70,70,70,70,70,70,70,70,70,70,70,70,70,70,70,70,70,70,70,70,70,70],"gold":65,"neow_bonus":"TRANSFORM_TWO_CARDS","is_daily":false,"chose_seed":false,"campfire_upgraded":10,"win_rate":0.0,"timestamp":1612399157,"path_taken":["M","M","?","M","M","$","M","E","R","E","T","R","E","M","?","M","?","M","?","R","BOSS","M","M","M","?","M","?","E","M","M","T","T","E","?","M","R","E","R","?","E","R","BOSS","M","M","?","M","?","M","$","E","R","M","?","E","?","T","T","?","R","E","R","?","R","$","?","R","BOSS","R","$","E","BOSS"],"items_purchased_type":["Card","Card","Relic","Relic","Relic"],"build_version":"2020-12-22","purchased_purges":5,"victory":true,"max_hp_per_floor":[70,70,70,70,70,70,70,70,70,70,70,70,70,70,70,70,70,70,70,70,70,70,70,70,70,70,70,70,70,70,70,70,70,70,70,70,70,70,70,70,70,70,70,70,70,70,70,70,70,70,70,70,70,70,70,70,70,70,70,70,70,70,70,70,70,70,70,70,70,70,70,70,70,70],"card_choices":[{"not_picked":["Deflect","Backflip","Cloak And Dagger"],"picked":"SKIP","floor":1.0},{"not_picked":["Caltrops","Backflip"],"picked":"Blade Dance","floor":2.0},{"not_picked":["Riddle With Holes","Slice"],"picked":"Acrobatics","floor":3.0},{"not_picked":["Leg Sweep","Quick Slash","PiercingWail"],"picked":"SKIP","floor":4.0},{"not_picked":["Leg Sweep","Quick Slash"],"picked":"PiercingWail","floor":4.0},{"not_picked":["Cloak And Dagger","Predator"],"picked":"Blade Dance","floor":5.0},{"not_picked":["PiercingWail","Acrobatics"],"picked":"Reflex","floor":7.0},{"not_picked":["Quick Slash","Slice"],"picked":"Tactician","floor":8.0},{"not_picked":["PiercingWail","Escape Plan","Deadly Poison"],"picked":"Calculated Gamble","floor":10.0},{"not_picked":["Backstab","Quick Slash","Deflect"],"picked":"Acrobatics","floor":13.0},{"not_picked":["Backflip","Flying Knee","Choke","Dagger Spray"],"picked":"SKIP","floor":14.0},{"not_picked":["Dagger Throw","Outmaneuver","Riddle With Holes","Blur"],"picked":"SKIP","floor":16.0},{"not_picked":["Underhanded Strike","Riddle With Holes","Reflex"],"picked":"Prepared","floor":18.0},{"not_picked":["Venomology","Unload","Envenom+1"],"picked":"Tools of the Trade+1","floor":21.0},{"not_picked":["Reflex","Outmaneuver","Distraction"],"picked":"Footwork+1","floor":23.0},{"not_picked":["Backflip","Poisoned Stab","Prepared","Footwork+1"],"picked":"SKIP","floor":24.0},{"not_picked":["Sucker Punch+1","Deadly Poison","Dodge and Roll","Slice"],"picked":"SKIP","floor":25.0},{"not_picked":["Dodge and Roll","Grand Finale","Distraction","Outmaneuver"],"picked":"SKIP","floor":27.0},{"not_picked":["Venomology","Deflect+1","Prepared","All Out Attack"],"picked":"SKIP","floor":29.0},{"not_picked":["Noxious Fumes+1","Masterful Stab","Blade Dance","Underhanded Strike"],"picked":"SKIP","floor":30.0},{"not_picked":["Acrobatics","Dagger Throw","Quick Slash"],"picked":"Escape Plan","floor":31.0},{"not_picked":["Dagger Spray","Setup","Cloak And Dagger","Flechettes"],"picked":"SKIP","floor":34.0},{"not_picked":["Blade Dance","Setup","Deadly Poison","Terror+1"],"picked":"SKIP","floor":36.0},{"not_picked":["Cloak And Dagger","Backflip","Bullet Time","Prepared"],"picked":"SKIP","floor":38.0},{"not_picked":["Quick Slash+1","Expertise","Eviscerate","Acrobatics"],"picked":"SKIP","floor":41.0},{"not_picked":["Acrobatics+1","Deflect","Bouncing Flask+1","Bane"],"picked":"SKIP","floor":45.0},{"not_picked":["Backflip","Caltrops+1","Dagger Throw+1","Poisoned Stab"],"picked":"SKIP","floor":46.0},{"not_picked":["Poisoned Stab+1","Masterful Stab+1","Escape Plan+1"],"picked":"Blur+1","floor":47.0},{"not_picked":["Deadly Poison+1","Night Terror","Poisoned Stab"],"picked":"Calculated Gamble+1","floor":48.0},{"not_picked":["Riddle With Holes","Acrobatics","Catalyst"],"picked":"Setup+1","floor":49.0},{"not_picked":["Blur","Acrobatics+1","Setup+1"],"picked":"Backflip+1","floor":50.0},{"not_picked":["PiercingWail+1","Choke+1","Flechettes"],"picked":"Prepared","floor":51.0},{"not_picked":["Acrobatics","Noxious Fumes+1","Catalyst"],"picked":"Tactician","floor":51.0},{"not_picked":["Poisoned Stab+1","Cloak And Dagger","All Out Attack"],"picked":"Adrenaline","floor":51.0},{"not_picked":["Deadly Poison+1","Cloak And Dagger+1","Slice","PiercingWail"],"picked":"SKIP","floor":52.0},{"not_picked":["Dagger Throw","Poisoned Stab+1","Footwork+1","Deflect"],"picked":"SKIP","floor":54.0},{"not_picked":["Bouncing Flask+1","Escape Plan","Prepared","Deadly Poison"],"picked":"SKIP","floor":56.0},{"not_picked":["Flechettes","Dash+1","Masterful Stab","Blade Dance+1"],"picked":"SKIP","floor":57.0},{"not_picked":["Reflex","Slice","Doppelganger","Concentrate"],"picked":"SKIP","floor":62.0},{"not_picked":["PiercingWail+1","Blade Dance","Deadly Poison","Well Laid Plans+1"],"picked":"SKIP","floor":73}],"player_experience":2378844,"relics_obtained":[{"floor":8.0,"key":"Question Card"},{"floor":10.0,"key":"Potion Belt"},{"floor":13.0,"key":"Frozen Egg 2"},{"floor":26.0,"key":"Red Mask"},{"floor":32.0,"key":"Boot"},{"floor":33.0,"key":"Tough Bandages"},{"floor":34.0,"key":"InkBottle"},{"floor":35.0,"key":"Nilry\u0027s Codex"},{"floor":38.0,"key":"Omamori"},{"floor":41.0,"key":"Orichalcum"},{"floor":49.0,"key":"CaptainsWheel"},{"floor":52.0,"key":"Bag of Marbles"},{"floor":56.0,"key":"Nunchaku"},{"floor":58.0,"key":"Pantograph"},{"floor":59.0,"key":"Gremlin Horn"},{"floor":62.0,"key":"Ornamental Fan"},{"floor":73,"key":"Bird Faced Urn"}],"event_choices":[{"damage_healed":0.0,"max_hp_gain":0.0,"max_hp_loss":0.0,"gold_gain":0.0,"event_name":"Mushrooms","player_choice":"Fought Mushrooms","floor":15.0,"gold_loss":0.0,"damage_taken":0.0},{"damage_healed":17.0,"max_hp_gain":0.0,"max_hp_loss":0.0,"gold_gain":0.0,"event_name":"The Cleric","player_choice":"Healed","floor":17.0,"gold_loss":35.0,"damage_taken":0.0},{"damage_healed":0.0,"max_hp_gain":0.0,"max_hp_loss":0.0,"gold_gain":0.0,"event_name":"Masked Bandits","player_choice":"Fought Bandits","floor":26.0,"gold_loss":0.0,"damage_taken":0.0},{"damage_healed":0.0,"max_hp_gain":0.0,"max_hp_loss":0.0,"gold_gain":0.0,"event_name":"The Library","player_choice":"Read","floor":28.0,"gold_loss":0.0,"damage_taken":0.0,"cards_obtained":["Terror"]},{"damage_healed":0.0,"max_hp_gain":0.0,"max_hp_loss":0.0,"gold_gain":0.0,"event_name":"Cursed Tome","player_choice":"Obtained Book","floor":35.0,"gold_loss":0.0,"damage_taken":16.0},{"damage_healed":0.0,"max_hp_gain":0.0,"max_hp_loss":0.0,"gold_gain":0.0,"event_name":"Lab","player_choice":"Got Potions","floor":40.0,"gold_loss":0.0,"damage_taken":0.0},{"damage_healed":0.0,"max_hp_gain":0.0,"max_hp_loss":0.0,"gold_gain":0.0,"event_name":"MindBloom","player_choice":"Fight","floor":49.0,"gold_loss":0.0,"damage_taken":0.0},{"damage_healed":0.0,"max_hp_gain":0.0,"max_hp_loss":0.0,"gold_gain":0.0,"cards_transformed":["Defend_G"],"event_name":"Transmorgrifier","player_choice":"Transformed","floor":55.0,"gold_loss":0.0,"damage_taken":0.0,"cards_obtained":["Slice"]},{"damage_healed":0.0,"max_hp_gain":0.0,"max_hp_loss":0.0,"gold_gain":0.0,"event_name":"Accursed Blacksmith","player_choice":"Forge","floor":60.0,"gold_loss":0.0,"damage_taken":0.0,"cards_upgraded":["Terror"]},{"damage_healed":0.0,"max_hp_gain":0.0,"max_hp_loss":0.0,"gold_gain":100.0,"event_name":"Golden Shrine","player_choice":"Pray","floor":67.0,"gold_loss":0.0,"damage_taken":0.0}],"is_beta":false,"boss_relics":[{"not_picked":["Coffee Dripper","Fusion Hammer"],"picked":"HoveringKite"},{"not_picked":["WristBlade","Black Star"],"picked":"Empty Cage"}],"items_purged_floors":[6,19,51,64,66],"is_endless":false,"potions_floor_spawned":[2,5,7,18,21,24,27,29,34,41,47,52,62],"ascension_level":1}}