{"host":"gc6vr5n3q8f0hswe","time":1612461095,"event":{"mods":["Act Like it!","Aspiration","BaseMod","Better Altar","Better Sensory Stone","Better Third Choice","Block Reminder","Conspire","Fox Events","Gensokyo","Hallownest","Highlight Path","Hubris","Infinite Spire","Jedi Mod","Lobotomy","LobotomyExtend","MarisaÅiñ∂âJÅ@ñÇóùçπÅj","Minty Spire (QoL Compilation)","Pale of the Ancients","Relic Stats","Reliquary","Replay The Spire","Somnambulant","StSLib","The Alterego","The Blue Laboratory","The Bug Knight","The Jungle","The Poker Player","The Wild Card","Uncapped","Wandering Minibosses"],"gold_per_floor":[111,111,127,127,144,144,160,206,206,11,28,28,28,47,62,295,295,398,398,409,409,409,409,409,435,435,435,435,453,479,479,479],"floor_reached":31,"language":"ENG","playtime":1133,"items_purged":[],"score":298,"play_id":"67fbc599-f7a9-4553-b3f6-83818ee56458","local_time":"20210204175135","is_ascension_mode":false,"campfire_choices":[{"data":"Predator","floor":6.0,"key":"SMITH"},{"data":"Replay:Battleflow","floor":17.0,"key":"SMITH"},{"data":"Vengeance+1","floor":26.0,"key":"SMITH"}],"circlet_count":0,"master_deck":["Strike_P","Defend_P","Defend_P","Defend_P","Defend_P","Eruption","Vigilance","Replay:Battleflow+1","FlurryOfBlows","Riddle With Holes","Predator+1","Poisoned Stab","FlurryOfBlows","Replay:Hum","Prostrate","Pray+1","ClearTheMind","Brilliance","DevaForm","Vengeance+2"],"relics":["jedi:hotpepper","LetterFromLob","Gensokyo:CelestialsFlawlessClothing","HollowMod:PaleOreRelic","reliquary:PorcupineQuills","reliquary:RosewoodLute","conspire:DecoderRing","conspire:DeflatedDodgeball","conspire:InfiniteJournal","Busted Crown","Replay:Blank Codex","Orichalcum","Replay:Baseball","aspiration:StickyExplosives_weak","Replay:Bottled Snecko","StoneCalendar"],"acts_visited":["Exordium","TheCity"],"potions_floor_usage":[],"damage_taken":[{"damage":0.0,"enemies":"Gensokyo:Python","floor":1.0,"turns":4.0},{"damage":0.0,"enemies":"Gensokyo:Gryphon","floor":3.0,"turns":2.0},{"damage":0.0,"enemies":"Gensokyo:3_Fairies","floor":5.0,"turns":2.0},{"damage":0.0,"enemies":"Gensokyo:3_Kodama","floor":7.0,"turns":3.0},{"damage":0.0,"enemies":"Gensokyo:LivingMonolith","floor":11.0,"turns":2.0},{"damage":4.0,"enemies":"Gensokyo:Gryphon_and_Rabbit","floor":14.0,"turns":3.0},{"damage":0.0,"enemies":"Gensokyo:Kitsune","floor":15.0,"turns":3.0},{"damage":24.0,"enemies":"Gensokyo:Mamizou","floor":16.0,"turns":6.0},{"damage":22.0,"enemies":"Gensokyo:Kokoro","floor":18.0,"turns":8.0},{"damage":21.0,"enemies":"Chosen","floor":20.0,"turns":6.0},{"damage":0.0,"enemies":"Gremlin Leader","floor":25.0,"turns":2.0},{"damage":0.0,"enemies":"2 Thieves","floor":29.0,"turns":3.0},{"damage":12.0,"enemies":"Nightmare","floor":30.0,"turns":6.0},{"damage":75,"enemies":"Snake Plant","floor":31,"turns":5}],"seed_played":"7810226766263291505","potions_obtained":[{"floor":3.0,"key":"SpeedPotion"},{"floor":5.0,"key":"blueLaboratory:SavagePotion"},{"floor":8.0,"key":"blueLaboratory:Moonshine"},{"floor":20.0,"key":"Ambrosia"},{"floor":25.0,"key":"blueLaboratory:BottleOfVodka"}],"is_trial":false,"path_per_floor":["M","?","M","?","M","R","M","?","T","COS","M","PTL","PTL","M","M","E","R","B",null,"M","?","?","T","T","E","R","?","T","M","NM","M"],"character_chosen":"WATCHER","items_purchased":[],"campfire_rested":0,"item_purchase_floors":[],"current_hp_per_floor":[54,41,41,41,41,41,41,20,20,20,20,20,20,16,16,54,54,32,54,33,17,17,17,17,17,17,17,17,17,15,0,0],"gold":479,"neow_bonus":"BOSS_RELIC","is_daily":false,"chose_seed":false,"campfire_upgraded":3,"win_rate":0.0,"timestamp":1612461095,"path_taken":["M","?","M","?","?","R","M","?","T","COS","M","PTL","PTL","M","M","E","R","BOSS","M","?","?","?","?","E","R","?","T","M","NM","?"],"items_purchased_type":[],"build_version":"2020-12-22","purchased_purges":0,"victory":false,"max_hp_per_floor":[54,54,54,54,54,54,54,54,54,54,54,54,54,54,54,54,54,54,54,54,54,54,54,54,54,54,54,54,54,54,54,54],"relic_stats":{"Busted Crown":12,"counters":[14,55],"StoneCalendar":[0],"Orichalcum":[12],"obtain_stats":[{"StoneCalendar":30,"Gensokyo:CelestialsFlawlessClothing":2,"reliquary:RosewoodLute":14,"Orichalcum":23,"conspire:InfiniteJournal":18,"aspiration:StickyExplosives_weak":25,"Replay:Baseball":24,"reliquary:PorcupineQuills":9,"Busted Crown":19,"jedi:hotpepper":0,"conspire:DecoderRing":16,"LetterFromLob":1,"HollowMod:PaleOreRelic":8,"Replay:Bottled Snecko":28,"PureWater":0,"conspire:DeflatedDodgeball":16,"Replay:Blank Codex":21},{"StoneCalendar":13,"Gensokyo:CelestialsFlawlessClothing":1,"reliquary:RosewoodLute":6,"Orichalcum":10,"conspire:InfiniteJournal":9,"aspiration:StickyExplosives_weak":11,"Replay:Baseball":10,"reliquary:PorcupineQuills":4,"Busted Crown":9,"jedi:hotpepper":0,"conspire:DecoderRing":8,"LetterFromLob":1,"HollowMod:PaleOreRelic":4,"Replay:Bottled Snecko":11,"PureWater":0,"conspire:DeflatedDodgeball":8,"Replay:Blank Codex":10},{"StoneCalendar":50,"Gensokyo:CelestialsFlawlessClothing":4,"reliquary:RosewoodLute":15,"Orichalcum":39,"conspire:InfiniteJournal":29,"aspiration:StickyExplosives_weak":41,"Replay:Baseball":39,"reliquary:PorcupineQuills":11,"Busted Crown":33,"jedi:hotpepper":0,"conspire:DecoderRing":20,"LetterFromLob":4,"HollowMod:PaleOreRelic":11,"Replay:Bottled Snecko":41,"PureWater":0,"conspire:DeflatedDodgeball":25,"Replay:Blank Codex":39}]},"card_choices":[{"not_picked":["Consecrate","Replay:BluntJabs"],"picked":"Replay:Battleflow","floor":1.0},{"not_picked":["CarveReality","Replay:BluntJabs"],"picked":"FlurryOfBlows","floor":3.0},{"not_picked":["FollowUp","Replay:ManipulateFuture"],"picked":"FlurryOfBlows","floor":5.0},{"not_picked":["InnerPeace","BowlingBash"],"picked":"Replay:Hum","floor":7.0},{"not_picked":["Vengeance","ClearTheMind"],"picked":"Prostrate","floor":8.0},{"not_picked":["Protect","LessonLearned"],"picked":"Pray","floor":11.0},{"not_picked":["Replay:ManipulateFuture","PathToVictory","EmptyMind"],"picked":"SKIP","floor":14.0},{"not_picked":["Replay:ManipulateFuture","ThirdEye"],"picked":"ClearTheMind","floor":15.0},{"not_picked":["Consecrate","BowlingBash"],"picked":"Brilliance","floor":16.0},{"not_picked":["Establishment","DeusExMachina"],"picked":"DevaForm","floor":18.0},{"not_picked":[],"picked":"Vengeance+1","floor":20.0},{"not_picked":["ClearTheMind"],"picked":"SKIP","floor":25.0},{"not_picked":["FollowUp+1"],"picked":"SKIP","floor":29.0},{"not_picked":["Consecrate"],"picked":"SKIP","floor":30.0}],"player_experience":464890,"relics_obtained":[{"floor":1.0,"key":"LetterFromLob"},{"floor":8.0,"key":"HollowMod:PaleOreRelic"},{"floor":9.0,"key":"reliquary:PorcupineQuills"},{"floor":16.0,"key":"conspire:DeflatedDodgeball"},{"floor":21.0,"key":"Replay:Blank Codex"},{"floor":23.0,"key":"Orichalcum"},{"floor":24.0,"key":"Replay:Baseball"},{"floor":25.0,"key":"aspiration:StickyExplosives_weak"},{"floor":28.0,"key":"Replay:Bottled Snecko"},{"floor":30.0,"key":"StoneCalendar"}],"event_choices":[{"damage_healed":0.0,"max_hp_gain":0.0,"max_hp_loss":0.0,"gold_gain":0.0,"event_name":"Cursed Tome","player_choice":"Obtained Book","floor":21.0,"gold_loss":0.0,"damage_taken":16.0},{"damage_healed":0.0,"max_hp_gain":0.0,"max_hp_loss":0.0,"gold_gain":0.0,"event_name":"Ghosts","player_choice":"Ignored","floor":22.0,"gold_loss":0.0,"damage_taken":0.0},{"damage_healed":0.0,"max_hp_gain":0.0,"max_hp_loss":0.0,"gold_gain":0.0,"event_name":"Upgrade Shrine","player_choice":"Upgraded","floor":27.0,"gold_loss":0.0,"damage_taken":0.0,"cards_upgraded":["Pray"]}],"is_beta":false,"boss_relics":[{"not_picked":["Pandora\u0027s Box","Empty Cage"],"picked":"Busted Crown"}],"items_purged_floors":[],"is_endless":false,"potions_floor_spawned":[3,5,15,20,25],"killed_by":"Snake Plant","ascension_level":0}}