{"host":"3y2rtlgteqp2nuo3","time":1612454959,"event":{"mods":["2.2 Compatiblity","AchievementEnabler","BaseMod","Colored Map","DeckTracker","Highlight Path","Keyboard Shortcuts","Minty Spire (QoL Compilation)","Permanent Neow","Quick Restart","StSLib","SuperFastMode","everything is the same but u backflip on backflip"],"gold_per_floor":[116,28,45,64,78,78,112,112,135,154,167,179,63,82,82,156,156,176,176,176,192,206,206,206,221,221,221,250,265,280,280,280],"floor_reached":31,"language":"KOR","playtime":699,"items_purged":["Strike_B"],"score":473,"play_id":"95e0b3bb-c85c-413a-8ed4-411a5229bf9b","local_time":"20210205010919","is_ascension_mode":true,"campfire_choices":[{"data":"Defragment","floor":6.0,"key":"SMITH"},{"data":"Doom and Gloom","floor":8.0,"key":"SMITH"},{"data":"Zap","floor":15.0,"key":"SMITH"},{"floor":23.0,"key":"REST"},{"floor":27.0,"key":"REST"}],"circlet_count":0,"master_deck":["AscendersBane","Zap+1","Dualcast","Rainbow","Doom and Gloom+1","Cold Snap","Defragment+1","Glacier","Sweeping Beam","Hologram","Skim","Rebound","BootSequence","Chaos","Go for the Eyes","Core Surge","Defragment","Electrodynamics","Recycle","Beam Cell","Redo","FTL+1","Coolheaded","Ball Lightning","Chill","Lockon","Conserve Battery"],"relics":["Cracked Core","Happy Flower","Nunchaku","Pandora\u0027s Box","Akabeko","Tiny Chest"],"acts_visited":["Exordium","TheCity"],"potions_floor_usage":[31],"damage_taken":[{"damage":0.0,"enemies":"Cultist","floor":1.0,"turns":3.0},{"damage":5.0,"enemies":"Jaw Worm","floor":3.0,"turns":3.0},{"damage":0.0,"enemies":"2 Louse","floor":4.0,"turns":3.0},{"damage":0.0,"enemies":"Exordium Wildlife","floor":5.0,"turns":4.0},{"damage":6.0,"enemies":"Lagavulin","floor":7.0,"turns":5.0},{"damage":6.0,"enemies":"2 Fungi Beasts","floor":10.0,"turns":3.0},{"damage":11.0,"enemies":"Lots of Slimes","floor":11.0,"turns":2.0},{"damage":17.0,"enemies":"3 Louse","floor":12.0,"turns":3.0},{"damage":0.0,"enemies":"2 Fungi Beasts","floor":14.0,"turns":3.0},{"damage":17.0,"enemies":"Hexaghost","floor":16.0,"turns":10.0},{"damage":0.0,"enemies":"3 Byrds","floor":18.0,"turns":2.0},{"damage":21.0,"enemies":"2 Thieves","floor":21.0,"turns":4.0},{"damage":10.0,"enemies":"Centurion and Healer","floor":22.0,"turns":7.0},{"damage":12.0,"enemies":"Snake Plant","floor":25.0,"turns":4.0},{"damage":29.0,"enemies":"Slavers","floor":28.0,"turns":4.0},{"damage":17.0,"enemies":"Shelled Parasite and Fungi","floor":29.0,"turns":5.0},{"damage":1,"enemies":"Cultist and Chosen","floor":30,"turns":4},{"damage":4,"enemies":"Snake Plant","floor":31,"turns":1}],"seed_played":"7859159804997301009","potions_obtained":[{"floor":3.0,"key":"Fruit Juice"},{"floor":4.0,"key":"FocusPotion"},{"floor":10.0,"key":"DistilledChaos"},{"floor":12.0,"key":"GamblersBrew"}],"is_trial":false,"path_per_floor":["M","$","M","M","M","R","E","R","T","M","M","M","$","M","R","B",null,"M","?","?","M","M","R","?","M","T","R","E","M","M","M"],"character_chosen":"DEFECT","items_purchased":["Defragment","Chaos"],"campfire_rested":2,"item_purchase_floors":[2,13],"current_hp_per_floor":[64,64,64,64,64,64,58,58,58,52,41,24,24,24,24,7,54,54,54,54,33,23,43,43,31,31,51,22,5,4,0,0],"gold":280,"neow_bonus":"TRANSFORM_TWO_CARDS","is_daily":false,"chose_seed":false,"campfire_upgraded":3,"win_rate":0.0,"timestamp":1612454959,"path_taken":["M","$","M","?","M","R","E","R","T","M","M","M","$","M","R","BOSS","M","?","?","M","M","R","?","M","T","R","E","M","M","M"],"items_purchased_type":["Card","Card"],"build_version":"2020-12-22","purchased_purges":1,"victory":false,"max_hp_per_floor":[64,64,69,69,69,69,69,69,69,69,69,69,69,69,69,69,69,69,69,69,69,69,69,69,69,69,69,69,69,69,69,69],"card_choices":[{"not_picked":["Barrage","Recycle"],"picked":"Cold Snap","floor":1.0},{"not_picked":["Darkness","Streamline"],"picked":"Glacier","floor":3.0},{"not_picked":["Conserve Battery","Loop"],"picked":"Sweeping Beam","floor":4.0},{"not_picked":["Steam","Gash"],"picked":"Hologram","floor":5.0},{"not_picked":["Turbo","Undo"],"picked":"Skim","floor":7.0},{"not_picked":["Steam","Barrage"],"picked":"Rebound","floor":10.0},{"not_picked":["Stack","Barrage","Hologram"],"picked":"SKIP","floor":11.0},{"not_picked":["Double Energy","Undo"],"picked":"BootSequence","floor":12.0},{"not_picked":["Hyperbeam","Rebound"],"picked":"Go for the Eyes","floor":14.0},{"not_picked":["Amplify","Creative AI"],"picked":"Core Surge","floor":16.0},{"not_picked":["Barrage+1","White Noise"],"picked":"FTL+1","floor":18.0},{"not_picked":["Loop","Doom and Gloom"],"picked":"Ball Lightning","floor":21.0},{"not_picked":["Redo","Sunder"],"picked":"Chill","floor":22.0},{"not_picked":["Gash+1","Skim"],"picked":"Lockon","floor":25.0},{"not_picked":["Steam Power","Scrape","Melter"],"picked":"SKIP","floor":28.0},{"not_picked":["Tempest","Sunder","Scrape"],"picked":"SKIP","floor":29.0},{"not_picked":["Beam Cell","Skim"],"picked":"Conserve Battery","floor":30}],"player_experience":754789,"relics_obtained":[{"floor":7.0,"key":"Happy Flower"},{"floor":9.0,"key":"Nunchaku"},{"floor":26.0,"key":"Akabeko"},{"floor":28.0,"key":"Tiny Chest"}],"event_choices":[{"damage_healed":0.0,"max_hp_gain":0.0,"max_hp_loss":0.0,"gold_gain":0.0,"event_name":"Vampires","player_choice":"Ignored","floor":19.0,"gold_loss":0.0,"damage_taken":0.0},{"damage_healed":0.0,"max_hp_gain":0.0,"max_hp_loss":0.0,"gold_gain":0.0,"event_name":"The Library","player_choice":"Read","floor":20.0,"gold_loss":0.0,"damage_taken":0.0,"cards_obtained":["Coolheaded"]},{"damage_healed":0.0,"max_hp_gain":0.0,"max_hp_loss":0.0,"gold_gain":0.0,"event_name":"Ghosts","player_choice":"Ignored","floor":24.0,"gold_loss":0.0,"damage_taken":0.0}],"is_beta":false,"boss_relics":[{"not_picked":["Tiny House","Inserter"],"picked":"Pandora\u0027s Box"}],"items_purged_floors":[13],"is_endless":false,"potions_floor_spawned":[3,4,10,12,18,21],"killed_by":"Snake Plant","ascension_level":16}}