{"host":"lwpvkgc6ydwupigp","time":1612477645,"event":{"mods":["AchievementEnabler","BaseMod","Bestiary","Minty Spire (QoL Compilation)","Quick Restart","Relic Stats"],"gold_per_floor":[109,122,134,134,145,177,189,189,189,189,189,202,55,72,72,173,173,192,192,212,212,230,249,276,276,276,276,294,31,31,48,48,152,202,215,229,246,346,361,361,376,376,455,455,455,472,472,523,523,523,523],"floor_reached":50,"language":"ENG","playtime":6138,"items_purged":["Doubt"],"score":517,"play_id":"8129979b-0cc0-41aa-bb16-e074bd015ded","local_time":"20210204232725","is_ascension_mode":false,"campfire_choices":[{"floor":11.0,"key":"REST"},{"floor":15.0,"key":"REST"},{"floor":27,"key":"REST"},{"data":"Die Die Die","floor":30,"key":"SMITH"},{"data":"Blade Dance","floor":32,"key":"SMITH"},{"floor":40,"key":"REST"},{"floor":42,"key":"REST"},{"data":"Finisher","floor":45,"key":"SMITH"},{"floor":47,"key":"REST"},{"floor":49,"key":"REST"}],"circlet_count":0,"master_deck":["Strike_G","Strike_G","Strike_G","Strike_G","Strike_G","Defend_G","Defend_G","Defend_G","Defend_G","Defend_G","Survivor","Neutralize","Deadly Poison","Catalyst","Sucker Punch","PiercingWail","Cloak And Dagger","Accuracy","Cloak And Dagger","Dagger Spray","Slice","Glass Knife","Backstab","Leg Sweep","Jack Of All Trades","Blade Dance+1","Die Die Die+1","Shame","All Out Attack","Finisher+1","Footwork","Outmaneuver","Die Die Die+1","Blade Dance+1","Choke+1","Poisoned Stab+1","Dodge and Roll+1","Dagger Spray+1","Underhanded Strike+1","Bane+1","Flying Knee+1","Decay","Flying Knee+1","Riddle With Holes+1","Backflip","Deadly Poison"],"relics":["Ring of the Snake","WarpedTongs","Ancient Tea Set","White Beast Statue","Dream Catcher","Cursed Key","Spirit Poop","Strawberry","Eternal Feather","Anchor","Tiny House","Pantograph","Unceasing Top"],"acts_visited":["Exordium","TheCity","TheBeyond"],"potions_floor_usage":[33,35,39,39],"damage_taken":[{"damage":0.0,"enemies":"Cultist","floor":1.0,"turns":5.0},{"damage":2.0,"enemies":"Jaw Worm","floor":2.0,"turns":5.0},{"damage":2.0,"enemies":"Small Slimes","floor":3.0,"turns":3.0},{"damage":26.0,"enemies":"Gremlin Gang","floor":5.0,"turns":7.0},{"damage":21.0,"enemies":"Gremlin Nob","floor":6.0,"turns":5.0},{"damage":7.0,"enemies":"Large Slime","floor":7.0,"turns":9.0},{"damage":8.0,"enemies":"Blue Slaver","floor":12.0,"turns":3.0},{"damage":3.0,"enemies":"3 Louse","floor":14.0,"turns":4.0},{"damage":36.0,"enemies":"Hexaghost","floor":16.0,"turns":11.0},{"damage":16.0,"enemies":"Chosen","floor":18.0,"turns":5.0},{"damage":1.0,"enemies":"Shell Parasite","floor":20.0,"turns":5.0},{"damage":4.0,"enemies":"Snecko","floor":22.0,"turns":7.0},{"damage":2,"enemies":"Snake Plant","floor":23,"turns":5},{"damage":16,"enemies":"Slavers","floor":24,"turns":4},{"damage":10,"enemies":"Centurion and Healer","floor":28,"turns":3},{"damage":0,"enemies":"Cultist and Chosen","floor":31,"turns":5},{"damage":81,"enemies":"Automaton","floor":33,"turns":12},{"damage":51,"enemies":"3 Shapes","floor":35,"turns":3},{"damage":3,"enemies":"Orb Walker","floor":36,"turns":3},{"damage":4,"enemies":"3 Darklings","floor":37,"turns":4},{"damage":33,"enemies":"Maw","floor":39,"turns":9},{"damage":0,"enemies":"4 Shapes","floor":41,"turns":3},{"damage":30,"enemies":"Sphere and 2 Shapes","floor":46,"turns":4},{"damage":14,"enemies":"2 Orb Walkers","floor":48,"turns":4},{"damage":105,"enemies":"Donu and Deca","floor":50,"turns":6}],"seed_played":"5838726786180662355","potions_obtained":[{"floor":2.0,"key":"EssenceOfSteel"},{"floor":5.0,"key":"Weak Potion"},{"floor":6.0,"key":"Swift Potion"},{"floor":7.0,"key":"Dexterity Potion"},{"floor":12.0,"key":"BlessingOfTheForge"},{"floor":14.0,"key":"Energy Potion"},{"floor":16.0,"key":"GhostInAJar"},{"floor":20.0,"key":"Fruit Juice"},{"floor":34,"key":"Regen Potion"},{"floor":35,"key":"Fire Potion"},{"floor":48,"key":"Dexterity Potion"}],"is_trial":false,"path_per_floor":["M","M","M","?","M","E","M","$","T","?","R","M","$","M","R","B",null,"M","?","M","?","M","M","E","$","T","R","M","$","R","M","R","B",null,"M","M","M","?","M","R","M","R","T","?","R","M","R","?","R","B"],"character_chosen":"THE_SILENT","items_purchased":["Dream Catcher","Anchor","Footwork"],"campfire_rested":7,"item_purchase_floors":[13,29,29],"current_hp_per_floor":[77,75,73,73,47,26,19,19,19,19,42,34,34,31,54,18,77,61,61,60,60,56,54,45,45,45,84,74,74,84,84,84,3,89,43,40,36,36,18,67,67,94,94,94,94,64,94,80,94,0,0],"gold":523,"neow_bonus":"TEN_PERCENT_HP_BONUS","is_daily":false,"chose_seed":false,"campfire_upgraded":3,"win_rate":0.0,"timestamp":1612477645,"path_taken":["M","M","M","?","?","E","M","?","T","?","R","M","$","M","R","BOSS","M","?","?","?","M","?","E","$","T","R","M","$","R","M","R","BOSS","M","M","M","?","?","R","M","R","T","?","R","M","R","?","R","BOSS"],"items_purchased_type":["Relic","Relic","Card"],"build_version":"2020-12-22","purchased_purges":1,"victory":false,"max_hp_per_floor":[77,77,77,77,77,77,77,77,77,77,77,77,77,77,77,77,77,77,77,77,77,77,77,84,84,84,84,84,84,84,84,84,84,89,94,94,94,94,94,94,94,94,94,94,94,94,94,94,94,94,94],"relic_stats":{"Dream Catcher":6,"counters":[25,134],"Pantograph":0,"Eternal Feather":111,"Cursed Key":2,"obtain_stats":[{"Tiny House":34,"Spirit Poop":19,"Eternal Feather":26,"Ancient Tea Set":6,"Cursed Key":17,"White Beast Statue":9,"WarpedTongs":4,"Dream Catcher":13,"Anchor":29,"Strawberry":24,"Pantograph":43,"Unceasing Top":48,"Ring of the Snake":0},{"Tiny House":17,"Spirit Poop":10,"Eternal Feather":14,"Ancient Tea Set":5,"Cursed Key":9,"White Beast Statue":6,"WarpedTongs":3,"Dream Catcher":7,"Anchor":15,"Strawberry":14,"Pantograph":22,"Unceasing Top":24,"Ring of the Snake":0},{"Tiny House":98,"Spirit Poop":57,"Eternal Feather":78,"Ancient Tea Set":25,"Cursed Key":52,"White Beast Statue":34,"WarpedTongs":13,"Dream Catcher":37,"Anchor":81,"Strawberry":78,"Pantograph":120,"Unceasing Top":128,"Ring of the Snake":0}],"Unceasing Top":[3],"Ring of the Snake":[50],"WarpedTongs":[121]},"card_choices":[{"not_picked":["Deflect","Blur"],"picked":"Deadly Poison","floor":1.0},{"not_picked":["Calculated Gamble","Leg Sweep"],"picked":"Catalyst","floor":2.0},{"not_picked":["Catalyst","Quick Slash"],"picked":"Sucker Punch","floor":3.0},{"not_picked":["Dash","Heel Hook"],"picked":"PiercingWail","floor":5.0},{"not_picked":["Catalyst","Prepared"],"picked":"Cloak And Dagger","floor":6.0},{"not_picked":["Well Laid Plans","Doppelganger"],"picked":"Accuracy","floor":7.0},{"not_picked":["Backflip","Sucker Punch"],"picked":"Cloak And Dagger","floor":12.0},{"not_picked":["Deadly Poison","Flying Knee"],"picked":"Dagger Spray","floor":14.0},{"not_picked":["Underhanded Strike","PiercingWail"],"picked":"Slice","floor":15.0},{"not_picked":["Tools of the Trade","Wraith Form v2"],"picked":"Glass Knife","floor":16.0},{"not_picked":["Deflect+1","Acrobatics"],"picked":"Backstab","floor":18.0},{"not_picked":["Eviscerate","Cloak And Dagger"],"picked":"Leg Sweep","floor":20.0},{"not_picked":["Poisoned Stab","Dodge and Roll"],"picked":"Blade Dance","floor":22.0},{"not_picked":["Endless Agony","Dagger Throw"],"picked":"Deadly Poison+1","floor":23},{"not_picked":["Dodge and Roll","Deflect"],"picked":"Die Die Die","floor":24},{"not_picked":["Backstab","Masterful Stab+1"],"picked":"All Out Attack","floor":27},{"not_picked":["Deadly Poison+1","Slice"],"picked":"Finisher","floor":28},{"not_picked":["Dagger Spray","Distraction"],"picked":"Outmaneuver","floor":31},{"not_picked":["Wraith Form v2","Doppelganger"],"picked":"Die Die Die","floor":33},{"not_picked":["Slice","Prepared+1"],"picked":"Blade Dance+1","floor":34},{"not_picked":["PiercingWail","Noxious Fumes"],"picked":"Choke+1","floor":35},{"not_picked":["Expertise+1","Flying Knee"],"picked":"Poisoned Stab+1","floor":36},{"not_picked":["Cloak And Dagger","Flechettes"],"picked":"Dodge and Roll+1","floor":37},{"not_picked":["Slice+1","Calculated Gamble+1"],"picked":"Dagger Spray+1","floor":39},{"not_picked":["Well Laid Plans","Backflip+1"],"picked":"Underhanded Strike+1","floor":40},{"not_picked":["Backflip","Deadly Poison+1"],"picked":"Bane+1","floor":41},{"not_picked":["Malaise","Prepared+1"],"picked":"Flying Knee+1","floor":42},{"not_picked":["Outmaneuver","Dagger Throw"],"picked":"Flying Knee+1","floor":46},{"not_picked":["Calculated Gamble+1","Slice+1"],"picked":"Riddle With Holes+1","floor":47},{"not_picked":["Deadly Poison","Heel Hook"],"picked":"Backflip","floor":48},{"not_picked":["Dagger Throw","Skewer"],"picked":"Deadly Poison","floor":49}],"player_experience":39964,"relics_obtained":[{"floor":6.0,"key":"Ancient Tea Set"},{"floor":9.0,"key":"White Beast Statue"},{"floor":24,"key":"Strawberry"},{"floor":26,"key":"Eternal Feather"},{"floor":43,"key":"Pantograph"},{"floor":48,"key":"Unceasing Top"}],"event_choices":[{"damage_healed":0.0,"max_hp_gain":0.0,"max_hp_loss":0.0,"gold_gain":0.0,"event_name":"Accursed Blacksmith","player_choice":"Rummage","floor":4.0,"gold_loss":0.0,"damage_taken":0.0,"relics_obtained":["WarpedTongs"],"cards_obtained":["Pain"]},{"damage_healed":0.0,"max_hp_gain":0.0,"max_hp_loss":0.0,"gold_gain":0.0,"event_name":"Dead Adventurer","player_choice":"Searched \u00270\u0027 times","floor":10.0,"gold_loss":0.0,"damage_taken":0.0},{"cards_removed":["Pain"],"damage_healed":0.0,"max_hp_gain":0.0,"max_hp_loss":0.0,"gold_gain":0.0,"event_name":"Bonfire Elementals","player_choice":"Offered Curse","floor":19.0,"gold_loss":0.0,"damage_taken":0.0,"relics_obtained":["Spirit Poop"]},{"damage_healed":0.0,"max_hp_gain":0.0,"max_hp_loss":0.0,"gold_gain":0.0,"event_name":"Match and Keep!","player_choice":"2 cards matched","floor":21.0,"gold_loss":0.0,"damage_taken":0.0,"cards_obtained":["Jack Of All Trades","Doubt"]},{"damage_healed":0,"gold_gain":100,"player_choice":"Pray","damage_taken":0,"max_hp_gain":0,"max_hp_loss":0,"event_name":"Golden Shrine","floor":38,"gold_loss":0},{"cards_removed":["Deadly Poison"],"damage_healed":0,"gold_gain":0,"player_choice":"Removed Skill","damage_taken":0,"max_hp_gain":0,"max_hp_loss":0,"event_name":"Falling","floor":44,"gold_loss":0},{"damage_healed":0,"gold_gain":0,"player_choice":"Fight","damage_taken":0,"max_hp_gain":0,"max_hp_loss":0,"event_name":"Mysterious Sphere","floor":48,"gold_loss":0}],"is_beta":false,"boss_relics":[{"not_picked":["Sozu","Runic Dome"],"picked":"Cursed Key"},{"not_picked":["Runic Pyramid","SlaversCollar"],"picked":"Tiny House"}],"items_purged_floors":[29],"is_endless":false,"potions_floor_spawned":[2,5,6,7,12,14,16,18,20,22,23,24,28,31,33,35,36,37,39,41,46,48],"killed_by":"Donu and Deca","ascension_level":0}}