{"host":"2se5dq1do2gp0x9k","time":1612414337,"event":{"mods":["AchievementEnabler","BaseMod","Block Reminder","Colored Map","Colored Powertips","Minty Spire (QoL Compilation)","Relic Stats","StSLib","SuperFastMode"],"gold_per_floor":[112,112,125,125,143,143,175,185,231,231,231,274,274,297,297,386,386,402,402,92,106,106,106,106],"floor_reached":23,"language":"ENG","playtime":652,"items_purged":["Strike_B"],"score":398,"play_id":"ea8a26ff-a700-4df4-b6d0-e2b39b258e5c","local_time":"20210203205217","is_ascension_mode":true,"campfire_choices":[{"data":"Hyperbeam","floor":6,"key":"SMITH"},{"data":"Seek","floor":10,"key":"SMITH"},{"data":"Conserve Battery","floor":13,"key":"SMITH"},{"data":"Fusion","floor":15,"key":"SMITH"}],"circlet_count":0,"master_deck":["AscendersBane","Strike_B","Strike_B","Defend_B","Defend_B","Defend_B","Defend_B","Dualcast","Chaos","Hyperbeam+1","Conserve Battery+1","BootSequence","Seek+1","Rebound","Echo Form","Fusion+1","Buffer","Beam Cell","Meteor Strike","Hyperbeam","Meteor Strike","Leap"],"relics":["Cracked Core","NeowsBlessing","Bottled Flame","Toy Ornithopter","Golden Idol","Art of War","Empty Cage"],"acts_visited":["Exordium","TheCity"],"potions_floor_usage":[23],"damage_taken":[{"damage":0,"enemies":"2 Louse","floor":1,"turns":1},{"damage":0,"enemies":"Cultist","floor":3,"turns":1},{"damage":0,"enemies":"Small Slimes","floor":5,"turns":1},{"damage":13,"enemies":"Lagavulin","floor":7,"turns":6},{"damage":0,"enemies":"2 Fungi Beasts","floor":8,"turns":1},{"damage":8,"enemies":"Gremlin Nob","floor":12,"turns":3},{"damage":0,"enemies":"Gremlin Gang","floor":14,"turns":1},{"damage":25,"enemies":"The Guardian","floor":16,"turns":13},{"damage":16,"enemies":"Spheric Guardian","floor":18,"turns":6},{"damage":1,"enemies":"2 Thieves","floor":21,"turns":4},{"damage":79,"enemies":"Book of Stabbing","floor":23,"turns":6}],"seed_played":"-7358485942856050211","potions_obtained":[{"floor":1,"key":"Ancient Potion"},{"floor":3,"key":"DistilledChaos"}],"is_trial":false,"path_per_floor":["M","?","M","?","M","R","E","M","T","R","?","E","R","M","R","B",null,"M","?","$","M","?","E"],"character_chosen":"DEFECT","items_purchased":["Hyperbeam","Meteor Strike"],"campfire_rested":0,"item_purchase_floors":[20,20],"current_hp_per_floor":[64,64,64,69,69,69,56,56,56,56,56,48,48,48,48,23,58,42,42,42,41,69,0,0],"gold":106,"neow_bonus":"THREE_ENEMY_KILL","is_daily":false,"chose_seed":false,"campfire_upgraded":4,"win_rate":0.0,"timestamp":1612414337,"path_taken":["M","?","?","?","M","R","E","M","T","R","?","E","R","M","R","BOSS","M","?","$","?","?","E"],"items_purchased_type":["Card","Card"],"build_version":"2020-12-22","purchased_purges":1,"victory":false,"max_hp_per_floor":[71,71,71,76,76,76,76,76,76,76,69,69,69,69,69,69,69,69,69,69,69,69,69,69],"relic_stats":{"counters":[11,43],"Golden Idol":38,"Art of War":[6],"obtain_stats":[{"Bottled Flame":7,"NeowsBlessing":0,"Golden Idol":11,"Art of War":12,"Cracked Core":0,"Empty Cage":17,"Toy Ornithopter":9},{"Bottled Flame":4,"NeowsBlessing":0,"Golden Idol":5,"Art of War":6,"Cracked Core":0,"Empty Cage":8,"Toy Ornithopter":5},{"Bottled Flame":9,"NeowsBlessing":0,"Golden Idol":10,"Art of War":13,"Cracked Core":0,"Empty Cage":27,"Toy Ornithopter":10}],"Toy Ornithopter":5},"card_choices":[{"not_picked":["Lockon","Go for the Eyes"],"picked":"Chaos","floor":1},{"not_picked":["Barrage","Sweeping Beam"],"picked":"Conserve Battery","floor":3},{"not_picked":["Darkness","Redo"],"picked":"BootSequence","floor":5},{"not_picked":["Doom and Gloom","Coolheaded"],"picked":"Seek","floor":7},{"not_picked":["Coolheaded","Gash"],"picked":"Rebound","floor":8},{"not_picked":["Reinforced Body","Steam"],"picked":"Echo Form","floor":12},{"not_picked":["Sweeping Beam","Cold Snap"],"picked":"Fusion","floor":14},{"not_picked":["Rainbow","Fission"],"picked":"Buffer","floor":16},{"not_picked":["Gash","Steam Power"],"picked":"Beam Cell","floor":18},{"not_picked":["Leap","Turbo","Ball Lightning"],"picked":"SKIP","floor":21},{"not_picked":["Turbo","Ball Lightning"],"picked":"Leap","floor":21}],"player_experience":4062856,"relics_obtained":[{"floor":7,"key":"Bottled Flame"},{"floor":9,"key":"Toy Ornithopter"},{"floor":12,"key":"Art of War"}],"event_choices":[{"damage_healed":0,"gold_gain":0,"player_choice":"1 cards matched","damage_taken":0,"max_hp_gain":0,"max_hp_loss":0,"event_name":"Match and Keep!","floor":2,"gold_loss":0,"cards_obtained":["Hyperbeam"]},{"damage_healed":0,"gold_gain":0,"player_choice":"Donut","damage_taken":0,"max_hp_gain":5,"max_hp_loss":0,"event_name":"Big Fish","floor":4,"gold_loss":0},{"damage_healed":0,"gold_gain":0,"player_choice":"Lose Max HP","damage_taken":0,"relics_obtained":["Golden Idol"],"max_hp_gain":0,"max_hp_loss":7,"event_name":"Golden Idol","floor":11,"gold_loss":0},{"damage_healed":0,"gold_gain":0,"player_choice":"1 cards matched","damage_taken":0,"max_hp_gain":0,"max_hp_loss":0,"event_name":"Match and Keep!","floor":19,"gold_loss":0,"cards_obtained":["Meteor Strike"]},{"damage_healed":28,"gold_gain":0,"player_choice":"Full Heal","damage_taken":0,"max_hp_gain":0,"max_hp_loss":0,"event_name":"Wheel of Change","floor":22,"gold_loss":0}],"is_beta":false,"boss_relics":[{"not_picked":["Calling Bell","Pandora\u0027s Box"],"picked":"Empty Cage"}],"items_purged_floors":[20],"is_endless":false,"potions_floor_spawned":[1,3,8,21],"killed_by":"Book of Stabbing","ascension_level":20}}