{"host":"rtw1tnr74gozsrw1","time":1612398326,"event":{"mods":["BaseMod","Colored Map","Colored Powertips","Highlight Path","Infinite Spire","Minty Spire (QoL Compilation)","Replay The Spire","StSLib","The Jungle"],"gold_per_floor":[114,114,114,132,53,53,72,72,126,126,126,142,142,142],"floor_reached":13,"language":"ENG","playtime":187,"items_purged":[],"score":84,"play_id":"f0b561f4-8879-418a-8e00-82a597067e01","local_time":"20210204012526","is_ascension_mode":true,"campfire_choices":[{"data":"Loop","floor":6,"key":"SMITH"},{"data":"FIFO Queue","floor":8,"key":"SMITH"},{"data":"Zap","floor":11,"key":"SMITH"}],"circlet_count":0,"master_deck":["Strike_B","Strike_B","Strike_B","Defend_B","Defend_B","Defend_B","Defend_B","Zap+1","Dualcast","Loop+1","FIFO Queue+1","Panic Button","Cold Snap"],"relics":["Cracked Core","NeowsBlessing","Toy Ornithopter"],"acts_visited":["Exordium"],"potions_floor_usage":[],"damage_taken":[{"damage":0,"enemies":"Small Slimes","floor":1,"turns":1},{"damage":0,"enemies":"2 Louse","floor":4,"turns":1},{"damage":0,"enemies":"Cultist","floor":7,"turns":1},{"damage":2,"enemies":"Looter","floor":12,"turns":3},{"damage":24,"enemies":"3 Sentries","floor":13,"turns":4}],"seed_played":"1328226070051004982","potions_obtained":[{"floor":7,"key":"EntropicBrew"}],"is_trial":false,"path_per_floor":["M","?","?","M","$","R","M","R","T","?","R","M","E"],"character_chosen":"DEFECT","items_purchased":["FIFO Queue"],"campfire_rested":0,"item_purchase_floors":[5],"current_hp_per_floor":[75,68,61,61,61,61,61,61,61,61,61,59,35,35],"gold":142,"neow_bonus":"THREE_ENEMY_KILL","is_daily":false,"chose_seed":false,"campfire_upgraded":3,"win_rate":0.0,"timestamp":1612398326,"path_taken":["M","?","?","?","$","R","M","R","T","?","R","M","E"],"items_purchased_type":["Card"],"build_version":"2020-12-22","purchased_purges":0,"victory":false,"max_hp_per_floor":[75,75,75,75,75,75,75,75,75,75,75,75,75,75],"card_choices":[{"not_picked":["Hologram","Go for the Eyes","Auto Shields"],"picked":"SKIP","floor":1},{"not_picked":["Hologram","Steam Power"],"picked":"Loop","floor":4},{"not_picked":["Streamline","Static Discharge"],"picked":"Panic Button","floor":7},{"not_picked":["Stack","Doom and Gloom"],"picked":"Cold Snap","floor":12}],"player_experience":95743,"relics_obtained":[{"floor":9,"key":"Toy Ornithopter"}],"event_choices":[{"cards_removed":["Strike_B"],"damage_healed":0,"gold_gain":0,"player_choice":"Card Removal","damage_taken":7,"max_hp_gain":0,"max_hp_loss":0,"event_name":"Golden Wing","floor":2,"gold_loss":0},{"damage_healed":0,"gold_gain":0,"player_choice":"Damaged","damage_taken":7,"max_hp_gain":0,"max_hp_loss":0,"event_name":"Wheel of Change","floor":3,"gold_loss":0},{"damage_healed":0,"gold_gain":0,"player_choice":"Ignored","damage_taken":0,"max_hp_gain":0,"max_hp_loss":0,"event_name":"Liars Game","floor":10,"gold_loss":0}],"is_beta":false,"boss_relics":[],"items_purged_floors":[],"is_endless":false,"potions_floor_spawned":[7],"killed_by":"3 Sentries","ascension_level":3}}