{"host":"q8ewzd1tf4mqkgtb","time":1612483062,"event":{"mods":["BaseMod","Hermit","Marisa????????","Minty Spire (QoL Compilation)","Relic Stats","StSLib","The Cursed","The Servant 0.9.4"],"gold_per_floor":[113,188,238,252,269,269,300,300,326,343,343,353,373,450,450,528,528,539,556,566,585,83,83,83],"floor_reached":23,"language":"ENG","playtime":4108,"items_purged":["Strike_R"],"score":390,"play_id":"a7b4cd50-9a02-4313-b0e8-e33a9b0faa78","local_time":"20210204175742","is_ascension_mode":true,"campfire_choices":[{"data":"Bash","floor":6,"key":"SMITH"},{"data":"Hemokinesis","floor":8,"key":"SMITH"},{"floor":11,"key":"REST"},{"floor":15,"key":"REST"}],"circlet_count":0,"master_deck":["AscendersBane","Strike_R","Strike_R","Strike_R","Strike_R","Defend_R","Defend_R","Defend_R","Defend_R","Bash+1","Reckless Charge","Second Wind","Battle Trance","Hemokinesis+1","Dark Embrace","Shockwave","Corruption","Burning Pact","Disarm","Warcry","Pommel Strike+1"],"relics":["SlaversCollar","Nunchaku","Omamori","Runic Pyramid","Frozen Eye","Pantograph"],"acts_visited":["Exordium","TheCity"],"potions_floor_usage":[12,13,16,16,20,23,23],"damage_taken":[{"damage":1,"enemies":"Cultist","floor":1,"turns":3},{"damage":4,"enemies":"Small Slimes","floor":4,"turns":4},{"damage":8,"enemies":"2 Louse","floor":5,"turns":3},{"damage":25,"enemies":"Lagavulin","floor":7,"turns":7},{"damage":10,"enemies":"Large Slime","floor":10,"turns":5},{"damage":5,"enemies":"Blue Slaver","floor":12,"turns":2},{"damage":21,"enemies":"Exordium Thugs","floor":13,"turns":5},{"damage":25,"enemies":"Slime Boss","floor":16,"turns":9},{"damage":21,"enemies":"2 Thieves","floor":18,"turns":4},{"damage":17,"enemies":"Spheric Guardian","floor":19,"turns":4},{"damage":8,"enemies":"Snecko","floor":20,"turns":4},{"damage":8,"enemies":"Centurion and Healer","floor":21,"turns":8},{"damage":20,"enemies":"Slavers","floor":23,"turns":3}],"seed_played":"-4725080408937493291","potions_obtained":[{"floor":1,"key":"Fire Potion"},{"floor":7,"key":"BlessingOfTheForge"},{"floor":12,"key":"LiquidMemories"},{"floor":13,"key":"SkillPotion"},{"floor":16,"key":"Dexterity Potion"},{"floor":18,"key":"BloodPotion"},{"floor":20,"key":"LiquidMemories"},{"floor":21,"key":"GamblersBrew"}],"is_trial":false,"path_per_floor":["M","?","?","M","M","R","E","R","T","M","R","M","M","?","R","B",null,"M","M","M","M","$","E"],"character_chosen":"IRONCLAD","items_purchased":["Frozen Eye","Pantograph"],"campfire_rested":2,"item_purchase_floors":[22,22],"current_hp_per_floor":[67,56,56,52,44,44,19,19,19,9,31,26,5,5,27,2,57,36,19,26,18,18,0,0],"gold":83,"neow_bonus":"BOSS_RELIC","is_daily":false,"chose_seed":false,"campfire_upgraded":2,"win_rate":0.0,"timestamp":1612483062,"path_taken":["M","?","?","?","M","R","E","R","T","M","R","M","M","?","R","BOSS","M","M","M","M","$","E"],"items_purchased_type":["Relic","Relic"],"build_version":"2020-12-22","purchased_purges":1,"victory":false,"max_hp_per_floor":[75,75,75,75,75,75,75,75,75,75,75,75,75,75,75,75,75,75,75,75,75,75,75,75],"relic_stats":{"Nunchaku":[10],"counters":[13,61],"Pantograph":0,"obtain_stats":[{"SlaversCollar":0,"Frozen Eye":22,"Nunchaku":7,"Pantograph":22,"Omamori":9,"Burning Blood":0,"Runic Pyramid":17},{"SlaversCollar":0,"Frozen Eye":12,"Nunchaku":4,"Pantograph":12,"Omamori":4,"Burning Blood":0,"Runic Pyramid":8},{"SlaversCollar":0,"Frozen Eye":58,"Nunchaku":17,"Pantograph":58,"Omamori":17,"Burning Blood":0,"Runic Pyramid":38}]},"card_choices":[{"not_picked":["Dark Embrace","Iron Wave"],"picked":"Reckless Charge","floor":1},{"not_picked":["Combust","Burning Pact"],"picked":"Second Wind","floor":4},{"not_picked":["Sentinel","Spot Weakness"],"picked":"Battle Trance","floor":5},{"not_picked":["Intimidate","Heavy Blade"],"picked":"Hemokinesis","floor":7},{"not_picked":["Iron Wave","Perfected Strike","Armaments"],"picked":"SKIP","floor":10},{"not_picked":["Entrench","Metallicize"],"picked":"Dark Embrace","floor":12},{"not_picked":["True Grit","Second Wind"],"picked":"Shockwave","floor":13},{"not_picked":["Demon Form","Brutality"],"picked":"Corruption","floor":16},{"not_picked":["Combust","Havoc"],"picked":"Burning Pact","floor":18},{"not_picked":["Burning Pact","Clothesline"],"picked":"Disarm","floor":19},{"not_picked":["Dual Wield","Clothesline"],"picked":"Warcry","floor":20},{"not_picked":["Power Through","Armaments"],"picked":"Pommel Strike+1","floor":21}],"player_experience":509095,"relics_obtained":[{"floor":7,"key":"Nunchaku"},{"floor":9,"key":"Omamori"}],"event_choices":[{"damage_healed":0,"gold_gain":75,"player_choice":"Gather Gold","damage_taken":11,"max_hp_gain":0,"max_hp_loss":0,"event_name":"World of Goop","floor":2,"gold_loss":0},{"damage_healed":0,"gold_gain":50,"player_choice":"Pray","damage_taken":0,"max_hp_gain":0,"max_hp_loss":0,"event_name":"Golden Shrine","floor":3,"gold_loss":0},{"damage_healed":0,"gold_gain":77,"player_choice":"Gained Gold","damage_taken":0,"max_hp_gain":0,"max_hp_loss":0,"event_name":"Golden Wing","floor":14,"gold_loss":0}],"is_beta":false,"boss_relics":[{"not_picked":["Astrolabe","Coffee Dripper"],"picked":"Runic Pyramid"}],"items_purged_floors":[22],"is_endless":false,"potions_floor_spawned":[1,7,12,13,16,18,20,21],"killed_by":"Slavers","ascension_level":20}}