{"host":"1xo5g347e5o4auts","time":1612433721,"event":{"mods":["BaseMod","Minty Spire (QoL Compilation)","Permanent Neow","StSLib"],"gold_per_floor":[114,189,209,221,233,260,260,291,315,332,343,375,375,387,387,466,466,476,240,252,177,189,216,235,264,264,264,264,280,309,336,336,336,336],"floor_reached":33,"language":"ENG","playtime":926,"items_purged":["Strike_R"],"score":798,"play_id":"3173ebcb-4458-439f-99e6-c3163ff085be","local_time":"20210204121521","is_ascension_mode":true,"campfire_choices":[{"data":"Armaments","floor":7.0,"key":"SMITH"},{"data":"Bash","floor":13.0,"key":"SMITH"},{"data":"Whirlwind","floor":15.0,"key":"SMITH"},{"data":"Spot Weakness","floor":27,"key":"SMITH"},{"data":"Spot Weakness","floor":32,"key":"SMITH"}],"circlet_count":0,"master_deck":["AscendersBane","Strike_R","Strike_R","Strike_R+1","Defend_R","Defend_R","Defend_R","Defend_R","Bash+1","Rampage","Anger","Perfected Strike+1","Shrug It Off","Armaments+1","Spot Weakness+1","Spot Weakness+1","Whirlwind+1","Reaper","Heavy Blade+1"],"relics":["Burning Blood","FossilizedHelix","Bag of Marbles","Vajra","Regal Pillow","Ancient Tea Set","Busted Crown","Bronze Scales","Meat on the Bone","Whetstone","WingedGreaves","Bag of Preparation","White Beast Statue"],"acts_visited":["Exordium","TheCity"],"potions_floor_usage":[22,31,33],"damage_taken":[{"damage":0.0,"enemies":"Jaw Worm","floor":1.0,"turns":3.0},{"damage":0.0,"enemies":"2 Louse","floor":3.0,"turns":3.0},{"damage":0.0,"enemies":"Small Slimes","floor":4.0,"turns":4.0},{"damage":2.0,"enemies":"Exordium Wildlife","floor":5.0,"turns":4.0},{"damage":24.0,"enemies":"Gremlin Nob","floor":6.0,"turns":4.0},{"damage":25.0,"enemies":"3 Sentries","floor":8.0,"turns":8.0},{"damage":11.0,"enemies":"Lots of Slimes","floor":10.0,"turns":6.0},{"damage":0.0,"enemies":"3 Louse","floor":11.0,"turns":3.0},{"damage":0.0,"enemies":"Gremlin Nob","floor":12.0,"turns":3.0},{"damage":0.0,"enemies":"Exordium Wildlife","floor":14.0,"turns":3.0},{"damage":30.0,"enemies":"Hexaghost","floor":16.0,"turns":8.0},{"damage":0.0,"enemies":"Shell Parasite","floor":18.0,"turns":2.0},{"damage":11.0,"enemies":"Spheric Guardian","floor":20.0,"turns":4.0},{"damage":9,"enemies":"Shelled Parasite and Fungi","floor":22,"turns":3},{"damage":46,"enemies":"Slavers","floor":23,"turns":4},{"damage":17,"enemies":"3 Cultists","floor":24,"turns":4},{"damage":35,"enemies":"Gremlin Leader","floor":25,"turns":7},{"damage":16,"enemies":"Snake Plant","floor":29,"turns":3},{"damage":0,"enemies":"Slavers","floor":30,"turns":2},{"damage":11,"enemies":"Book of Stabbing","floor":31,"turns":3},{"damage":62,"enemies":"Collector","floor":33,"turns":8}],"seed_played":"-9029830029097403408","potions_obtained":[{"floor":4.0,"key":"SpeedPotion"},{"floor":5.0,"key":"BlessingOfTheForge"},{"floor":6.0,"key":"DuplicationPotion"},{"floor":10.0,"key":"DuplicationPotion"},{"floor":16.0,"key":"Fire Potion"},{"floor":20.0,"key":"ColorlessPotion"},{"floor":23,"key":"Block Potion"}],"is_trial":false,"path_per_floor":["M","?","M","M","M","E","R","E","T","M","M","E","R","M","R","B",null,"M","$","M","?","M","E","M","E","T","R","?","M","E","E","R","B"],"character_chosen":"IRONCLAD","items_purchased":["Bronze Scales"],"campfire_rested":0,"item_purchase_floors":[19],"current_hp_per_floor":[68,57,63,68,68,50,50,31,31,26,32,38,38,44,44,20,56,62,62,68,68,68,49,63,58,58,58,39,50,56,64,64,2,2],"gold":336,"neow_bonus":"ONE_RARE_RELIC","is_daily":false,"chose_seed":false,"campfire_upgraded":5,"win_rate":0.0,"timestamp":1612433721,"path_taken":["M","?","M","M","M","E","R","E","T","M","M","E","R","M","R","BOSS","M","$","M","?","M","E","M","E","T","R","?","M","E","E","R","BOSS"],"items_purchased_type":["Relic"],"build_version":"2020-12-22","purchased_purges":1,"victory":false,"max_hp_per_floor":[68,68,68,68,68,68,68,68,68,68,68,68,68,68,68,68,68,68,68,68,68,68,68,68,68,68,68,73,73,73,73,73,73,73],"card_choices":[{"not_picked":["Headbutt","Shrug It Off"],"picked":"Rampage","floor":1.0},{"not_picked":["Flex","Spot Weakness"],"picked":"Anger","floor":3.0},{"not_picked":["Flex","Wild Strike"],"picked":"Perfected Strike","floor":4.0},{"not_picked":["Thunderclap","Perfected Strike"],"picked":"Shrug It Off","floor":5.0},{"not_picked":["Sword Boomerang","Armaments","Pommel Strike"],"picked":"SKIP","floor":6.0},{"not_picked":["Sword Boomerang","Pommel Strike"],"picked":"Armaments","floor":6.0},{"not_picked":["Combust","Havoc","Sword Boomerang"],"picked":"SKIP","floor":8.0},{"not_picked":["Pummel","Havoc"],"picked":"Spot Weakness","floor":10.0},{"not_picked":["Dark Embrace","Heavy Blade"],"picked":"Spot Weakness","floor":11.0},{"not_picked":["Perfected Strike","Twin Strike","Juggernaut"],"picked":"SKIP","floor":12.0},{"not_picked":["Perfected Strike","Twin Strike","Juggernaut"],"picked":"SKIP","floor":12.0},{"not_picked":["Bloodletting","Clash"],"picked":"Whirlwind","floor":14.0},{"not_picked":["Bludgeon","Double Tap"],"picked":"Reaper","floor":16.0},{"not_picked":["Dropkick"],"picked":"SKIP","floor":18.0},{"not_picked":["Armaments"],"picked":"SKIP","floor":20.0},{"not_picked":[],"picked":"Heavy Blade+1","floor":22},{"not_picked":["Rage"],"picked":"SKIP","floor":23},{"not_picked":["Reckless Charge"],"picked":"SKIP","floor":24},{"not_picked":["Thunderclap"],"picked":"SKIP","floor":25},{"not_picked":["Headbutt"],"picked":"SKIP","floor":29},{"not_picked":["Thunderclap"],"picked":"SKIP","floor":30},{"not_picked":["Ghostly Armor+1"],"picked":"SKIP","floor":31}],"player_experience":1433490,"relics_obtained":[{"floor":6.0,"key":"Bag of Marbles"},{"floor":8.0,"key":"Vajra"},{"floor":9.0,"key":"Regal Pillow"},{"floor":12.0,"key":"Ancient Tea Set"},{"floor":23,"key":"Meat on the Bone"},{"floor":25,"key":"Whetstone"},{"floor":26,"key":"WingedGreaves"},{"floor":30,"key":"Bag of Preparation"},{"floor":31,"key":"White Beast Statue"}],"event_choices":[{"damage_healed":0.0,"max_hp_gain":0.0,"max_hp_loss":0.0,"gold_gain":75.0,"event_name":"World of Goop","player_choice":"Gather Gold","floor":2.0,"gold_loss":0.0,"damage_taken":11.0},{"cards_removed":["Strike_R"],"damage_healed":0.0,"max_hp_gain":0.0,"max_hp_loss":0.0,"gold_gain":0.0,"event_name":"Beggar","player_choice":"Gave Gold","floor":21.0,"gold_loss":75.0,"damage_taken":0.0},{"damage_healed":0,"gold_gain":0,"player_choice":"Shed Blood","damage_taken":24,"max_hp_gain":5,"max_hp_loss":0,"event_name":"Forgotten Altar","floor":28,"gold_loss":0}],"is_beta":false,"boss_relics":[{"not_picked":["Mark of Pain","Fusion Hammer"],"picked":"Busted Crown"}],"items_purged_floors":[19],"is_endless":false,"potions_floor_spawned":[4,5,6,10,11,16,20,23,24,30],"killed_by":"Collector","ascension_level":20}}