{"host":"KYO","time":1612436703,"event":{"mods":["ATMod(°¢èªMod)","BaseMod","Better Vampires","BetterRewards","Minty Spire (QoL Compilation)","Permanent Neow","Remove Card Discount Mod","Replay The Spire","Shop Mod","StSLib","SuperFastMode","TestMod","[IsaacMod]ÒÔÈö¼âËþ","¡¾ÒÅÎï¿¨ÅÆ¡¿REMEMod"],"gold_per_floor":[112,126,126,126,526,552,572,572,572,572,611,689,708,749,749,845,845,859,859,902,965,965,965,1028,813,838,883,941,1079,1079,1144,1144,1315,1315,1413,1413,1413,1413,1413,1473,1613,1613,1613,1712,1828,2050,2118,2118,2118,2143,2168,2168,2168,2185,2274,2299],"floor_reached":57,"language":"ZHS","playtime":2160,"items_purged":["Defend_P","Defend_P","Defend_P","Defend_P","Eruption","Strike_P","Strike_P","Strike_P"],"score":3791,"play_id":"52718a96-a066-4e7f-8174-541c6e3acab8","local_time":"20210204190503","is_ascension_mode":true,"campfire_choices":[{"data":"Vault","floor":15.0,"key":"SMITH"},{"data":"Tantrum","floor":23.0,"key":"SMITH"},{"data":"AT_ChampionStep","floor":32.0,"key":"SMITH"},{"floor":42.0,"key":"RECALL"},{"data":"Tantrum","floor":49.0,"key":"SMITH"},{"data":"Adaptation","floor":53,"key":"SMITH"}],"circlet_count":0,"master_deck":["AscendersBane","Strike_P+1","Vigilance+1","Tantrum+1","Tantrum+1","FollowUp+1","Protect+1","Adaptation+1","Vault+1","Finesse","Adaptation","AT_ChampionStep+1"],"relics":["PureWater","HushsDoor","REME_ComplimentaryCards","testmod-TestBox","SatanicBible","testmod-HeartOfStrike","MerchantsRug","Juzu Bracelet","NineVolt","Girya","testmod-Fortitude","Replay:Accelerometer","Membership Card","testmod-IndustrialRevolution","testmod-LifeArmor","Snack Pack","Golden Idol","Omamori","testmod-Antiphasic","testmod-AssaultLearning","AT_TrinityForce","Enchiridion","Red Mask","AT_MibuBalloonWealth","testmod-EqualTreatment","Bronze Scales","Anchor","testmod-Register","DeathBook","SteamSale","ReplayFunnel","Lantern","TeardropLocket","MagicMushroom","Boot","Counterbalance","BargainBundle","testmod-FatalChain","Oddly Smooth Stone","BloodDonationMachine","Happy Flower","testmod-Brilliant","TheBible","Ornamental Fan","Habit","BookOfRevelations"],"acts_visited":["Exordium","TheCity","TheBeyond","TheEnding"],"potions_floor_usage":[56,56],"damage_taken":[{"damage":0.0,"enemies":"Cultist","floor":1.0,"turns":1.0},{"damage":0.0,"enemies":"Jaw Worm","floor":2.0,"turns":2.0},{"damage":0.0,"enemies":"Gremlin Nob","floor":6.0,"turns":2.0},{"damage":0.0,"enemies":"Small Slimes","floor":7.0,"turns":1.0},{"damage":0.0,"enemies":"3 Sentries","floor":11.0,"turns":3.0},{"damage":0.0,"enemies":"Lagavulin Event","floor":12.0,"turns":2.0},{"damage":0.0,"enemies":"Blue Slaver","floor":13.0,"turns":2.0},{"damage":0.0,"enemies":"Gremlin Nob","floor":14.0,"turns":2.0},{"damage":0.0,"enemies":"Fading Forest","floor":16.0,"turns":9.0},{"damage":0.0,"enemies":"3 Byrds","floor":18.0,"turns":3.0},{"damage":0.0,"enemies":"Masked Bandits","floor":20.0,"turns":2.0},{"damage":0.0,"enemies":"Hiden Room Battle","floor":21.0,"turns":3.0},{"damage":0.0,"enemies":"Book of Stabbing","floor":24.0,"turns":3.0},{"damage":0.0,"enemies":"Shell Parasite","floor":27.0,"turns":2.0},{"damage":0.0,"enemies":"REME_1_Revenger","floor":28.0,"turns":2.0},{"damage":0.0,"enemies":"Hiden Room Battle","floor":29.0,"turns":1.0},{"damage":0.0,"enemies":"Book of Stabbing","floor":31.0,"turns":1.0},{"damage":0.0,"enemies":"Automaton","floor":33.0,"turns":3.0},{"damage":0.0,"enemies":"3 Shapes","floor":35.0,"turns":1.0},{"damage":0.0,"enemies":"Nemesis","floor":40.0,"turns":3.0},{"damage":0.0,"enemies":"3 Darklings","floor":41.0,"turns":1.0},{"damage":0.0,"enemies":"Sphere and 2 Shapes","floor":44.0,"turns":1.0},{"damage":0.0,"enemies":"Reptomancer","floor":45.0,"turns":1.0},{"damage":0.0,"enemies":"R_Hoarder","floor":47.0,"turns":1.0},{"damage":0,"enemies":"Time Eater","floor":50,"turns":3},{"damage":0,"enemies":"Replay:Hell Engine","floor":51,"turns":1},{"damage":0,"enemies":"Shield and Spear","floor":55,"turns":1},{"damage":0,"enemies":"The Heart","floor":56,"turns":6}],"seed_played":"422707450143331180","potions_obtained":[{"floor":6.0,"key":"SpeedPotion"},{"floor":12.0,"key":"Cursed Concoction"},{"floor":18.0,"key":"PowerPotion"},{"floor":24.0,"key":"Block Potion"}],"is_trial":false,"path_per_floor":["M","M","?","?","?","E","M","?","T","?","E","?","M","E","R","B",null,"M","?","?","?","?","R","E","$","T","M","E","?","?","E","R","B",null,"M","$","T","?","?","E","M","R","T","M","E","?","E","?","R","B","B",null,"R","$","E","B",null],"character_chosen":"WATCHER","items_purchased":["MerchantsRug","Juzu Bracelet","Tantrum","FollowUp","Protect","War Paint","NineVolt","Girya","testmod-Fortitude","Replay:Accelerometer","Adaptation","Vault","Finesse","FlurryOfBlows","Membership Card","testmod-IndustrialRevolution","Bronze Scales","Anchor","testmod-Register","Boot","Counterbalance","BargainBundle","TheBible","Ornamental Fan","Habit","Elixir"],"campfire_rested":0,"item_purchase_floors":[0,0,0,0,0,0,0,0,0,0,0,0,0,0,0,0,25,25,25,36,36,36,54,54,54,54],"current_hp_per_floor":[61,61,61,41,41,41,41,41,41,41,41,45,47,49,49,62,62,62,41,45,40,40,40,42,42,42,44,46,33,33,33,33,41,71,71,71,71,71,71,78,78,78,78,78,78,78,79,79,79,79,79,79,79,79,79,79],"gold":2299,"neow_bonus":"","is_daily":false,"chose_seed":false,"campfire_upgraded":5,"win_rate":0.0,"timestamp":1612436703,"path_taken":["M","M","?","?","?","E","M","?","T","?","E","?","M","E","R","BOSS","M","?","?","?","?","R","E","?","T","M","E","?","?","E","R","BOSS","M","$","?","?","?","E","M","R","T","M","E","?","E","?","R","BOSS","BOSS","R","$","E","BOSS"],"items_purchased_type":["Relic","Relic","Card","Card","Card","Relic","Relic","Relic","Relic","Relic","Card","Card","Card","Card","Relic","Relic","Relic","Relic","Relic","Relic","Relic","Relic","Relic","Relic","Relic","Potion"],"build_version":"2020-12-18","purchased_purges":8,"victory":true,"max_hp_per_floor":[68,68,68,68,68,68,68,68,68,62,62,62,62,62,62,62,62,62,62,62,72,72,72,72,72,72,72,72,72,72,72,72,72,79,79,79,79,79,79,79,79,79,79,79,79,79,79,79,79,79,79,79,79,79,79,79],"card_choices":[{"not_picked":[],"picked":"ChaosCard","floor":0.0},{"not_picked":["CrushJoints","Evaluate","WheelKick"],"picked":"SKIP","floor":1.0},{"not_picked":["ThirdEye","Vengeance","JustLucky"],"picked":"SKIP","floor":2.0},{"not_picked":["AT_ChampionKick","Evaluate","JustLucky"],"picked":"SKIP","floor":6.0},{"not_picked":["Replay:AtTheReady","FlyingSleeves","AT_RealFormLess"],"picked":"SKIP","floor":7.0},{"not_picked":["Perseverance","CrushJoints","FollowUp"],"picked":"SKIP","floor":11.0},{"not_picked":["FlurryOfBlows","REME_MusicOfDeath","Replay:AtTheReady"],"picked":"SKIP","floor":13.0},{"not_picked":["Replay:ManipulateFuture","Protect","Devotion"],"picked":"SKIP","floor":14.0},{"not_picked":["EmptyFist","Protect"],"picked":"AT_ChampionStep","floor":18.0},{"not_picked":["ThirdEye+1","Sanctity","DeceiveReality"],"picked":"SKIP","floor":24.0},{"not_picked":["Replay:Cycle+1","Replay:Hum","FollowUp"],"picked":"SKIP","floor":27.0},{"not_picked":["ThirdEye","AT_DivineConfetti","FlurryOfBlows"],"picked":"SKIP","floor":28.0},{"not_picked":["EmptyFist","FlyingSleeves","Nirvana"],"picked":"SKIP","floor":31.0},{"not_picked":["Replay:BluntJabs","Prostrate+1","InnerPeace"],"picked":"SKIP","floor":35.0},{"not_picked":["BowlingBash+1","Brilliance","JustLucky+1"],"picked":"SKIP","floor":40.0},{"not_picked":["FlyingSleeves","Wallop","AT_SoftenMuscles"],"picked":"SKIP","floor":41.0},{"not_picked":["JustLucky","CrushJoints","LikeWater"],"picked":"SKIP","floor":44.0},{"not_picked":["BowlingBash","WheelKick+1","REME_Repentance"],"picked":"SKIP","floor":45.0},{"not_picked":["EmptyFist+1","Conclude","Weave"],"picked":"SKIP","floor":47.0},{"not_picked":["JustLucky","Wish","Weave"],"picked":"SKIP","floor":55}],"player_experience":737809,"relics_obtained":[{"floor":6.0,"key":"testmod-LifeArmor"},{"floor":9.0,"key":"Snack Pack"},{"floor":11.0,"key":"Omamori"},{"floor":12.0,"key":"testmod-Antiphasic"},{"floor":14.0,"key":"testmod-AssaultLearning"},{"floor":19.0,"key":"Enchiridion"},{"floor":20.0,"key":"Red Mask"},{"floor":21.0,"key":"Pear"},{"floor":21.0,"key":"AT_MibuBalloonWealth"},{"floor":24.0,"key":"testmod-EqualTreatment"},{"floor":28.0,"key":"DeathBook"},{"floor":29.0,"key":"SteamSale"},{"floor":29.0,"key":"ReplayFunnel"},{"floor":31.0,"key":"TeardropLocket"},{"floor":37.0,"key":"testmod-FatalChain"},{"floor":40.0,"key":"Oddly Smooth Stone"},{"floor":43.0,"key":"BloodDonationMachine"},{"floor":45.0,"key":"Happy Flower"},{"floor":47.0,"key":"testmod-Brilliant"},{"floor":55,"key":"BookOfRevelations"}],"event_choices":[{"damage_healed":0.0,"max_hp_gain":0.0,"max_hp_loss":0.0,"gold_gain":0.0,"event_name":"Liars Game","player_choice":"Ignored","floor":3.0,"gold_loss":0.0,"damage_taken":0.0},{"damage_healed":0.0,"max_hp_gain":0.0,"max_hp_loss":0.0,"gold_gain":0.0,"event_name":"Shining Light","player_choice":"Entered Light","floor":4.0,"gold_loss":0.0,"damage_taken":20.0,"cards_upgraded":["Strike_P","FollowUp"]},{"damage_healed":0.0,"max_hp_gain":0.0,"max_hp_loss":0.0,"gold_gain":400.0,"event_name":"¶÷ÂåË¹µÄÅÌ×Ó","player_choice":"Sell","floor":5.0,"relics_lost":["AT_ATBox"],"gold_loss":0.0,"damage_taken":0.0},{"damage_healed":0.0,"max_hp_gain":0.0,"max_hp_loss":6.0,"gold_gain":0.0,"event_name":"Golden Idol","player_choice":"Lose Max HP","floor":10.0,"gold_loss":0.0,"damage_taken":0.0,"relics_obtained":["Golden Idol"]},{"damage_healed":0.0,"max_hp_gain":0.0,"max_hp_loss":0.0,"gold_gain":0.0,"event_name":"Dead Adventurer","player_choice":"Searched \u00271\u0027 times","floor":12.0,"gold_loss":0.0,"damage_taken":0.0},{"damage_healed":0.0,"max_hp_gain":0.0,"max_hp_loss":0.0,"gold_gain":0.0,"event_name":"Cursed Tome","player_choice":"Obtained Book","floor":19.0,"gold_loss":0.0,"damage_taken":21.0},{"damage_healed":0.0,"max_hp_gain":0.0,"max_hp_loss":0.0,"gold_gain":0.0,"event_name":"Masked Bandits","player_choice":"Fought Bandits","floor":20.0,"gold_loss":0.0,"damage_taken":0.0},{"damage_healed":0.0,"max_hp_gain":0.0,"max_hp_loss":0.0,"gold_gain":0.0,"event_name":"HidenRoomEvent","player_choice":"Fight","floor":21.0,"gold_loss":0.0,"damage_taken":0.0},{"damage_healed":0.0,"max_hp_gain":0.0,"max_hp_loss":0.0,"gold_gain":0.0,"event_name":"HidenRoomEvent","player_choice":"Fight","floor":29.0,"gold_loss":0.0,"damage_taken":0.0},{"damage_healed":0.0,"max_hp_gain":0.0,"max_hp_loss":0.0,"gold_gain":0.0,"event_name":"The Mausoleum","player_choice":"Opened","floor":30.0,"gold_loss":0.0,"damage_taken":0.0,"relics_obtained":["Lantern"],"cards_obtained":["Writhe"]},{"cards_removed":["FlurryOfBlows"],"damage_healed":0.0,"max_hp_gain":0.0,"max_hp_loss":0.0,"gold_gain":0.0,"event_name":"Falling","player_choice":"Removed Attack","floor":38.0,"gold_loss":0.0,"damage_taken":0.0},{"damage_healed":0.0,"max_hp_gain":0.0,"max_hp_loss":0.0,"gold_gain":0.0,"event_name":"The Moai Head","player_choice":"Ignored","floor":39.0,"gold_loss":0.0,"damage_taken":0.0},{"damage_healed":0.0,"max_hp_gain":0.0,"max_hp_loss":0.0,"gold_gain":222.0,"event_name":"Tomb of Lord Red Mask","player_choice":"Wore Mask","floor":46.0,"gold_loss":0.0,"damage_taken":0.0},{"damage_healed":0.0,"max_hp_gain":0.0,"max_hp_loss":0.0,"gold_gain":0.0,"event_name":"Purifier","player_choice":"Ignored","floor":48.0,"gold_loss":0.0,"damage_taken":0.0}],"is_beta":true,"boss_relics":[{"not_picked":["testmod-GoldenSoul","SacredBark"],"picked":"AT_TrinityForce"},{"not_picked":[]},{"not_picked":["Tiny House","Coffee Dripper"],"picked":"MagicMushroom"},{"not_picked":[]}],"items_purged_floors":[0,0,0,0,0,54,54,54],"is_endless":false,"potions_floor_spawned":[6,12,13,18,21,24,41,45],"ascension_level":20}}