{"host":"zlolxa879v8f5dwy","time":1612455085,"event":{"mods":["AchievementEnabler","BaseMod","Downfall","Friendly Minions","Hermit","Hubris","Jorbs\u0027s Wanderer Trilogy","Kiyohime????","Koishi","Marisa????????","Minty Spire (QoL Compilation)","Remilia??????","StSLib","The Animator","The Cursed","The Disciple","The Hierophant","The Servant 0.9.4"],"gold_per_floor":[99,114,129,143,68,101,101,119,69,99,34,134,149,159,172,275,325,75,89,101,113,17,17,17,17],"floor_reached":23,"language":"ENG","playtime":2001,"items_purged":["Slimebound:Strike_Slimebound"],"score":230,"play_id":"9925a860-4fec-4c36-bd39-13888069bd72","local_time":"20210204171125","is_ascension_mode":false,"campfire_choices":[{"data":"Slimebound:CorrosiveSpit","floor":1.0,"key":"SMITH"},{"floor":9.0,"key":"RECALL"},{"data":"Slimebound:MassFeed","floor":18,"key":"SMITH"}],"circlet_count":0,"master_deck":["Slimebound:Strike_Slimebound","Slimebound:Strike_Slimebound","Slimebound:Tackle","Slimebound:Defend_Slimebound","Slimebound:Defend_Slimebound","Slimebound:Defend_Slimebound","Slimebound:Defend_Slimebound","Slimebound:Split","Slimebound:CorrosiveSpit+1","Slimebound:SplitLeeching","Slimebound:Equalize","Slimebound:Schlurp","Slimebound:DouseInSlime","Slimebound:LivingWall","Slimebound:TongueLash","Slimebound:LevelUp","Slimebound:DouseInSlime+1","Slimebound:ForwardTackle","Slimebound:MegaLick","Slimebound:MassFeed+1","Slimebound:FinishingTackle","Slimebound:Repurpose+1","Slimebound:GoopSpray+1","Slimebound:RallyTheTroops","Slimebound:OneTwoCombo","Slimebound:ViciousTackle"],"relics":["Slimebound:AbsorbEndCombat","Slimebound:GreedOozeRelic","Darkstone Periapt","Smiling Mask","Tiny House","downfall:HeartBlessingBlue","downfall:HeartBlessingRed"],"acts_visited":["Exordium","TheCity"],"potions_floor_usage":[],"damage_taken":[{"damage":8.0,"enemies":"Small Slimes","floor":2.0,"turns":4.0},{"damage":0.0,"enemies":"Cultist","floor":3.0,"turns":4.0},{"damage":0.0,"enemies":"Jaw Worm","floor":4.0,"turns":3.0},{"damage":1.0,"enemies":"3 Sentries","floor":6.0,"turns":6.0},{"damage":5.0,"enemies":"Blue Slaver","floor":8.0,"turns":4.0},{"damage":22.0,"enemies":"Lagavulin","floor":10.0,"turns":4.0},{"damage":0.0,"enemies":"downfall:FleeingMerchant","floor":11.0,"turns":4.0},{"damage":1.0,"enemies":"2 Fungi Beasts","floor":13.0,"turns":3.0},{"damage":1.0,"enemies":"Red Slaver","floor":14.0,"turns":3.0},{"damage":0.0,"enemies":"Blue Slaver","floor":15.0,"turns":3.0},{"damage":26.0,"enemies":"DF_ARCHETYPE_STREAMLINE","floor":16.0,"turns":9.0},{"damage":23,"enemies":"Shell Parasite","floor":19,"turns":5},{"damage":20,"enemies":"Chosen and Byrds","floor":20,"turns":5},{"damage":24,"enemies":"Centurion and Healer","floor":21,"turns":5},{"damage":7,"enemies":"downfall:FleeingMerchant","floor":22,"turns":4},{"damage":70,"enemies":"Gremlin Leader","floor":23,"turns":6}],"seed_played":"4344247593770277835","potions_obtained":[{"floor":4.0,"key":"DistilledChaos"},{"floor":6.0,"key":"AttackPotion"},{"floor":8.0,"key":"BlessingOfTheForge"},{"floor":14.0,"key":"EssenceOfSteel"},{"floor":15.0,"key":"Slimebound:SlimyTonguePotion"},{"floor":16.0,"key":"SpeedPotion"},{"floor":17,"key":"SpeedPotion"}],"is_trial":false,"path_per_floor":["R","M","M","M","?","E","T","M","R","E","$","?","M","M","M","B",null,"R","M","M","M","$","E"],"character_chosen":"SLIMEBOUND","items_purchased":["Slimebound:ViciousTackle"],"campfire_rested":0,"item_purchase_floors":[22],"current_hp_per_floor":[71,67,71,71,71,71,71,69,69,57,61,61,64,65,67,57,76,86,67,59,47,46,0,0,0],"gold":17,"neow_bonus":"TEN_PERCENT_HP_BONUS","is_daily":false,"chose_seed":false,"campfire_upgraded":2,"win_rate":0.0,"timestamp":1612455085,"path_taken":["R","M","M","M","?","E","T","M","R","E","$","?","?","M","M","BOSS","R","M","M","M","$","E"],"items_purchased_type":["Card"],"build_version":"2020-12-22","purchased_purges":1,"victory":false,"max_hp_per_floor":[71,71,71,71,71,71,71,71,71,71,71,71,71,71,71,71,76,86,86,86,90,90,90,90,90],"card_choices":[{"not_picked":["Slimebound:SplitAcid","Slimebound:LeadByExample"],"picked":"Slimebound:SplitLeeching","floor":2.0},{"not_picked":["Slimebound:GoopTackle","Slimebound:PressTheAttack"],"picked":"Slimebound:Equalize","floor":3.0},{"not_picked":["Slimebound:GrowthPunch","Slimebound:SplitLeeching"],"picked":"Slimebound:Schlurp","floor":4.0},{"not_picked":["Slimebound:SlimeBrawl","Slimebound:LivingWall"],"picked":"Slimebound:DouseInSlime","floor":6.0},{"not_picked":["Slimebound:LeechEnergy","Slimebound:ComboTackle"],"picked":"Slimebound:LivingWall","floor":8.0},{"not_picked":["Slimebound:ItLooksTasty","Slimebound:PressTheAttack"],"picked":"Slimebound:TongueLash","floor":10.0},{"not_picked":["Slimebound:SplitAcid","Slimebound:SamplingLick"],"picked":"Slimebound:LevelUp","floor":11.0},{"not_picked":["Slimebound:ItLooksTasty","Slimebound:GrowthPunch"],"picked":"Slimebound:DouseInSlime","floor":13.0},{"not_picked":["Slimebound:SplitBruiser","Slimebound:ProtectTheBoss"],"picked":"Slimebound:ForwardTackle","floor":14.0},{"not_picked":["Slimebound:HauntingLick","Slimebound:GoopSpray"],"picked":"Slimebound:MegaLick","floor":15.0},{"not_picked":["Slimebound:WasteNot","Slimebound:SelfFormingGoo"],"picked":"Slimebound:MassFeed","floor":16.0},{"not_picked":["Slimebound:SplitLeeching","Slimebound:GoopTackle"],"picked":"Slimebound:FinishingTackle","floor":17},{"not_picked":["Slimebound:MegaLick","Slimebound:Prepare"],"picked":"Slimebound:Repurpose+1","floor":19},{"not_picked":["Slimebound:SlimeBarrage","Slimebound:SplitAcid"],"picked":"Slimebound:GoopSpray+1","floor":20},{"not_picked":["Slimebound:RainOfGoop+1","Slimebound:FormOfPuddle"],"picked":"Slimebound:RallyTheTroops","floor":21},{"not_picked":["Slimebound:ProtectTheBoss","Slimebound:ItLooksTasty"],"picked":"Slimebound:OneTwoCombo","floor":22}],"player_experience":162110,"relics_obtained":[{"floor":6.0,"key":"Darkstone Periapt"},{"floor":10.0,"key":"Smiling Mask"}],"event_choices":[],"is_beta":false,"boss_relics":[{"not_picked":["hubris:BlackHole","Slimebound:TarBlob"],"picked":"Tiny House"}],"items_purged_floors":[11],"is_endless":false,"potions_floor_spawned":[4,6,8,14,15,16],"killed_by":"Gremlin Leader","ascension_level":0}}