{"host":"3a1ypf1irl30q4k8","time":1612426598,"event":{"mods":["AchievementEnabler","BaseMod","Bestiary","Colored Map","Minty Spire (QoL Compilation)","Relic Stats","ojb\u0027s Info Mod"],"gold_per_floor":[119,138,150,161,228,262,262,279,303,314,331,331,331,29,29,126,126,140,157,36,53,53,53,53],"floor_reached":23,"language":"ENG","playtime":1636,"items_purged":[],"score":234,"play_id":"71c71121-a6ba-4503-b4d4-d418af6cdf7c","local_time":"20210204081638","is_ascension_mode":true,"campfire_choices":[{"data":"Sunder","floor":7.0,"key":"SMITH"},{"floor":12.0,"key":"REST"},{"data":"Glacier","floor":15.0,"key":"SMITH"}],"circlet_count":0,"master_deck":["Strike_B","Strike_B","Strike_B","Strike_B","Defend_B","Defend_B","Defend_B","Defend_B","Zap","Dualcast","Go for the Eyes","Cold Snap","Coolheaded","Sunder+1","Turbo","Rebound","Genetic Algorithm","Seek","Sweeping Beam","Defragment","Stack","Melter","Leap","Glacier+1","Echo Form","Conserve Battery","Capacitor","Fission","RitualDagger"],"relics":["SacredBark","The Courier","Lantern","Strawberry","Orrery","Runic Pyramid","Bronze Scales"],"acts_visited":["Exordium","TheCity"],"potions_floor_usage":[],"damage_taken":[{"damage":1.0,"enemies":"Cultist","floor":1.0,"turns":3.0},{"damage":0.0,"enemies":"2 Louse","floor":2.0,"turns":2.0},{"damage":2.0,"enemies":"Small Slimes","floor":3.0,"turns":4.0},{"damage":0.0,"enemies":"Looter","floor":4.0,"turns":1.0},{"damage":30.0,"enemies":"Lagavulin","floor":6.0,"turns":6.0},{"damage":12.0,"enemies":"Exordium Wildlife","floor":8.0,"turns":4.0},{"damage":12.0,"enemies":"Large Slime","floor":10.0,"turns":4.0},{"damage":4.0,"enemies":"3 Louse","floor":11.0,"turns":3.0},{"damage":7.0,"enemies":"Hexaghost","floor":16.0,"turns":15.0},{"damage":0.0,"enemies":"Spheric Guardian","floor":18.0,"turns":2.0},{"damage":5,"enemies":"Shell Parasite","floor":19,"turns":5},{"damage":29,"enemies":"Snake Plant","floor":21,"turns":5},{"damage":46,"enemies":"Gremlin Leader","floor":23,"turns":9}],"seed_played":"-655489333226465963","potions_obtained":[{"floor":1.0,"key":"AttackPotion"},{"floor":4.0,"key":"BlessingOfTheForge"},{"floor":8.0,"key":"EssenceOfSteel"},{"floor":16.0,"key":"PotionOfCapacity"}],"is_trial":false,"path_per_floor":["M","M","M","M","?","E","R","M","T","M","M","R","?","$","R","B",null,"M","M","$","M","?","E"],"character_chosen":"DEFECT","items_purchased":["Sweeping Beam","Defragment","Strawberry","Orrery","Bronze Scales"],"campfire_rested":1,"item_purchase_floors":[14,14,14,14,20],"current_hp_per_floor":[74,74,72,72,72,42,42,30,30,18,14,36,36,43,43,36,82,82,77,77,48,42,0,0],"gold":53,"neow_bonus":"BOSS_RELIC","is_daily":false,"chose_seed":false,"campfire_upgraded":2,"win_rate":0.0,"timestamp":1612426598,"path_taken":["M","M","M","?","?","E","R","M","T","M","M","R","?","$","R","BOSS","M","M","$","M","?","E"],"items_purchased_type":["Card","Card","Relic","Relic","Relic"],"build_version":"2020-12-22","purchased_purges":0,"victory":false,"max_hp_per_floor":[75,75,75,75,75,75,75,75,75,75,75,75,75,82,82,82,82,82,82,82,82,82,82,82],"relic_stats":{"counters":[13,63],"Bronze Scales":[66],"obtain_stats":[{"Lantern":9,"SacredBark":0,"Strawberry":14,"Bronze Scales":20,"Orrery":14,"The Courier":6,"Cracked Core":0,"Runic Pyramid":17},{"Lantern":6,"SacredBark":0,"Strawberry":8,"Bronze Scales":11,"Orrery":8,"The Courier":5,"Cracked Core":0,"Runic Pyramid":9},{"Lantern":20,"SacredBark":0,"Strawberry":27,"Bronze Scales":49,"Orrery":27,"The Courier":16,"Cracked Core":0,"Runic Pyramid":42}]},"card_choices":[{"not_picked":["Double Energy","Conserve Battery"],"picked":"Go for the Eyes","floor":1.0},{"not_picked":["Turbo","Consume"],"picked":"Cold Snap","floor":2.0},{"not_picked":["Conserve Battery","Barrage"],"picked":"Coolheaded","floor":3.0},{"not_picked":["Conserve Battery","Barrage"],"picked":"Sunder","floor":4.0},{"not_picked":["Steam","Reprogram"],"picked":"Turbo","floor":6.0},{"not_picked":["Barrage","Cold Snap"],"picked":"Rebound","floor":8.0},{"not_picked":["Tempest","Conserve Battery"],"picked":"Genetic Algorithm","floor":10.0},{"not_picked":["Hello World","Coolheaded"],"picked":"Seek","floor":11.0},{"not_picked":["Hologram","Beam Cell"],"picked":"Stack","floor":14.0},{"not_picked":["Rebound","Go for the Eyes"],"picked":"Melter","floor":14.0},{"not_picked":["Cold Snap","Rainbow"],"picked":"Leap","floor":14.0},{"not_picked":["Go for the Eyes","Reinforced Body"],"picked":"Glacier","floor":14.0},{"not_picked":["Hyperbeam","Thunder Strike"],"picked":"Echo Form","floor":16.0},{"not_picked":["Sweeping Beam","Barrage"],"picked":"Conserve Battery","floor":18.0},{"not_picked":["Barrage+1","Melter"],"picked":"Capacitor","floor":19},{"not_picked":["Gash+1","Turbo"],"picked":"Fission","floor":21}],"player_experience":1308099,"relics_obtained":[{"floor":6.0,"key":"The Courier"},{"floor":9.0,"key":"Lantern"}],"event_choices":[{"damage_healed":0.0,"max_hp_gain":0.0,"max_hp_loss":0.0,"gold_gain":67.0,"event_name":"Golden Wing","player_choice":"Gained Gold","floor":5.0,"gold_loss":0.0,"damage_taken":0.0},{"damage_healed":0.0,"max_hp_gain":0.0,"max_hp_loss":0.0,"gold_gain":0.0,"event_name":"Dead Adventurer","player_choice":"Searched \u00270\u0027 times","floor":13.0,"gold_loss":0.0,"damage_taken":0.0},{"damage_healed":0,"gold_gain":0,"player_choice":"Joined the Cult","damage_taken":6,"max_hp_gain":0,"max_hp_loss":0,"event_name":"Nest","floor":22,"gold_loss":0,"cards_obtained":["RitualDagger"]}],"is_beta":false,"boss_relics":[{"not_picked":["Black Star","Ectoplasm"],"picked":"Runic Pyramid"}],"items_purged_floors":[],"is_endless":false,"potions_floor_spawned":[1,4,8,16],"killed_by":"Gremlin Leader","ascension_level":4}}