{"host":"v380u9jqfq8325l5","time":1612479348,"event":{"mods":["BaseMod","Bestiary","BetterRewards","Colored Map","Colored Powertips","Curses Come First","Evolution","Halation","Hubris","Infinite Spire","Minty Spire (QoL Compilation)","Reliquary","Spire Arcade","StSLib","SuperFastMode"],"gold_per_floor":[112,112,37,52,52,52,52],"floor_reached":6,"language":"ENG","playtime":202,"items_purged":["Strike_B","Strike_B","Strike_B"],"score":68,"play_id":"3a7853be-0a35-4fda-82f8-512195358082","local_time":"20210205015548","is_ascension_mode":true,"campfire_choices":[],"circlet_count":0,"master_deck":["AscendersBane","Defend_B","Defend_B","Defend_B","Defend_B","Zap","Dualcast","Loop+1","Panache+1","Defragment+1","Storm+1","Genetic Algorithm","Coolheaded"],"relics":["Cracked Core","EVO:Axolotl","Juzu Bracelet","Chemical X","Girya","Frozen Egg 2","Runic Capacitor","reliquary:Conveyor","hubris:64BitClover","Shovel","Unceasing Top","hubris:Icosahedron"],"acts_visited":["Exordium"],"potions_floor_usage":[6],"damage_taken":[{"damage":15,"enemies":"Small Slimes","floor":1,"turns":4},{"damage":0,"enemies":"Cultist","floor":4,"turns":3},{"damage":49,"enemies":"Gremlin Nob","floor":6,"turns":3}],"seed_played":"-842606983162394290","potions_obtained":[{"floor":4,"key":"EntropicBrew"}],"is_trial":false,"path_per_floor":["M","?","?","M","?","E"],"character_chosen":"DEFECT","items_purchased":["Juzu Bracelet","Chemical X","Frozen Egg 2","Loop+1","Panache+1","Runic Capacitor","Defragment+1","hubris:64BitClover","Unceasing Top","Storm+1"],"campfire_rested":0,"item_purchase_floors":[0,0,0,0,0,0,0,0,0,0],"current_hp_per_floor":[41,41,41,41,41,0,0],"gold":52,"neow_bonus":"","is_daily":false,"chose_seed":false,"campfire_upgraded":0,"win_rate":0.0,"timestamp":1612479348,"path_taken":["M","?","?","M","?","E"],"items_purchased_type":["Relic","Relic","Relic","Card","Card","Relic","Card","Relic","Relic","Card"],"build_version":"2020-12-22","purchased_purges":3,"victory":false,"max_hp_per_floor":[71,71,71,71,71,71,71],"card_choices":[{"not_picked":["Ball Lightning","Conserve Battery"],"picked":"Genetic Algorithm","floor":1},{"not_picked":["Steam","Sweeping Beam"],"picked":"Coolheaded","floor":4}],"player_experience":229594,"relics_obtained":[],"event_choices":[{"cards_removed":["Strike_B"],"damage_healed":0,"gold_gain":0,"player_choice":"Card Removal","damage_taken":0,"max_hp_gain":0,"max_hp_loss":0,"event_name":"The Cleric","floor":3,"gold_loss":75},{"damage_healed":0,"gold_gain":0,"player_choice":"Ignored","damage_taken":0,"max_hp_gain":0,"max_hp_loss":0,"event_name":"Liars Game","floor":5,"gold_loss":0}],"is_beta":false,"boss_relics":[],"items_purged_floors":[0,0,0],"is_endless":false,"potions_floor_spawned":[4],"killed_by":"Gremlin Nob","ascension_level":20}}