{"host":"hjajo0rafoe1e6c4","time":1612410726,"event":{"mods":["AchievementEnabler","BaseMod","Bestiary","Colored Map","Colored Powertips","Downfall","Highlight Path","Minty Spire (QoL Compilation)","Relic Stats","StSLib"],"gold_per_floor":[99,112,112,124,144,44,44,70,30,30,46,61,91,116,144,144,144,144],"floor_reached":16,"language":"ENG","playtime":891,"items_purged":[],"score":104,"play_id":"b76d4d2f-e4b4-4550-aa30-bc06fda1c045","local_time":"20210203225206","is_ascension_mode":false,"campfire_choices":[{"floor":1,"key":"RECALL"},{"data":"hexamod:ThermalTransfer","floor":6,"key":"SMITH"},{"data":"hexamod:SoulSteal","floor":10,"key":"SMITH"}],"circlet_count":0,"master_deck":["hexamod:Strike","hexamod:Strike","hexamod:Strike","hexamod:Defend","hexamod:Defend","hexamod:Defend","hexamod:Defend","hexamod:Sear","hexamod:Float","hexamod:FlamesFromBeyond","hexamod:SoulSteal+1","hexamod:ThermalTransfer+1","hexamod:ThirdSeal","hexamod:ShieldOfDarkness","hexamod:Rewind","hexamod:FlamesFromBeyond","hexamod:GhostShield","hexamod:HeatCrush","hexamod:SecondSeal","hexamod:ThermalTransfer","hexamod:AdvancingGuard","hexamod:ChargedBarrage","hexamod:PowerFromBeyond","hexamod:PhantomFireball","hexamod:ExtraCrispy","hexamod:SearingWound"],"relics":["hexamod:IceCube","downfall:HeartBlessingRed","Juzu Bracelet","Odd Mushroom"],"acts_visited":["Exordium"],"potions_floor_usage":[14],"damage_taken":[{"damage":4,"enemies":"Cultist","floor":2,"turns":4},{"damage":2,"enemies":"Jaw Worm","floor":4,"turns":4},{"damage":8,"enemies":"Small Slimes","floor":5,"turns":4},{"damage":16,"enemies":"Lagavulin","floor":8,"turns":8},{"damage":0,"enemies":"downfall:FleeingMerchant","floor":9,"turns":4},{"damage":7,"enemies":"Blue Slaver","floor":11,"turns":4},{"damage":1,"enemies":"2 Fungi Beasts","floor":12,"turns":4},{"damage":17,"enemies":"The Mushroom Lair","floor":13,"turns":4},{"damage":1,"enemies":"Large Slime","floor":14,"turns":4},{"damage":1,"enemies":"3 Louse","floor":15,"turns":4},{"damage":17,"enemies":"IC_STATUS_ARCHETYPE","floor":16,"turns":2}],"seed_played":"-1619741556393294682","potions_obtained":[{"floor":5,"key":"AttackPotion"},{"floor":12,"key":"Swift Potion"},{"floor":14,"key":"FearPotion"},{"floor":15,"key":"Fire Potion"}],"is_trial":false,"path_per_floor":["R","M","?","M","M","R","T","E","$","R","M","M","?","M","M","B"],"character_chosen":"THE_SPIRIT","items_purchased":["hexamod:FlamesFromBeyond"],"campfire_rested":0,"item_purchase_floors":[9],"current_hp_per_floor":[70,66,66,64,56,56,56,40,40,40,33,32,15,14,13,0,0,0],"gold":144,"neow_bonus":"BOSS_RELIC","is_daily":false,"chose_seed":false,"campfire_upgraded":2,"win_rate":0.0,"timestamp":1612410726,"path_taken":["R","M","?","M","M","R","T","E","$","R","M","M","?","M","M","BOSS"],"items_purchased_type":["Card"],"build_version":"2020-12-22","purchased_purges":0,"victory":false,"max_hp_per_floor":[70,70,70,70,70,70,70,70,70,70,70,70,70,70,70,70,70,70],"relic_stats":{"counters":[11,46],"Juzu Bracelet":1,"obtain_stats":[{"downfall:HeartBlessingRed":6,"Juzu Bracelet":8,"Odd Mushroom":13,"hexamod:SpiritBrand":0,"hexamod:IceCube":0},{"downfall:HeartBlessingRed":3,"Juzu Bracelet":4,"Odd Mushroom":8,"hexamod:SpiritBrand":0,"hexamod:IceCube":0},{"downfall:HeartBlessingRed":12,"Juzu Bracelet":20,"Odd Mushroom":36,"hexamod:SpiritBrand":0,"hexamod:IceCube":0}]},"card_choices":[{"not_picked":["hexamod:BacktrackSmack","hexamod:EtherealExpedition"],"picked":"hexamod:FlamesFromBeyond","floor":2},{"not_picked":["hexamod:NightmareGuise","hexamod:GhostLash"],"picked":"hexamod:SoulSteal","floor":4},{"not_picked":["hexamod:ChargedBarrage","hexamod:ShieldOfDarkness"],"picked":"hexamod:ThermalTransfer","floor":5},{"not_picked":["hexamod:ParanormalForm","hexamod:ChargedBarrage"],"picked":"hexamod:ThirdSeal","floor":8},{"not_picked":["hexamod:NightmareStrike","hexamod:GhostOfSpireFuture"],"picked":"hexamod:ShieldOfDarkness","floor":9},{"not_picked":["hexamod:InspiringFlames","hexamod:SpectralAdrenaline"],"picked":"hexamod:Rewind","floor":9},{"not_picked":["hexamod:AdvancingGuard","hexamod:GhostLash"],"picked":"hexamod:GhostShield","floor":11},{"not_picked":["hexamod:HeatMetal","hexamod:Haunt"],"picked":"hexamod:HeatCrush","floor":11},{"not_picked":["hexamod:InspiringFlames","hexamod:Again"],"picked":"hexamod:SecondSeal","floor":12},{"not_picked":["hexamod:Firestarter","hexamod:HauntingEcho"],"picked":"hexamod:ThermalTransfer","floor":12},{"not_picked":["hexamod:Firestarter","hexamod:HauntingEcho"],"picked":"hexamod:AdvancingGuard","floor":13},{"not_picked":["hexamod:ShieldOfDarkness","hexamod:Haunt"],"picked":"hexamod:ChargedBarrage","floor":13},{"not_picked":["hexamod:BacktrackSmack","hexamod:ThirdSeal"],"picked":"hexamod:PowerFromBeyond","floor":14},{"not_picked":["hexamod:GhostShield","hexamod:SoulSteal"],"picked":"hexamod:PhantomFireball","floor":14},{"not_picked":["hexamod:SpectralAdrenaline","hexamod:GhostShield"],"picked":"hexamod:ExtraCrispy","floor":15},{"not_picked":["hexamod:SwordOfDarkness","hexamod:NightmareStrike"],"picked":"hexamod:SearingWound","floor":15}],"player_experience":225574,"relics_obtained":[{"floor":8,"key":"Juzu Bracelet"},{"floor":13,"key":"Odd Mushroom"}],"event_choices":[{"cards_removed":["hexamod:Strike"],"damage_healed":0,"gold_gain":0,"player_choice":"Offered Basic","damage_taken":0,"max_hp_gain":0,"max_hp_loss":0,"event_name":"Bonfire Elementals","floor":3,"gold_loss":0},{"damage_healed":0,"gold_gain":0,"player_choice":"Fought Mushrooms","damage_taken":0,"max_hp_gain":0,"max_hp_loss":0,"event_name":"Mushrooms","floor":13,"gold_loss":0}],"is_beta":false,"boss_relics":[],"items_purged_floors":[],"is_endless":false,"potions_floor_spawned":[5,12,14,15],"killed_by":"IC_STATUS_ARCHETYPE","ascension_level":0}}