{"host":"hs5g5f0q56ds4vmn","time":1612451659,"event":{"mods":["AchievementEnabler","BaseMod","DeckTracker","Highlight Path","Minty Spire (QoL Compilation)","SuperFastMode","everything is the same but u backflip on backflip"],"gold_per_floor":[211,89,102,114,14,14,14,25,52,64,64,14,48,63,63,63,63],"floor_reached":16,"language":"KOR","playtime":928,"items_purged":["Strike_B","Zap","Strike_B"],"score":168,"play_id":"99c7860f-6c29-490a-a426-bcdba232cc6b","local_time":"20210205001419","is_ascension_mode":true,"campfire_choices":[{"data":"Darkness","floor":7,"key":"SMITH"},{"data":"Redo","floor":11,"key":"SMITH"},{"floor":15,"key":"REST"}],"circlet_count":0,"master_deck":["AscendersBane","Strike_B","Strike_B","Defend_B","Defend_B","Defend_B","Defend_B","Dualcast","Darkness+1","Redo+1","BootSequence"],"relics":["Cracked Core","Smiling Mask","PreservedInsect"],"acts_visited":["Exordium"],"potions_floor_usage":[6,10,16],"damage_taken":[{"damage":9.0,"enemies":"2 Louse","floor":1.0,"turns":3.0},{"damage":6.0,"enemies":"Cultist","floor":3.0,"turns":4.0},{"damage":0,"enemies":"Small Slimes","floor":4,"turns":3},{"damage":0,"enemies":"Gremlin Nob","floor":6,"turns":2},{"damage":7,"enemies":"Looter","floor":8,"turns":3},{"damage":10,"enemies":"Lots of Slimes","floor":10,"turns":4},{"damage":15,"enemies":"3 Sentries","floor":13,"turns":6},{"damage":3,"enemies":"Exordium Thugs","floor":14,"turns":3},{"damage":42,"enemies":"The Guardian","floor":16,"turns":7}],"seed_played":"-2517040480178509733","potions_obtained":[{"floor":3.0,"key":"SmokeBomb"},{"floor":8,"key":"AttackPotion"},{"floor":10,"key":"Ancient Potion"},{"floor":13,"key":"Ancient Potion"}],"is_trial":false,"path_per_floor":["M","$","M","M","$","E","R","M","T","M","R","$","E","M","R","B"],"character_chosen":"DEFECT","items_purchased":["Redo"],"campfire_rested":1,"item_purchase_floors":[2],"current_hp_per_floor":[59,59,53,53,53,53,53,46,46,36,36,36,21,18,40,0,0],"gold":63,"neow_bonus":"HUNDRED_GOLD","is_daily":false,"chose_seed":false,"campfire_upgraded":2,"win_rate":0.0,"timestamp":1612451659,"path_taken":["M","$","M","M","$","E","R","M","T","M","R","$","E","M","R","BOSS"],"items_purchased_type":["Card"],"build_version":"2020-12-22","purchased_purges":3,"victory":false,"max_hp_per_floor":[75,75,75,75,75,75,75,75,75,75,75,75,75,75,75,75,75],"card_choices":[{"not_picked":["Barrage","Streamline"],"picked":"Darkness","floor":1.0},{"not_picked":["Tempest","Double Energy","Gash"],"picked":"SKIP","floor":3.0},{"not_picked":["Blizzard","Hello World","Compile Driver"],"picked":"SKIP","floor":4},{"not_picked":["Rebound","Stack","Doom and Gloom"],"picked":"SKIP","floor":8},{"not_picked":["Tempest","Stack"],"picked":"BootSequence","floor":10},{"not_picked":["Gash","Sweeping Beam","Beam Cell"],"picked":"SKIP","floor":13},{"not_picked":["Compile Driver","Rebound","Conserve Battery"],"picked":"SKIP","floor":14}],"player_experience":577809,"relics_obtained":[{"floor":9,"key":"Smiling Mask"},{"floor":13,"key":"PreservedInsect"}],"event_choices":[],"is_beta":false,"boss_relics":[],"items_purged_floors":[2,5,12],"is_endless":false,"potions_floor_spawned":[3,8,10,13],"killed_by":"The Guardian","ascension_level":10}}