{"host":"qfskrnw3pl1q86j0","time":1612461123,"event":{"mods":["BaseMod","Block Reminder","Hermit","Marisa????????","Minty Spire (QoL Compilation)","Quick Restart","Random Character Button","Relic Stats","StSLib","The Poker Player","slay the spire mod where everything is the same but ironclad has a cowboy hat"],"gold_per_floor":[111,125,125,14,30,30,48,48,48,65,65,65,80,110,110,211,211,228,245,261,278,26,26,26,40,40,139,14,14,27,27,27,126,126,141,157,173,173,187,187,199,199,223,76,76,91,91,103,103,103],"floor_reached":51,"language":"ENG","playtime":2044,"items_purged":["Strike_G","Strike_G","Strike_G"],"score":653,"play_id":"611f6e84-340b-44bd-baa2-1937e5136269","local_time":"20210204185203","is_ascension_mode":false,"campfire_choices":[{"data":"Neutralize","floor":6.0,"key":"SMITH"},{"data":"Deadly Poison","floor":8.0,"key":"SMITH"},{"data":"Footwork","floor":12.0,"key":"SMITH"},{"data":"Bane","floor":15.0,"key":"SMITH"},{"data":"Die Die Die","floor":23.0,"key":"SMITH"},{"data":"Quick Slash","floor":29.0,"key":"SMITH"},{"floor":32.0,"key":"REST"},{"data":"Adrenaline","floor":40,"key":"SMITH"},{"data":"Backflip","floor":47,"key":"SMITH"},{"floor":49,"key":"REST"}],"circlet_count":0,"master_deck":["Strike_G","Defend_G","Defend_G","Defend_G+1","Defend_G","Survivor","Neutralize+1","Burst","Leg Sweep","Deadly Poison+1","Footwork+1","Dodge and Roll","Bane+1","All Out Attack+1","Die Die Die+1","Calculated Gamble","Quick Slash+1","Backflip+1","Burst","Adrenaline+1","Terror+1","Poisoned Stab+1","Poisoned Stab+1","Deadly Poison+1","Dramatic Entrance","Blade Dance+1"],"relics":["Ring of the Snake","Darkstone Periapt","Orichalcum","Oddly Smooth Stone","Empty Cage","Omamori","Tough Bandages","Philosopher\u0027s Stone","Dream Catcher","Bag of Preparation"],"acts_visited":["Exordium","TheCity","TheBeyond"],"potions_floor_usage":[39,50,50,50],"damage_taken":[{"damage":4.0,"enemies":"Jaw Worm","floor":1.0,"turns":7.0},{"damage":1.0,"enemies":"Cultist","floor":2.0,"turns":4.0},{"damage":3.0,"enemies":"Small Slimes","floor":5.0,"turns":5.0},{"damage":0.0,"enemies":"Exordium Wildlife","floor":7.0,"turns":8.0},{"damage":1.0,"enemies":"2 Fungi Beasts","floor":10.0,"turns":5.0},{"damage":0.0,"enemies":"Large Slime","floor":13.0,"turns":5.0},{"damage":6.0,"enemies":"Lagavulin","floor":14.0,"turns":5.0},{"damage":3.0,"enemies":"Hexaghost","floor":16.0,"turns":12.0},{"damage":0.0,"enemies":"Chosen","floor":18.0,"turns":3.0},{"damage":0.0,"enemies":"Shell Parasite","floor":19.0,"turns":5.0},{"damage":23.0,"enemies":"Sentry and Sphere","floor":20.0,"turns":6.0},{"damage":16.0,"enemies":"Shelled Parasite and Fungi","floor":21.0,"turns":10.0},{"damage":6.0,"enemies":"Snake Plant","floor":25.0,"turns":5.0},{"damage":5.0,"enemies":"Chosen and Byrds","floor":30.0,"turns":6.0},{"damage":33.0,"enemies":"Automaton","floor":33.0,"turns":12.0},{"damage":0.0,"enemies":"Orb Walker","floor":35.0,"turns":3.0},{"damage":0,"enemies":"3 Shapes","floor":36,"turns":6},{"damage":14,"enemies":"Transient","floor":37,"turns":5},{"damage":4,"enemies":"Sphere and 2 Shapes","floor":39,"turns":6},{"damage":0,"enemies":"Spire Growth","floor":41,"turns":4},{"damage":6,"enemies":"Jaw Worm Horde","floor":46,"turns":3},{"damage":0,"enemies":"3 Darklings","floor":48,"turns":2},{"damage":36,"enemies":"Awakened One","floor":50,"turns":19}],"seed_played":"-2775503136969532080","potions_obtained":[{"floor":2.0,"key":"SteroidPotion"},{"floor":5.0,"key":"Fruit Juice"},{"floor":7.0,"key":"SkillPotion"},{"floor":18.0,"key":"DuplicationPotion"},{"floor":25.0,"key":"GamblersBrew"},{"floor":30.0,"key":"Fire Potion"},{"floor":36,"key":"AttackPotion"},{"floor":41,"key":"ColorlessPotion"}],"is_trial":false,"path_per_floor":["M","M","?","$","M","R","M","R","T","M","?","R","M","E","R","B",null,"M","M","M","M","$","R","?","M","T","?","$","R","M","$","R","B",null,"M","M","M","?","M","R","M","?","T","$","?","M","R","M","R","B",null],"character_chosen":"THE_SILENT","items_purchased":["Footwork","Omamori","Bag of Preparation"],"campfire_rested":2,"item_purchase_floors":[4,22,44],"current_hp_per_floor":[66,65,65,65,62,62,62,62,62,61,47,47,47,41,41,38,70,70,70,47,31,31,31,31,25,25,25,25,25,20,20,41,8,70,70,70,56,56,52,52,52,52,52,52,52,46,46,46,67,36],"gold":103,"neow_bonus":"ONE_RANDOM_RARE_CARD","is_daily":false,"chose_seed":false,"campfire_upgraded":8,"win_rate":0.0,"timestamp":1612461123,"path_taken":["M","M","?","$","M","R","M","R","T","?","?","R","M","E","R","BOSS","M","M","M","M","$","R","?","M","T","?","$","R","M","?","R","BOSS","M","M","M","?","M","R","M","?","T","$","?","?","R","M","R","BOSS"],"items_purchased_type":["Card","Relic","Relic"],"build_version":"2020-12-22","purchased_purges":3,"victory":true,"max_hp_per_floor":[70,70,70,70,70,70,70,70,70,70,70,70,70,70,70,70,70,70,70,70,70,70,70,70,70,70,70,70,70,70,70,70,70,70,70,70,70,70,70,70,70,70,70,70,70,70,70,70,70,75],"relic_stats":{"Darkstone Periapt":0,"Tough Bandages":[156],"Dream Catcher":1,"counters":[23,146],"Bag of Preparation":[6],"Orichalcum":[126],"obtain_stats":[{"Darkstone Periapt":3,"Tough Bandages":26,"Dream Catcher":43,"Oddly Smooth Stone":14,"Philosopher\u0027s Stone":34,"Omamori":22,"Bag of Preparation":44,"Orichalcum":9,"Empty Cage":17,"Ring of the Snake":0},{"Darkstone Periapt":2,"Tough Bandages":13,"Dream Catcher":20,"Oddly Smooth Stone":7,"Philosopher\u0027s Stone":15,"Omamori":12,"Bag of Preparation":20,"Orichalcum":4,"Empty Cage":8,"Ring of the Snake":0},{"Darkstone Periapt":11,"Tough Bandages":80,"Dream Catcher":122,"Oddly Smooth Stone":39,"Philosopher\u0027s Stone":98,"Omamori":75,"Bag of Preparation":122,"Orichalcum":24,"Empty Cage":51,"Ring of the Snake":0}],"Ring of the Snake":[46]},"card_choices":[{"not_picked":["Underhanded Strike","Deflect"],"picked":"Leg Sweep","floor":1.0},{"not_picked":["Reflex","Quick Slash"],"picked":"Deadly Poison","floor":2.0},{"not_picked":["Deflect","Acrobatics"],"picked":"Dodge and Roll","floor":5.0},{"not_picked":["Quick Slash","Prepared"],"picked":"Bane","floor":7.0},{"not_picked":["Calculated Gamble","Outmaneuver"],"picked":"All Out Attack","floor":10.0},{"not_picked":["Setup","Choke"],"picked":"Die Die Die","floor":13.0},{"not_picked":["Bane","Calculated Gamble","Expertise"],"picked":"SKIP","floor":14.0},{"not_picked":["Bane","Expertise"],"picked":"Calculated Gamble","floor":14.0},{"not_picked":["Dagger Throw","Riddle With Holes"],"picked":"Quick Slash","floor":18.0},{"not_picked":["Cloak And Dagger","Tactician"],"picked":"Backflip","floor":19.0},{"not_picked":["Acrobatics","Slice+1","Prepared+1"],"picked":"SKIP","floor":20.0},{"not_picked":["Dodge and Roll","Sucker Punch"],"picked":"Burst","floor":21.0},{"not_picked":["Distraction","Masterful Stab+1","Deflect+1"],"picked":"SKIP","floor":25.0},{"not_picked":["Outmaneuver","Quick Slash","Reflex+1"],"picked":"SKIP","floor":30.0},{"not_picked":["Night Terror","Doppelganger"],"picked":"Adrenaline","floor":33.0},{"not_picked":["Leg Sweep","All Out Attack+1"],"picked":"Terror+1","floor":35.0},{"not_picked":["Escape Plan+1","PiercingWail+1"],"picked":"Poisoned Stab+1","floor":36},{"not_picked":["Eviscerate","Cloak And Dagger+1","Catalyst"],"picked":"SKIP","floor":37},{"not_picked":["Leg Sweep","Dodge and Roll"],"picked":"Poisoned Stab+1","floor":39},{"not_picked":["Underhanded Strike+1","Concentrate"],"picked":"Deadly Poison+1","floor":41},{"not_picked":["Transmutation","Mind Blast"],"picked":"Dramatic Entrance","floor":45},{"not_picked":["Finisher+1","Riddle With Holes"],"picked":"Blade Dance+1","floor":46},{"not_picked":["Eviscerate+1","Choke","Flying Knee+1"],"picked":"SKIP","floor":48}],"player_experience":1031985,"relics_obtained":[{"floor":3.0,"key":"Darkstone Periapt"},{"floor":9.0,"key":"Orichalcum"},{"floor":14.0,"key":"Oddly Smooth Stone"},{"floor":26.0,"key":"Tough Bandages"},{"floor":43,"key":"Dream Catcher"}],"event_choices":[{"damage_healed":0.0,"max_hp_gain":0.0,"max_hp_loss":0.0,"gold_gain":0.0,"event_name":"Wheel of Change","player_choice":"Relic","floor":3.0,"gold_loss":0.0,"damage_taken":0.0},{"damage_healed":0.0,"max_hp_gain":0.0,"max_hp_loss":0.0,"gold_gain":0.0,"event_name":"Shining Light","player_choice":"Entered Light","floor":11.0,"gold_loss":0.0,"damage_taken":14.0,"cards_upgraded":["Defend_G","All Out Attack"]},{"damage_healed":0.0,"max_hp_gain":0.0,"max_hp_loss":0.0,"gold_gain":0.0,"event_name":"Ghosts","player_choice":"Ignored","floor":24.0,"gold_loss":0.0,"damage_taken":0.0},{"damage_healed":0.0,"max_hp_gain":0.0,"max_hp_loss":0.0,"gold_gain":99.0,"event_name":"Nest","player_choice":"Stole From Cult","floor":27.0,"gold_loss":0.0,"damage_taken":0.0},{"damage_healed":0,"gold_gain":0,"player_choice":"Ignored","damage_taken":0,"max_hp_gain":0,"max_hp_loss":0,"event_name":"Mysterious Sphere","floor":38,"gold_loss":0},{"damage_healed":0,"gold_gain":0,"player_choice":"Ignored","damage_taken":0,"max_hp_gain":0,"max_hp_loss":0,"event_name":"OrinTheCat","floor":42,"gold_loss":0},{"damage_healed":0,"gold_gain":0,"player_choice":"Memory 1","damage_taken":0,"max_hp_gain":0,"max_hp_loss":0,"event_name":"SensoryStone","floor":45,"gold_loss":0}],"is_beta":false,"boss_relics":[{"not_picked":["Black Star","Calling Bell"],"picked":"Empty Cage"},{"not_picked":["Tiny House","Runic Dome"],"picked":"Philosopher\u0027s Stone"}],"items_purged_floors":[4,22,28],"is_endless":false,"potions_floor_spawned":[2,5,7,10,18,25,30,36,41],"ascension_level":0}}