{"host":"xltl1aroowo69o4n","time":1612411095,"event":{"mods":["BaseMod","Colored Map","Colored Powertips","Downfall","Marisa????????","Minty Spire (QoL Compilation)","StSLib","The Cursed","The Hierophant","The Mystic","The Necromancer"],"gold_per_floor":[199,211,226,226,226,259,304,4,4,4,15,0,0,20,31,133,133,133,149,55,70,88,88,88,97,114,114,16,16,16,32,43,142,142,142,153,170,189,189,189],"floor_reached":39,"language":"ENG","playtime":2615,"items_purged":[],"score":433,"play_id":"238a4816-9fdd-423a-8936-d56aa44e8227","local_time":"20210203225815","is_ascension_mode":false,"campfire_choices":[{"floor":1,"key":"RECALL"},{"floor":8,"key":"REST"},{"floor":10,"key":"REST"},{"data":"MagicChant","floor":18,"key":"SMITH"},{"floor":23,"key":"REST"},{"data":"TreasureHunter","floor":35,"key":"SMITH"}],"circlet_count":0,"master_deck":["Strike_MRS","Strike_MRS","Strike_MRS","Strike_MRS","Defend_MRS","Defend_MRS","Defend_MRS","Defend_MRS","MasterSpark","UpSweep","PulseMagic","GrandCross","MagicChant+1","DC","OrrerysSun","MysteriousBeam","GalacticHalo","6A","EnergyRecoil","BinaryStars","GalacticHalo+1","ChargeUpSpray","FinalSpark","DC+1","GrandCross+1","ShootTheMoon","Mayhem","expansioncontent:LastStand","GalacticHalo","AsteroidBelt","SporeBomb+1","Swift Strike","downfall:Bewildered","UltimateShortwave","MilkyWay+1","TreasureHunter+1","AsteroidBelt+1","DeepEcoloBomb+1","OpenUniverse"],"relics":["BewitchedHakkero","Bottled Lightning","Happy Flower","downfall:HeartBlessingRed","downfall:HeartBlessingGreen","downfall:HeartBlessingBlue","Bottled Tornado","Nilry\u0027s Codex","sneckomod:BabySnecko","ExperimentalFamiliar"],"acts_visited":["Exordium","TheCity","TheBeyond"],"potions_floor_usage":[16,16,16,25,31,33,33,38],"damage_taken":[{"damage":2,"enemies":"2 Louse","floor":2,"turns":3},{"damage":6,"enemies":"Jaw Worm","floor":3,"turns":3},{"damage":47,"enemies":"Gremlin Nob","floor":6,"turns":5},{"damage":0,"enemies":"Cultist","floor":9,"turns":1},{"damage":6,"enemies":"3 Louse","floor":11,"turns":2},{"damage":4,"enemies":"downfall:FleeingMerchant","floor":12,"turns":4},{"damage":15,"enemies":"downfall:FleeingMerchant","floor":13,"turns":4},{"damage":7,"enemies":"Red Slaver","floor":14,"turns":2},{"damage":19,"enemies":"Exordium Wildlife","floor":15,"turns":3},{"damage":9,"enemies":"DF_ARCHETYPE_STREAMLINE","floor":16,"turns":9},{"damage":5,"enemies":"3 Byrds","floor":19,"turns":4},{"damage":7,"enemies":"downfall:FleeingMerchant","floor":20,"turns":4},{"damage":0,"enemies":"Spheric Guardian","floor":21,"turns":3},{"damage":10,"enemies":"Cultist and Chosen","floor":22,"turns":6},{"damage":0,"enemies":"downfall:FleeingMerchant","floor":25,"turns":2},{"damage":25,"enemies":"3 Cultists","floor":26,"turns":6},{"damage":6,"enemies":"Snake Plant","floor":31,"turns":3},{"damage":10,"enemies":"Cultist and Chosen","floor":32,"turns":4},{"damage":22,"enemies":"SI_MIRROR_ARCHETYPE","floor":33,"turns":4},{"damage":38,"enemies":"3 Darklings","floor":36,"turns":6},{"damage":0,"enemies":"3 Shapes","floor":37,"turns":2},{"damage":17,"enemies":"Transient","floor":38,"turns":5},{"damage":36,"enemies":"Sphere and 2 Shapes","floor":39,"turns":3}],"seed_played":"-4490338458839685568","potions_obtained":[{"floor":2,"key":"PowerPotion"},{"floor":6,"key":"EssenceOfSteel"},{"floor":15,"key":"Block Potion"},{"floor":16,"key":"CultistPotion"},{"floor":21,"key":"FearPotion"},{"floor":26,"key":"sneckomod:MuddlingPotion"},{"floor":31,"key":"sneckomod:MuddlingPotion"},{"floor":33,"key":"SneckoOil"}],"is_trial":false,"path_per_floor":["R","M","M","?","T","E","T","R","M","R","M","$","$","M","M","B",null,"R","M","$","M","M","R","T","$","M","?","$","?","$","M","M","B",null,"R","M","M","M","M"],"character_chosen":"MARISA","items_purchased":["FinalSpark","Mayhem","expansioncontent:LastStand","GalacticHalo","AsteroidBelt","Swift Strike"],"campfire_rested":3,"item_purchase_floors":[20,25,25,25,25,28],"current_hp_per_floor":[75,73,67,67,67,20,20,55,55,80,74,70,55,48,29,20,85,85,80,73,73,63,85,85,85,60,44,44,44,44,38,28,6,85,85,47,47,30,0,0],"gold":189,"neow_bonus":"HUNDRED_GOLD","is_daily":false,"chose_seed":false,"campfire_upgraded":2,"win_rate":0.0,"timestamp":1612411095,"path_taken":["R","M","M","?","?","E","T","R","M","R","M","?","$","M","M","BOSS","R","M","$","M","M","R","T","$","M","?","$","?","?","?","M","BOSS","R","M","M","M","M"],"items_purchased_type":["Card","Card","Card","Card","Card","Card"],"build_version":"2020-12-13","purchased_purges":0,"victory":false,"max_hp_per_floor":[75,75,75,75,75,75,75,85,85,85,85,85,85,85,85,85,85,85,85,85,85,85,85,85,85,85,85,85,85,85,85,85,85,85,85,85,85,85,85,85],"card_choices":[{"not_picked":["AlicesGift","OpenUniverse"],"picked":"PulseMagic","floor":2},{"not_picked":["SporeBomb","NonDirectionalLaser"],"picked":"GrandCross","floor":3},{"not_picked":["AsteroidBelt","GalacticHalo"],"picked":"MagicChant","floor":6},{"not_picked":["DarkMatter","MeteoricShower"],"picked":"DC","floor":9},{"not_picked":["EventHorizon","FairyDestructionRay"],"picked":"OrrerysSun","floor":11},{"not_picked":["LuminesStrike","WitchLeyline"],"picked":"MysteriousBeam","floor":12},{"not_picked":["ShootTheMoon","AsteroidBelt"],"picked":"GalacticHalo","floor":13},{"not_picked":["UnstableBomb","ShootingEcho"],"picked":"6A","floor":14},{"not_picked":["GravityBeat","OneTimeOff"],"picked":"EnergyRecoil","floor":15},{"not_picked":["BigCrunch","EscapeVelocity"],"picked":"BinaryStars","floor":16},{"not_picked":["EnergyRecoil","Robbery"],"picked":"GalacticHalo+1","floor":19},{"not_picked":["EnergyFlow+1","LuminesStrike"],"picked":"ChargeUpSpray","floor":20},{"not_picked":["MysteriousBeam","NonDirectionalLaser"],"picked":"DC+1","floor":21},{"not_picked":["DoubleSpark","JA"],"picked":"GrandCross+1","floor":22},{"not_picked":["SporeBomb","DoubleSpark"],"picked":"ShootTheMoon","floor":25},{"not_picked":["GravityBeat+1","DC"],"picked":"SporeBomb+1","floor":26},{"not_picked":["EarthLightRay","UnstableBomb+1"],"picked":"UltimateShortwave","floor":31},{"not_picked":["EnergyRecoil","FairyDestructionRay"],"picked":"MilkyWay+1","floor":32},{"not_picked":["BlazingStar","FinalSpark"],"picked":"TreasureHunter","floor":33},{"not_picked":["EnergyRecoil","Acceleration"],"picked":"AsteroidBelt+1","floor":36},{"not_picked":["DoubleSpark","GravityBeat"],"picked":"DeepEcoloBomb+1","floor":37},{"not_picked":["GasGiant","DC+1"],"picked":"OpenUniverse","floor":38}],"player_experience":122524,"relics_obtained":[{"floor":6,"key":"Bottled Lightning"},{"floor":7,"key":"Happy Flower"},{"floor":24,"key":"Bottled Tornado"},{"floor":27,"key":"Nilry\u0027s Codex"}],"event_choices":[],"is_beta":false,"boss_relics":[{"not_picked":["Astrolabe","Fusion Hammer"],"picked":"BewitchedHakkero"},{"not_picked":["Runic Dome","Busted Crown"],"picked":"ExperimentalFamiliar"}],"items_purged_floors":[],"is_endless":false,"potions_floor_spawned":[2,6,15,16,21,26,31,33],"killed_by":"Sphere and 2 Shapes","ascension_level":0}}