{"host":"l84l8xigz5v5foa2","time":1612421388,"event":{"mods":["2.2 Compatiblity","AchievementEnabler","BaseMod","Better Note","Better Vampires","BetterRewards","Card Filter","Colored Map","DeckTracker","Downfall","Gremlin Skip","Highlight Path","Keyboard Shortcuts","Minty Spire (QoL Compilation)","Permanent Neow","Quick Restart","Relic Filter","Relic Stats","StSLib","SuperFastMode","Transform Curses","Unknown Chances"],"gold_per_floor":[113,128,140,160,177,177,211,211,211,211,211,237,13,24,24,102,102,118,118,130,130,149,149,168,200,200,230,250,250,321,336,336,412,412,425,425,425,46,64,64,97,97,97,97,122,122,141,169,169,169,169,169,169,23,23,23,23],"floor_reached":55,"language":"ENG","playtime":2247,"items_purged":["hexamod:Strike","hexamod:Strike","hexamod:Defend"],"score":2150,"play_id":"ab8595d9-4371-4fa8-8408-e4833196652d","local_time":"20210204154948","is_ascension_mode":true,"campfire_choices":[{"data":"hexamod:Float","floor":6.0,"key":"SMITH"},{"data":"hexamod:Rewind","floor":8.0,"key":"SMITH"},{"data":"hexamod:WildfireWeapon","floor":10.0,"key":"SMITH"},{"data":"hexamod:Incineration","floor":15.0,"key":"SMITH"},{"data":"hexamod:RainOfEmbers","floor":23.0,"key":"SMITH"},{"data":"hexamod:GhostOfSpirePast","floor":29.0,"key":"SMITH"},{"data":"hexamod:HexaLevel","floor":32.0,"key":"SMITH"},{"data":"hexamod:HexaLevel","floor":40.0,"key":"SMITH"},{"floor":44.0,"key":"RECALL"},{"data":"hexamod:HeatCrush","floor":49.0,"key":"SMITH"},{"data":"hexamod:ShieldOfDarkness","floor":53,"key":"SMITH"}],"circlet_count":0,"master_deck":["AscendersBane","hexamod:Defend","hexamod:Defend","hexamod:Sear","hexamod:Float+1","hexamod:TimeWarp","hexamod:FourthSeal","hexamod:ShieldOfDarkness+1","hexamod:SpectersWail","hexamod:Rewind+1","hexamod:WildfireWeapon+1","hexamod:HauntingEcho","hexamod:StepThrough","hexamod:RainOfEmbers+1","hexamod:Incineration+1","hexamod:HexaLevel+1","hexamod:GhostOfSpirePast+1","hexamod:AdvancingGuard+1","hexamod:NightmareGuise+1","hexamod:ThirdSeal","hexamod:ApocalypseNow+1","hexamod:HeatShield+1","hexamod:Rewind+1","hexamod:SoulSteal+1","hexamod:FlameSwitch+1","hexamod:HexaLevel+1","hexamod:NightmareGuise+1","hexamod:SwordOfDarkness+1","hexamod:FastForward+1","hexamod:AdvancingGuard+1","hexamod:HeatCrush+1"],"relics":["hexamod:SpiritBrand","Matryoshka","White Beast Statue","Sundial","Calipers","Philosopher\u0027s Stone","Toxic Egg 2","Toy Ornithopter","Eternal Feather","Ornamental Fan","Coffee Dripper","Shuriken","The Courier","Kunai","Incense Burner","Question Card"],"acts_visited":["Exordium","TheCity","TheBeyond","TheEnding"],"potions_floor_usage":[50,51,55],"damage_taken":[{"damage":0.0,"enemies":"Cultist","floor":1.0,"turns":3.0},{"damage":5.0,"enemies":"2 Louse","floor":2.0,"turns":4.0},{"damage":0.0,"enemies":"Jaw Worm","floor":3.0,"turns":4.0},{"damage":0.0,"enemies":"Red Slaver","floor":4.0,"turns":3.0},{"damage":5.0,"enemies":"Large Slime","floor":5.0,"turns":5.0},{"damage":3.0,"enemies":"Lagavulin","floor":7.0,"turns":7.0},{"damage":3.0,"enemies":"Gremlin Nob","floor":12.0,"turns":3.0},{"damage":0.0,"enemies":"Exordium Thugs","floor":14.0,"turns":4.0},{"damage":0.0,"enemies":"Slime Boss","floor":16.0,"turns":3.0},{"damage":16.0,"enemies":"3 Byrds","floor":18.0,"turns":4.0},{"damage":0.0,"enemies":"Spheric Guardian","floor":20.0,"turns":3.0},{"damage":4.0,"enemies":"3 Cultists","floor":22.0,"turns":4.0},{"damage":0.0,"enemies":"Cultist and Chosen","floor":24.0,"turns":5.0},{"damage":0.0,"enemies":"Book of Stabbing","floor":25.0,"turns":4.0},{"damage":41.0,"enemies":"Slavers","floor":27.0,"turns":6.0},{"damage":0.0,"enemies":"Centurion and Healer","floor":28.0,"turns":5.0},{"damage":0.0,"enemies":"3 Cultists","floor":31.0,"turns":4.0},{"damage":0.0,"enemies":"Automaton","floor":33.0,"turns":6.0},{"damage":0.0,"enemies":"Orb Walker","floor":35.0,"turns":3.0},{"damage":7.0,"enemies":"3 Shapes","floor":39.0,"turns":5.0},{"damage":7.0,"enemies":"Reptomancer","floor":41.0,"turns":6.0},{"damage":0.0,"enemies":"Mind Bloom Boss Battle","floor":45.0,"turns":4.0},{"damage":2.0,"enemies":"Writhing Mass","floor":47.0,"turns":6.0},{"damage":6.0,"enemies":"Nemesis","floor":48.0,"turns":5.0},{"damage":25,"enemies":"Awakened One","floor":50,"turns":9},{"damage":37,"enemies":"Time Eater","floor":51,"turns":8},{"damage":71,"enemies":"Shield and Spear","floor":55,"turns":5}],"seed_played":"-6642690800254717183","potions_obtained":[{"floor":1.0,"key":"SkillPotion"},{"floor":2.0,"key":"Weak Potion"},{"floor":4.0,"key":"Weak Potion"},{"floor":5.0,"key":"Strength Potion"},{"floor":7.0,"key":"Strength Potion"},{"floor":12.0,"key":"Explosive Potion"},{"floor":12.0,"key":"Energy Potion"},{"floor":14.0,"key":"PowerPotion"},{"floor":16.0,"key":"DistilledChaos"},{"floor":18.0,"key":"Fire Potion"},{"floor":18.0,"key":"DuplicationPotion"},{"floor":22.0,"key":"SpeedPotion"},{"floor":22.0,"key":"GamblersBrew"},{"floor":24.0,"key":"DistilledChaos"},{"floor":25.0,"key":"SneckoOil"},{"floor":27.0,"key":"Weak Potion"},{"floor":28.0,"key":"CultistPotion"},{"floor":28.0,"key":"SkillPotion"},{"floor":31.0,"key":"hexamod:EctoCoolerPotion"},{"floor":31.0,"key":"Swift Potion"},{"floor":33.0,"key":"Energy Potion"},{"floor":33.0,"key":"DuplicationPotion"},{"floor":41.0,"key":"Dexterity Potion"},{"floor":41.0,"key":"AttackPotion"},{"floor":47.0,"key":"ColorlessPotion"},{"floor":48.0,"key":"hexamod:EctoCoolerPotion"}],"is_trial":false,"path_per_floor":["M","M","M","M","M","R","E","R","T","R","?","E","$","M","R","B",null,"M","?","M","?","M","R","M","E","T","E","M","R","T","M","R","B",null,"M","?","?","$","M","R","E","?","T","R","?","?","M","E","R","B","B",null,"R","$","E"],"character_chosen":"THE_SPIRIT","items_purchased":["hexamod:StepThrough","hexamod:RainOfEmbers","Shuriken","hexamod:EctoCoolerPotion"],"campfire_rested":0,"item_purchase_floors":[13,13,38,54],"current_hp_per_floor":[57,52,52,52,47,47,44,44,44,44,44,41,41,41,41,41,58,42,42,42,42,38,38,38,38,38,7,12,24,24,34,49,59,62,62,62,62,62,55,63,61,61,61,63,63,63,63,57,63,38,6,49,63,63,0,0,0],"gold":23,"neow_bonus":"TRANSFORM_CARD","is_daily":false,"chose_seed":false,"campfire_upgraded":10,"win_rate":0.0,"timestamp":1612421388,"path_taken":["M","?","?","M","M","R","E","R","T","R","?","E","$","M","R","BOSS","M","?","M","?","M","R","M","E","T","E","?","R","?","M","R","BOSS","M","?","?","$","?","R","E","?","T","R","?","?","M","E","R","BOSS","BOSS","R","$","E"],"items_purchased_type":["Card","Card","Relic","Potion"],"build_version":"2020-12-22","purchased_purges":3,"victory":false,"max_hp_per_floor":[63,63,63,63,63,63,63,63,63,63,63,63,63,63,63,63,63,63,63,63,63,63,63,63,63,63,63,63,63,63,63,63,63,63,63,63,63,63,63,63,63,63,63,63,63,63,63,63,63,63,63,63,63,63,63,63,63],"relic_stats":{"counters":[27,128],"Sundial":[10],"Ornamental Fan":[92],"Shuriken":[17],"Eternal Feather":57,"Kunai":[14],"Question Card":0,"obtain_stats":[{"Calipers":12,"Eternal Feather":26,"The Courier":41,"Incense Burner":45,"Question Card":48,"White Beast Statue":9,"Matryoshka":7,"Sundial":9,"Ornamental Fan":27,"Shuriken":38,"Philosopher\u0027s Stone":17,"Coffee Dripper":34,"Kunai":43,"Toxic Egg 2":25,"hexamod:SpiritBrand":0,"Toy Ornithopter":26},{"Calipers":7,"Eternal Feather":14,"The Courier":21,"Incense Burner":22,"Question Card":24,"White Beast Statue":6,"Matryoshka":6,"Sundial":6,"Ornamental Fan":15,"Shuriken":19,"Philosopher\u0027s Stone":9,"Coffee Dripper":18,"Kunai":21,"Toxic Egg 2":14,"hexamod:SpiritBrand":0,"Toy Ornithopter":14},{"Calipers":29,"Eternal Feather":56,"The Courier":91,"Incense Burner":95,"Question Card":106,"White Beast Statue":26,"Matryoshka":26,"Sundial":26,"Ornamental Fan":62,"Shuriken":80,"Philosopher\u0027s Stone":36,"Coffee Dripper":77,"Kunai":91,"Toxic Egg 2":56,"hexamod:SpiritBrand":0,"Toy Ornithopter":56}],"Toy Ornithopter":47},"card_choices":[{"not_picked":["hexamod:RecurringNightmare","hexamod:NightmareStrike"],"picked":"hexamod:FourthSeal","floor":1.0},{"not_picked":["hexamod:FlamesFromBeyond","hexamod:NightmareGuise"],"picked":"hexamod:ShieldOfDarkness","floor":2.0},{"not_picked":["hexamod:ExtraCrispy","hexamod:RadiantFlame"],"picked":"hexamod:SpectersWail","floor":3.0},{"not_picked":["hexamod:NightmareGuise","hexamod:GhostflameBarrier","hexamod:FlamesFromBeyond"],"picked":"SKIP","floor":4.0},{"not_picked":["hexamod:Toasty","hexamod:RadiantFlame"],"picked":"hexamod:Rewind","floor":5.0},{"not_picked":["hexamod:GhostOfSpireFuture","hexamod:ShieldOfDarkness"],"picked":"hexamod:WildfireWeapon","floor":7.0},{"not_picked":["hexamod:DynamicBlow","hexamod:HeatMetal","hexamod:SuperheatedStrike"],"picked":"SKIP","floor":12.0},{"not_picked":["hexamod:SuperheatedStrike","hexamod:HauntingEcho"],"picked":"hexamod:Incineration","floor":14.0},{"not_picked":["hexamod:TimeOfNeed","hexamod:ApocalypseNow"],"picked":"hexamod:HexaLevel","floor":16.0},{"not_picked":["hexamod:HauntingEcho","hexamod:SpectersWail"],"picked":"hexamod:GhostOfSpirePast","floor":18.0},{"not_picked":["hexamod:HeatCrush","hexamod:FlamesFromBeyond","hexamod:ChargedBarrage"],"picked":"SKIP","floor":20.0},{"not_picked":["hexamod:BurningTouch","hexamod:GhostOfSpireFuture"],"picked":"hexamod:AdvancingGuard+1","floor":22.0},{"not_picked":["hexamod:Rewind","hexamod:Incineration"],"picked":"hexamod:NightmareGuise+1","floor":24.0},{"not_picked":["hexamod:RadiantFlame","hexamod:NightmareStrike+1"],"picked":"hexamod:ThirdSeal","floor":25.0},{"not_picked":["hexamod:BacktrackSmack","hexamod:HauntingEcho"],"picked":"hexamod:ApocalypseNow+1","floor":27.0},{"not_picked":["hexamod:CatchUp+1","hexamod:SecondSeal"],"picked":"hexamod:HeatShield+1","floor":28.0},{"not_picked":["hexamod:HeatMetal","hexamod:PhantomCloak","hexamod:SuperheatedStrike"],"picked":"SKIP","floor":28.0},{"not_picked":["hexamod:NightmareStrike","hexamod:PhantomFireball+1"],"picked":"hexamod:Rewind+1","floor":31.0},{"not_picked":["hexamod:FlamesFromBeyond+1","hexamod:RainOfEmbers"],"picked":"hexamod:SoulSteal+1","floor":31.0},{"not_picked":["hexamod:GhostOfSpirePresent","hexamod:WildfireWeapon"],"picked":"hexamod:FlameSwitch+1","floor":33.0},{"not_picked":["hexamod:TimeWarp","hexamod:GiftsFromTheDead"],"picked":"hexamod:HexaLevel","floor":33.0},{"not_picked":["hexamod:NightmareStrike+1","hexamod:ShieldOfDarkness+1"],"picked":"hexamod:NightmareGuise+1","floor":35.0},{"not_picked":["hexamod:GhostShield+1","hexamod:SwordOfDarkness","hexamod:ShieldOfDarkness+1"],"picked":"SKIP","floor":35.0},{"not_picked":["hexamod:SecondSeal","hexamod:HeatCrush"],"picked":"hexamod:SwordOfDarkness+1","floor":39.0},{"not_picked":["hexamod:ThermalTransfer","hexamod:GhostOfSpireFuture+1","hexamod:FlamesFromBeyond+1"],"picked":"SKIP","floor":39.0},{"not_picked":["hexamod:GhostShield+1","hexamod:PhantomCloak+1","hexamod:GhostOfSpirePresent"],"picked":"SKIP","floor":41.0},{"not_picked":["hexamod:GhostShield+1","hexamod:Incineration","hexamod:FastForward+1"],"picked":"SKIP","floor":41.0},{"not_picked":["hexamod:BurningTouch+1","hexamod:SuperheatedStrike"],"picked":"hexamod:FastForward+1","floor":45.0},{"not_picked":["hexamod:HauntingEcho","hexamod:GhostOfSpirePast"],"picked":"hexamod:AdvancingGuard+1","floor":47.0},{"not_picked":["hexamod:Incineration","hexamod:ShieldOfDarkness+1","hexamod:HeatMetal"],"picked":"SKIP","floor":47.0},{"not_picked":["hexamod:ChargedBarrage+1","hexamod:TimeWarp"],"picked":"hexamod:HeatCrush","floor":48.0},{"not_picked":["hexamod:EmpoweredFlame+1","hexamod:BurningTouch+1","hexamod:ThermalTransfer"],"picked":"SKIP","floor":48.0}],"player_experience":3536767,"relics_obtained":[{"floor":7.0,"key":"Matryoshka"},{"floor":9.0,"key":"White Beast Statue"},{"floor":9.0,"key":"Sundial"},{"floor":12.0,"key":"Calipers"},{"floor":25.0,"key":"Toxic Egg 2"},{"floor":26.0,"key":"Toy Ornithopter"},{"floor":26.0,"key":"Eternal Feather"},{"floor":27.0,"key":"Ornamental Fan"},{"floor":41.0,"key":"The Courier"},{"floor":43.0,"key":"Kunai"},{"floor":45.0,"key":"Incense Burner"},{"floor":48.0,"key":"Question Card"}],"event_choices":[{"damage_healed":0.0,"max_hp_gain":0.0,"max_hp_loss":0.0,"gold_gain":0.0,"cards_transformed":["hexamod:Defend"],"event_name":"Living Wall","player_choice":"Change","floor":11.0,"gold_loss":0.0,"damage_taken":0.0,"cards_obtained":["hexamod:HauntingEcho"]},{"damage_healed":0.0,"max_hp_gain":0.0,"max_hp_loss":0.0,"gold_gain":0.0,"event_name":"Vampires","player_choice":"Ignored","floor":19.0,"gold_loss":0.0,"damage_taken":0.0},{"cards_removed":["hexamod:Strike"],"damage_healed":0.0,"max_hp_gain":0.0,"max_hp_loss":0.0,"gold_gain":0.0,"event_name":"Purifier","player_choice":"Purged","floor":21.0,"gold_loss":0.0,"damage_taken":0.0},{"damage_healed":0.0,"max_hp_gain":0.0,"max_hp_loss":0.0,"gold_gain":0.0,"event_name":"Tomb of Lord Red Mask","player_choice":"Ignored","floor":36.0,"gold_loss":0.0,"damage_taken":0.0},{"damage_healed":0.0,"max_hp_gain":0.0,"max_hp_loss":0.0,"gold_gain":0.0,"event_name":"Mysterious Sphere","player_choice":"Ignored","floor":37.0,"gold_loss":0.0,"damage_taken":0.0},{"damage_healed":0.0,"max_hp_gain":0.0,"max_hp_loss":0.0,"gold_gain":0.0,"event_name":"MindBloom","player_choice":"Fight","floor":45.0,"gold_loss":0.0,"damage_taken":0.0},{"damage_healed":0.0,"max_hp_gain":0.0,"max_hp_loss":0.0,"gold_gain":0.0,"event_name":"Match and Keep!","player_choice":"0 cards matched","floor":46.0,"gold_loss":0.0,"damage_taken":0.0,"cards_obtained":[]}],"is_beta":false,"boss_relics":[{"not_picked":["Fusion Hammer","SlaversCollar"],"picked":"Philosopher\u0027s Stone"},{"not_picked":["hexamod:IceCube","Cursed Key"],"picked":"Coffee Dripper"}],"items_purged_floors":[13,38,54],"is_endless":false,"potions_floor_spawned":[1,4,7,12,14,16,18,20,22,24,25,27,28,31,33,35,39,41,45,47,48],"killed_by":"Shield and Spear","ascension_level":20}}