{"host":"rm0ctv8qd8mnbkg1","time":1612437628,"event":{"mods":["BaseMod","BetterRewards","Colored Map","DNKmod","Dark Map","Defuse TimeMaze Blight","Friendly Minions","Hubris","Hunter ??","Infinite Spire","Minty Spire (QoL Compilation)","MostiFishMod","Permanent Neow","Quarter Circle Forward PUNCH!","RRrroohrrRGHHhhh!!","Rare Cards Sparkle","Relic Sorter","Reliquary","Replay The Spire","RumiaBox-????????","Shade Mod","Shop Mod","Spicy Shops","Spire Arcade","StS++","StSLib","The Dragon Tamer","The Poker Player","The Servant 0.9.4","Wandering Minibosses","[IsaacMod]????","??????REMEMod"],"gold_per_floor":[10019,8978,8989,9042,9061,9061,9089,9102,9150,9166,9166,7310,7324,7340,7340,7442,7442,7453,6738,6738,6748,6758,6791,6082,6082,6082,6082,6082,6111,6111,6139,6139,6262,6262,6291,6323,6392,5705,5743,5743,5782,5782,5782],"floor_reached":41,"language":"ENG","playtime":2099,"items_purged":["Shame"],"score":717,"play_id":"cc142327-df0e-4db5-b802-bec50c3c7c32","local_time":"20210204112028","is_ascension_mode":false,"metric_token":2066,"campfire_choices":[{"data":"PokerPlayerMod:PoorCopy","floor":6,"key":"SMITH"},{"data":"Adrenaline","floor":15,"key":"SMITH"},{"data":"PokerPlayerMod:Manipulation","floor":28,"key":"SMITH"},{"data":"PokerPlayerMod:Sharpen","floor":32,"key":"SMITH"},{"data":"MostiFishMod:NightSea","floor":40,"key":"SMITH"}],"circlet_count":0,"master_deck":["PokerPlayerMod:Diamond1","PokerPlayerMod:Diamond2","PokerPlayerMod:Diamond3","PokerPlayerMod:Diamond4","PokerPlayerMod:Diamond5","PokerPlayerMod:Spade1","PokerPlayerMod:Spade2","PokerPlayerMod:Spade3","PokerPlayerMod:Spade4","PokerPlayerMod:Club1","PokerPlayerMod:Club2","PokerPlayerMod:Heart2","PokerPlayerMod:TrumpStrike","PokerPlayerMod:BadJoker","PokerPlayerMod:Mulligan","BettingIsNotGood","Adrenaline+1","PokerPlayerMod:CardBurn","PokerPlayerMod:Heart10+","PokerPlayerMod:Club6","PokerPlayerMod:ChangeRules","PokerPlayerMod:Raise","PokerPlayerMod:Sharpen+1","PokerPlayerMod:Diamond6","PokerPlayerMod:PoorCopy+1","PokerPlayerMod:Spade7","PokerPlayerMod:DiamondStrike","PokerPlayerMod:DiamondStrike","PokerPlayerMod:WildCard","PokerPlayerMod:Diamond5","PokerPlayerMod:Trickery","PokerPlayerMod:CloakAndDiamond","PokerPlayerMod:Diamond1","PokerPlayerMod:FakeSymbols","PokerPlayerMod:ClubShade","PokerPlayerMod:Diamond5","PokerPlayerMod:CloakAndDiamond+1","PokerPlayerMod:DamnStraight","PokerPlayerMod:Manipulation+1","PokerPlayerMod:DiamondStrike","Writhe","PokerPlayerMod:Diamond1","MostiFishMod:Neptune","MostiFishMod:TheEndOfMoonlight","MostiFishMod:SparklingWater","MostiFishMod:FantasySummer","MostiFishMod:NightSea+1","PokerPlayerMod:FillThePot","PokerPlayerMod:Diamond3","PokerPlayerMod:ClubStrike+1","PokerPlayerMod:DartThrow+1","PokerPlayerMod:Diamond7"],"relics":["PokerPlayerMod:DeckCase","REME_ComplimentaryCards","HushsDoor","DaveBox","ArrowTower","GuppysHead","PokerPlayerMod:ClubPass","reliquary:QuartzCube","Happy Flower","Ancient Tea Set","wanderingMiniBosses:AbyssPearl","Chemical X","BirthdayGift-Tetrahedron","infinitespire:Lucky Rock","Replay:Wax Seal","reliquary:RedCape","Meat on the Bone","Bottled Lightning","reliquary:TuningFork","StSpp:XCola","Replay:Bandana","Thread and Needle","Civilization","MagicDraw2","hubris:Towel","Replay:Bottled Flurry","MoonlightInvasionPlan","MyShadow","ThornShield","BirthdayGift-Icosahedron"],"acts_visited":["Exordium","TheCity","TheBeyond"],"potions_floor_usage":[],"damage_taken":[{"damage":3,"enemies":"Cultist","floor":1,"turns":3},{"damage":0,"enemies":"Jaw Worm","floor":3,"turns":2},{"damage":0,"enemies":"2 Louse","floor":5,"turns":1},{"damage":0,"enemies":"Lagavulin","floor":7,"turns":3},{"damage":0,"enemies":"Large Slime","floor":8,"turns":2},{"damage":0,"enemies":"Exordium Wildlife","floor":10,"turns":7},{"damage":6,"enemies":"3 Louse","floor":13,"turns":3},{"damage":0,"enemies":"Blue Slaver","floor":14,"turns":1},{"damage":2,"enemies":"Hexaghost","floor":16,"turns":2},{"damage":0,"enemies":"Chosen","floor":18,"turns":1},{"damage":2,"enemies":"2 Thieves","floor":21,"turns":2},{"damage":0,"enemies":"Snecko","floor":22,"turns":1},{"damage":4,"enemies":"Slavers","floor":23,"turns":3},{"damage":2,"enemies":"Shelled Parasite and Fungi","floor":29,"turns":2},{"damage":0,"enemies":"Sentry and Sphere","floor":31,"turns":2},{"damage":0,"enemies":"Automaton","floor":33,"turns":3},{"damage":0,"enemies":"Orb Walker","floor":35,"turns":2},{"damage":9,"enemies":"3 Shapes","floor":36,"turns":3},{"damage":5,"enemies":"2 Orb Walkers","floor":37,"turns":2},{"damage":0,"enemies":"Sphere and 2 Shapes","floor":39,"turns":1},{"damage":0,"enemies":"Writhing Mass","floor":41,"turns":1}],"seed_played":"-6316837491407109578","potions_obtained":[{"floor":3,"key":"PowerPotion"},{"floor":7,"key":"StSpp:InhibitionPotion"},{"floor":13,"key":"StSpp:ScatteredWeakPotion"},{"floor":36,"key":"StSpp:SecondWindPotion"}],"is_trial":false,"path_per_floor":["M","$","M","?","M","R","E","M","T","M","?","$","M","M","R","B",null,"M","$","?","M","M","E","$","?","T","?","R","M","?","M","R","B",null,"M","M","?","$","M","R","M"],"character_chosen":"THE_POKER_PLAYER","items_purchased":["PokerPlayerMod:ClubPass","PokerPlayerMod:Heart10+","PokerPlayerMod:Club6","PokerPlayerMod:ChangeRules","PokerPlayerMod:Raise","reliquary:QuartzCube","PokerPlayerMod:Sharpen","PokerPlayerMod:WildCard","Chemical X","BirthdayGift-Tetrahedron","PokerPlayerMod:Diamond5","PokerPlayerMod:Trickery","infinitespire:Lucky Rock","Replay:Wax Seal","PokerPlayerMod:ClubShade","Meat on the Bone","Bottled Lightning","reliquary:TuningFork","PokerPlayerMod:DamnStraight","PokerPlayerMod:Manipulation","Replay:Bandana","Thread and Needle","Civilization","MyShadow","BirthdayGift-Icosahedron"],"campfire_rested":0,"item_purchase_floors":[2,2,2,2,2,2,2,12,12,12,12,12,12,12,19,19,19,19,24,24,24,24,24,34,38],"current_hp_per_floor":[997,997,997,997,1000,1000,1000,1000,1000,1000,1000,1000,994,994,994,992,1000,1000,1000,1000,998,998,994,994,1000,1000,1000,1000,1000,1000,1004,1004,1009,999,1004,1000,1000,1000,1006,1006,1012,1012,1012],"gold":5782,"neow_bonus":"RANDOM_COLORLESS","is_daily":false,"chose_seed":false,"campfire_upgraded":5,"win_rate":0.0,"timestamp":1612437628,"path_taken":["M","$","?","?","M","R","E","M","T","M","?","$","M","M","R","BOSS","M","$","?","M","M","E","$","?","T","?","R","M","?","M","R","BOSS","M","M","?","$","M","R","M"],"items_purchased_type":["Relic","Undefined","Card","Card","Card","Relic","Card","Card","Relic","Relic","Card","Card","Relic","Relic","Card","Relic","Relic","Relic","Card","Card","Relic","Relic","Relic","Relic","Relic"],"build_version":"2020-12-22","purchased_purges":1,"victory":false,"max_hp_per_floor":[1000,1000,1000,1000,1000,1000,1000,1000,1000,1000,1000,1000,1000,1000,1000,1000,1000,1000,1000,1000,1000,1000,1000,1000,1000,1000,1000,1000,1002,1002,1006,1006,1011,999,1004,1009,1014,1014,1019,1019,1024,1024,1024],"card_choices":[{"not_picked":[],"picked":"Bomb","floor":0},{"not_picked":["hubris:Insight","Forethought"],"picked":"BettingIsNotGood","floor":0},{"not_picked":["PokerPlayerMod:Diamond2","PokerPlayerMod:Diamond1"],"picked":"PokerPlayerMod:CardBurn","floor":1},{"not_picked":["PokerPlayerMod:CardBurn","PokerPlayerMod:Club4"],"picked":"PokerPlayerMod:Diamond6","floor":3},{"not_picked":["PokerPlayerMod:Configure","PokerPlayerMod:Fold"],"picked":"PokerPlayerMod:PoorCopy","floor":5},{"not_picked":["PokerPlayerMod:Fold","PokerPlayerMod:Heart2"],"picked":"PokerPlayerMod:Spade7","floor":7},{"not_picked":["PokerPlayerMod:Heart2","PokerPlayerMod:DartThrow"],"picked":"PokerPlayerMod:DiamondStrike","floor":8},{"not_picked":["PokerPlayerMod:Club5","PokerPlayerMod:Spade7"],"picked":"PokerPlayerMod:DiamondStrike","floor":10},{"not_picked":["PokerPlayerMod:Spade2","PokerPlayerMod:DartThrow"],"picked":"PokerPlayerMod:CloakAndDiamond","floor":13},{"not_picked":["PokerPlayerMod:Spade6","PokerPlayerMod:CardBurn"],"picked":"PokerPlayerMod:Diamond1","floor":14},{"not_picked":["PokerPlayerMod:ChangeRules","PokerPlayerMod:RoyalStrike"],"picked":"PokerPlayerMod:FakeSymbols","floor":16},{"not_picked":["PokerPlayerMod:Club4","PokerPlayerMod:CardBurn+1","PokerPlayerMod:MagicTrick"],"picked":"SKIP","floor":18},{"not_picked":["PokerPlayerMod:ClubsClub","PokerPlayerMod:MagicTrick"],"picked":"PokerPlayerMod:Diamond5","floor":21},{"not_picked":["PokerPlayerMod:CardBurn","PokerPlayerMod:Heart3","PokerPlayerMod:Club1"],"picked":"SKIP","floor":22},{"not_picked":["PokerPlayerMod:Diamond2","PokerPlayerMod:Spade5"],"picked":"PokerPlayerMod:CloakAndDiamond+1","floor":23},{"not_picked":["PokerPlayerMod:Fold","PokerPlayerMod:Trickery"],"picked":"PokerPlayerMod:DiamondStrike","floor":29},{"not_picked":["PokerPlayerMod:Club1","PokerPlayerMod:Trickery+1"],"picked":"PokerPlayerMod:Diamond1","floor":31},{"not_picked":["PokerPlayerMod:Fold","PokerPlayerMod:ClubDance+1"],"picked":"PokerPlayerMod:FillThePot","floor":35},{"not_picked":["PokerPlayerMod:MagicTrick","PokerPlayerMod:Trickery+1"],"picked":"PokerPlayerMod:Diamond3","floor":36},{"not_picked":["PokerPlayerMod:Configure+1","PokerPlayerMod:Spade6"],"picked":"PokerPlayerMod:ClubStrike+1","floor":37},{"not_picked":["PokerPlayerMod:PoorCopy","PokerPlayerMod:Diamond2"],"picked":"PokerPlayerMod:DartThrow+1","floor":39},{"not_picked":["PokerPlayerMod:ClubsClub","PokerPlayerMod:Diamond1"],"picked":"PokerPlayerMod:Diamond7","floor":41}],"player_experience":205390,"relics_obtained":[{"floor":7,"key":"Happy Flower"},{"floor":9,"key":"Ancient Tea Set"},{"floor":10,"key":"wanderingMiniBosses:AbyssPearl"},{"floor":23,"key":"StSpp:XCola"},{"floor":26,"key":"MagicDraw2"},{"floor":37,"key":"ThornShield"}],"event_choices":[{"damage_healed":0,"gold_gain":53,"player_choice":"Gained Gold","damage_taken":0,"max_hp_gain":0,"max_hp_loss":0,"event_name":"Golden Wing","floor":4,"gold_loss":0},{"damage_healed":330,"gold_gain":0,"player_choice":"Heal","damage_taken":0,"max_hp_gain":0,"max_hp_loss":0,"event_name":"The Library","floor":25,"gold_loss":0},{"damage_healed":0,"gold_gain":0,"player_choice":"Opened","damage_taken":0,"relics_obtained":["Replay:Bottled Flurry"],"max_hp_gain":0,"max_hp_loss":0,"event_name":"The Mausoleum","floor":30,"gold_loss":0,"cards_obtained":["Writhe"]},{"damage_healed":0,"gold_gain":0,"player_choice":"Fight","damage_taken":0,"max_hp_gain":0,"max_hp_loss":0,"event_name":"Mysterious Sphere","floor":37,"gold_loss":0}],"is_beta":false,"boss_relics":[{"not_picked":["HereWithMe","StSpp:FireArrow"],"picked":"reliquary:RedCape"},{"not_picked":[]},{"not_picked":["StSpp:PileOfSugar","FixedStarFall"],"picked":"MoonlightInvasionPlan"},{"not_picked":[]}],"items_purged_floors":[12],"is_endless":false,"potions_floor_spawned":[3,7,13,14,21,31,33,36],"killed_by":"Writhing Mass","ascension_level":0}}