{"host":"61y0z9o9vf3ujftj","time":1612444738,"event":{"mods":["BaseMod","Colored Map","Colored Powertips","GifTheSpireLib","HexUI Lib","Highlight Path","Minty Spire (QoL Compilation)","Permanent Neow","Relic Stats","StSLib","ojb\u0027s Info Mod"],"gold_per_floor":[114,114,133,10,10,39,53,80,80,80,11,58,133,162,162,261,261,280,280,291,216,228,261,261,291,317,317,346,362,382,399,399,495,495,540,540,567,187,187,248,248,305,328,21,47,61,73,93,93,93],"floor_reached":51,"language":"ENG","playtime":5934,"items_purged":["Strike_P"],"score":1354,"play_id":"08b21a36-30a5-4f6b-8302-f4d0cf93abff","local_time":"20210204071858","is_ascension_mode":true,"campfire_choices":[{"floor":10.0,"key":"REST"},{"floor":15.0,"key":"REST"},{"floor":24.0,"key":"REST"},{"floor":27.0,"key":"REST"},{"floor":32.0,"key":"REST"},{"data":"1","floor":41,"key":"LIFT"},{"data":"2","floor":49,"key":"LIFT"}],"circlet_count":0,"master_deck":["AscendersBane","Strike_P+1","Defend_P+1","Defend_P+1","Defend_P","Eruption+1","Vigilance+1","LessonLearned+1","Crescendo+1","CutThroughFate+1","BowlingBash+1","DevaForm+1","WaveOfTheHand+1","Adaptation","ClearTheMind+1","Wish+1","EmptyMind+1","FearNoEvil","Halt","Wallop","SashWhip+1","ThirdEye+1","FlurryOfBlows+1","Vault+1","Wallop","CrushJoints+1"],"relics":["HolyWater","Boot","Letter Opener","Smiling Mask","Centennial Puzzle","Tiny Chest","SlaversCollar","MutagenicStrength","White Beast Statue","Vajra","Toy Ornithopter","Bag of Preparation","CeramicFish","Girya","Dead Branch","InkBottle","PreservedInsect","Ice Cream","Nunchaku"],"acts_visited":["Exordium","TheCity","TheBeyond"],"potions_floor_usage":[33,40,42,45,46,50],"damage_taken":[{"damage":3.0,"enemies":"Cultist","floor":1.0,"turns":4.0},{"damage":2.0,"enemies":"Jaw Worm","floor":3.0,"turns":3.0},{"damage":12.0,"enemies":"3 Sentries","floor":6.0,"turns":10.0},{"damage":0.0,"enemies":"Small Slimes","floor":7.0,"turns":4.0},{"damage":10.0,"enemies":"Lagavulin","floor":8.0,"turns":6.0},{"damage":12.0,"enemies":"Gremlin Nob","floor":12.0,"turns":3.0},{"damage":25.0,"enemies":"3 Sentries","floor":14.0,"turns":7.0},{"damage":16.0,"enemies":"Hexaghost","floor":16.0,"turns":10.0},{"damage":8.0,"enemies":"Shell Parasite","floor":18.0,"turns":7.0},{"damage":13.0,"enemies":"3 Byrds","floor":20.0,"turns":7.0},{"damage":11.0,"enemies":"Centurion and Healer","floor":22.0,"turns":8.0},{"damage":15.0,"enemies":"Slavers","floor":23.0,"turns":3.0},{"damage":14.0,"enemies":"Gremlin Leader","floor":25.0,"turns":7.0},{"damage":14.0,"enemies":"Book of Stabbing","floor":28.0,"turns":6.0},{"damage":6.0,"enemies":"Cultist and Chosen","floor":29.0,"turns":5.0},{"damage":0.0,"enemies":"3 Cultists","floor":30.0,"turns":2.0},{"damage":2.0,"enemies":"Centurion and Healer","floor":31.0,"turns":5.0},{"damage":8,"enemies":"Automaton","floor":33,"turns":6},{"damage":1,"enemies":"3 Shapes","floor":35,"turns":9},{"damage":0,"enemies":"Giant Head","floor":40,"turns":8},{"damage":0,"enemies":"Nemesis","floor":42,"turns":4},{"damage":0,"enemies":"Reptomancer","floor":45,"turns":4},{"damage":0,"enemies":"3 Darklings","floor":46,"turns":6},{"damage":0,"enemies":"Transient","floor":47,"turns":5},{"damage":0,"enemies":"Jaw Worm Horde","floor":48,"turns":4},{"damage":6,"enemies":"Time Eater","floor":50,"turns":11}],"seed_played":"1607855935606531715","potions_obtained":[{"floor":3.0,"key":"ColorlessPotion"},{"floor":6.0,"key":"GamblersBrew"},{"floor":7.0,"key":"Weak Potion"},{"floor":14.0,"key":"StancePotion"},{"floor":18.0,"key":"Explosive Potion"},{"floor":23.0,"key":"ColorlessPotion"},{"floor":25.0,"key":"SteroidPotion"},{"floor":28.0,"key":"Energy Potion"},{"floor":29.0,"key":"AttackPotion"},{"floor":30.0,"key":"StancePotion"},{"floor":31.0,"key":"Strength Potion"},{"floor":33,"key":"FearPotion"},{"floor":35,"key":"SteroidPotion"},{"floor":36,"key":"PowerPotion"},{"floor":36,"key":"SneckoOil"},{"floor":40,"key":"Ancient Potion"},{"floor":42,"key":"SkillPotion"},{"floor":45,"key":"Fire Potion"},{"floor":46,"key":"SmokeBomb"},{"floor":48,"key":"FearPotion"}],"is_trial":false,"path_per_floor":["M","?","M","$","?","E","M","E","T","R","$","E","?","E","R","B",null,"M","?","M","?","M","E","R","E","T","R","E","M","M","M","R","B",null,"M","?","T","$","?","E","R","E","T","$","E","M","M","M","R","B",null],"character_chosen":"WATCHER","items_purchased":["BowlingBash","Adaptation","Girya","Wallop","Ice Cream"],"campfire_rested":5,"item_purchase_floors":[4,11,38,38,44],"current_hp_per_floor":[62,55,53,53,53,41,41,31,31,50,50,38,27,2,21,5,50,42,42,29,29,18,3,22,8,8,27,23,17,22,20,39,36,58,57,57,57,57,57,62,62,65,65,65,65,65,65,65,65,64],"gold":93,"neow_bonus":"THREE_RARE_CARDS","is_daily":false,"chose_seed":false,"campfire_upgraded":0,"win_rate":0.0,"timestamp":1612444738,"path_taken":["M","?","M","$","?","E","M","E","T","R","?","E","?","E","R","BOSS","M","?","M","?","M","E","R","E","T","R","E","M","M","M","R","BOSS","M","?","?","$","?","E","R","E","T","$","E","M","M","M","R","BOSS"],"items_purchased_type":["Card","Card","Relic","Card","Relic"],"build_version":"2020-12-22","purchased_purges":1,"victory":true,"max_hp_per_floor":[65,65,65,65,65,65,65,65,65,65,65,65,65,65,65,65,65,65,65,65,65,65,65,65,65,65,65,65,65,65,65,65,65,65,65,65,65,65,65,65,65,65,65,65,65,65,65,65,65,65],"relic_stats":{"counters":[26,154],"CeramicFish":18,"Dead Branch":[47],"PreservedInsect":61,"Bag of Preparation":[24],"Letter Opener":[279],"Boot":[25],"Smiling Mask":0,"Centennial Puzzle":[36],"Nunchaku":[6],"Tiny Chest":1,"obtain_stats":[{"Ice Cream":44,"Girya":38,"CeramicFish":37,"Dead Branch":40,"Vajra":25,"PreservedInsect":43,"Bag of Preparation":28,"Letter Opener":8,"Boot":6,"Smiling Mask":9,"White Beast Statue":23,"SlaversCollar":17,"Centennial Puzzle":12,"Nunchaku":45,"MutagenicStrength":19,"HolyWater":34,"Tiny Chest":14,"PureWater":0,"Toy Ornithopter":26,"InkBottle":42},{"Ice Cream":21,"Girya":19,"CeramicFish":19,"Dead Branch":20,"Vajra":13,"PreservedInsect":21,"Bag of Preparation":14,"Letter Opener":5,"Boot":3,"Smiling Mask":5,"White Beast Statue":12,"SlaversCollar":8,"Centennial Puzzle":6,"Nunchaku":22,"MutagenicStrength":9,"HolyWater":18,"Tiny Chest":7,"PureWater":0,"Toy Ornithopter":13,"InkBottle":21},{"Ice Cream":124,"Girya":112,"CeramicFish":112,"Dead Branch":120,"Vajra":79,"PreservedInsect":124,"Bag of Preparation":85,"Letter Opener":27,"Boot":17,"Smiling Mask":27,"White Beast Statue":72,"SlaversCollar":47,"Centennial Puzzle":30,"Nunchaku":128,"MutagenicStrength":54,"HolyWater":103,"Tiny Chest":37,"PureWater":0,"Toy Ornithopter":79,"InkBottle":124}],"Toy Ornithopter":33,"InkBottle":[14]},"card_choices":[{"not_picked":["Wish","Ragnarok"],"picked":"LessonLearned","floor":0.0},{"not_picked":["FlyingSleeves","JustLucky"],"picked":"Crescendo","floor":1.0},{"not_picked":["Sanctity","Evaluate"],"picked":"CutThroughFate","floor":3.0},{"not_picked":["FlyingSleeves","Fasting2"],"picked":"WaveOfTheHand","floor":6.0},{"not_picked":["Consecrate","PathToVictory","Prostrate"],"picked":"SKIP","floor":7.0},{"not_picked":["Study","DeceiveReality","PathToVictory"],"picked":"SKIP","floor":8.0},{"not_picked":["Nirvana","InnerPeace","Adaptation"],"picked":"SKIP","floor":12.0},{"not_picked":["Indignation","DevaForm"],"picked":"ClearTheMind","floor":14.0},{"not_picked":["LessonLearned","Establishment"],"picked":"Wish","floor":16.0},{"not_picked":["Indignation+1","Crescendo"],"picked":"EmptyMind+1","floor":18.0},{"not_picked":["SandsOfTime","SashWhip"],"picked":"FearNoEvil","floor":20.0},{"not_picked":["JustLucky","FlyingSleeves"],"picked":"Halt","floor":22.0},{"not_picked":["CutThroughFate","FlurryOfBlows"],"picked":"Wallop","floor":23.0},{"not_picked":["Devotion","EmptyBody"],"picked":"SashWhip","floor":25.0},{"not_picked":["PathToVictory+1","Ragnarok","Halt"],"picked":"SKIP","floor":28.0},{"not_picked":["ReachHeaven","Collect"],"picked":"ThirdEye+1","floor":29.0},{"not_picked":["EmptyBody","Collect","WindmillStrike"],"picked":"SKIP","floor":30.0},{"not_picked":["EmptyBody","Collect","WindmillStrike"],"picked":"SKIP","floor":30.0},{"not_picked":["Crescendo","Adaptation"],"picked":"FlurryOfBlows","floor":31.0},{"not_picked":["Devotion","ConjureBlade"],"picked":"Vault","floor":33},{"not_picked":["ClearTheMind","BowlingBash","Adaptation"],"picked":"SKIP","floor":35},{"not_picked":["Worship","BowlingBash","FlyingSleeves"],"picked":"SKIP","floor":40},{"not_picked":["Swivel","Sanctity","PathToVictory+1"],"picked":"SKIP","floor":42},{"not_picked":["Crescendo","Pray+1","Indignation"],"picked":"SKIP","floor":45},{"not_picked":["ThirdEye+1","Swivel","CrushJoints"],"picked":"SKIP","floor":46},{"not_picked":["ForeignInfluence","Study","Collect"],"picked":"SKIP","floor":47},{"not_picked":["BowlingBash","WreathOfFlame"],"picked":"CrushJoints+1","floor":48}],"player_experience":500099,"relics_obtained":[{"floor":6.0,"key":"Boot"},{"floor":8.0,"key":"Letter Opener"},{"floor":9.0,"key":"Smiling Mask"},{"floor":12.0,"key":"Centennial Puzzle"},{"floor":14.0,"key":"Tiny Chest"},{"floor":23.0,"key":"White Beast Statue"},{"floor":25.0,"key":"Vajra"},{"floor":26.0,"key":"Toy Ornithopter"},{"floor":28.0,"key":"Bag of Preparation"},{"floor":37,"key":"CeramicFish"},{"floor":40,"key":"Dead Branch"},{"floor":42,"key":"InkBottle"},{"floor":43,"key":"PreservedInsect"},{"floor":45,"key":"Nunchaku"}],"event_choices":[{"cards_removed":["Defend_P"],"damage_healed":0.0,"max_hp_gain":0.0,"max_hp_loss":0.0,"gold_gain":0.0,"event_name":"Golden Wing","player_choice":"Card Removal","floor":2.0,"gold_loss":0.0,"damage_taken":7.0},{"damage_healed":0.0,"max_hp_gain":0.0,"max_hp_loss":0.0,"gold_gain":0.0,"cards_transformed":["Strike_P"],"event_name":"Living Wall","player_choice":"Change","floor":5.0,"gold_loss":0.0,"damage_taken":0.0,"cards_obtained":["DevaForm"]},{"damage_healed":0.0,"max_hp_gain":0.0,"max_hp_loss":0.0,"gold_gain":75.0,"event_name":"World of Goop","player_choice":"Gather Gold","floor":13.0,"gold_loss":0.0,"damage_taken":11.0},{"damage_healed":0.0,"max_hp_gain":0.0,"max_hp_loss":0.0,"gold_gain":0.0,"event_name":"Drug Dealer","player_choice":"Inject Mutagens","floor":19.0,"gold_loss":0.0,"damage_taken":0.0,"relics_obtained":["MutagenicStrength"]},{"cards_removed":["Strike_P"],"damage_healed":0.0,"max_hp_gain":0.0,"max_hp_loss":0.0,"gold_gain":0.0,"event_name":"Beggar","player_choice":"Gave Gold","floor":21.0,"gold_loss":75.0,"damage_taken":0.0},{"damage_healed":0,"gold_gain":0,"player_choice":"Got Potions","damage_taken":0,"max_hp_gain":0,"max_hp_loss":0,"event_name":"Lab","floor":36,"gold_loss":0},{"damage_healed":0,"gold_gain":0,"player_choice":"Ignored","damage_taken":0,"max_hp_gain":0,"max_hp_loss":0,"event_name":"Tomb of Lord Red Mask","floor":39,"gold_loss":0}],"is_beta":false,"boss_relics":[{"not_picked":["Ectoplasm","Sozu"],"picked":"SlaversCollar"},{"not_picked":["Calling Bell","Velvet Choker"],"picked":"HolyWater"}],"items_purged_floors":[4],"is_endless":false,"potions_floor_spawned":[3,6,7,14,18,23,25,28,29,30,31,33,35,40,42,45,46,47,48],"ascension_level":12}}