{"host":"0lnbgkridwifzojt","time":1612422189,"event":{"mods":["BaseMod","Minty Spire (QoL Compilation)","StSLib","The Bug Knight"],"gold_per_floor":[119,119,119,129,54,88,99,110,164,183,218,68,95,107,107,206,206,226,301,312,312,212,212,240,240,240,260,275,288,299,214,214,314,314,330,348,401,401,401,401,414,414,414,433,461,97,97,4,4,4,4,4,4,33,33,33],"floor_reached":55,"language":"ENG","playtime":7837,"items_purged":["Pain","HollowMod:QuickDashStart","HollowMod:QuickDashStart"],"score":752,"play_id":"f699779b-38d8-4c37-a45f-c6b2bdfbbea8","local_time":"20210203230309","is_ascension_mode":false,"campfire_choices":[{"data":"HollowMod:ChannelNail","floor":15,"key":"SMITH"},{"data":"HollowMod:LifebloodCocoon","floor":23,"key":"SMITH"},{"data":"HollowMod:CloakDash","floor":25,"key":"SMITH"},{"floor":32,"key":"REST"},{"floor":40,"key":"REST"},{"data":"HollowMod:SiblingsSouls","floor":47,"key":"SMITH"},{"floor":49,"key":"RECALL"},{"data":"HollowMod:LifebloodCocoon","floor":52,"key":"SMITH"}],"circlet_count":0,"master_deck":["HollowMod:NailStrikeStart","HollowMod:NailStrikeStart","HollowMod:NailStrikeStart","HollowMod:FocusHealStart","HollowMod:PogoStrike","HollowMod:GoodIntentions","HollowMod:LifebloodCocoon+1","HollowMod:SoulStrike","HollowMod:DashSlash","HollowMod:BaldurShell+1","HollowMod:CloakDash+1","HollowMod:SiblingsSouls+1","HollowMod:ChannelNail+1","HollowMod:SoulStrike","HollowMod:CoiledNail","HollowMod:PureVessel+1","HollowMod:SoulEater+1","HollowMod:CrystalDash","HollowMod:NailStrikeStart","HollowMod:PerfectDash","HollowMod:RecoilStrike","HollowMod:DashSlash","HollowMod:MonomonsArchive","HollowMod:SoulSplash+1","HollowMod:CloakDash+1","Doubt","HollowMod:LifebloodCocoon+1","HollowMod:DashSlash+1","Swift Strike+1","Swift Strike+1"],"relics":["HollowMod:VesselMask","WarpedTongs","Frozen Egg 2","Lantern","MealTicket","HollowMod:StagPassRelic","Odd Mushroom","Busted Crown","Toy Ornithopter","HollowMod:StagPassRelic","Sozu","Ice Cream","Molten Egg 2","Mercury Hourglass","HollowMod:PaleOreRelic","White Beast Statue"],"acts_visited":["Exordium","TheCity","TheBeyond","TheEnding"],"potions_floor_usage":[16,16,24,24,24,24,33],"damage_taken":[{"damage":0.0,"enemies":"Small Slimes","floor":1.0,"turns":2.0},{"damage":7.0,"enemies":"2 Louse","floor":4.0,"turns":3.0},{"damage":39.0,"enemies":"HollowMod:MossKnight","floor":6.0,"turns":19.0},{"damage":1.0,"enemies":"Cultist","floor":7.0,"turns":3.0},{"damage":12.0,"enemies":"3 Louse","floor":8.0,"turns":8.0},{"damage":0.0,"enemies":"Blue Slaver","floor":10.0,"turns":6.0},{"damage":18.0,"enemies":"Gremlin Nob","floor":11.0,"turns":5.0},{"damage":0.0,"enemies":"The Mushroom Lair","floor":13.0,"turns":6.0},{"damage":3,"enemies":"Large Slime","floor":14,"turns":4},{"damage":15,"enemies":"HollowMod:FalseKnight","floor":16,"turns":11},{"damage":0,"enemies":"Shell Parasite","floor":18,"turns":6},{"damage":2,"enemies":"Spheric Guardian","floor":20,"turns":5},{"damage":27,"enemies":"Book of Stabbing","floor":24,"turns":7},{"damage":29,"enemies":"Snecko","floor":27,"turns":6},{"damage":14,"enemies":"Centurion and Healer","floor":28,"turns":8},{"damage":25,"enemies":"Snake Plant","floor":29,"turns":7},{"damage":0,"enemies":"3 Cultists","floor":30,"turns":8},{"damage":0,"enemies":"HollowMod:NKGrimm","floor":33,"turns":9},{"damage":7,"enemies":"3 Shapes","floor":35,"turns":5},{"damage":15,"enemies":"Orb Walker","floor":36,"turns":4},{"damage":78,"enemies":"2 Orb Walkers","floor":37,"turns":8},{"damage":8,"enemies":"Transient","floor":41,"turns":5},{"damage":16,"enemies":"3 Darklings","floor":44,"turns":6},{"damage":3,"enemies":"Giant Head","floor":45,"turns":10},{"damage":63,"enemies":"Time Eater","floor":50,"turns":14},{"damage":53,"enemies":"Shield and Spear","floor":54,"turns":11},{"damage":99,"enemies":"The Heart","floor":55,"turns":8}],"seed_played":"-7847287457850199043","potions_obtained":[{"floor":6.0,"key":"Fruit Juice"},{"floor":8.0,"key":"Strength Potion"},{"floor":10.0,"key":"Ancient Potion"},{"floor":13,"key":"DistilledChaos"},{"floor":18,"key":"Energy Potion"},{"floor":20,"key":"EntropicBrew"},{"floor":29,"key":"FairyPotion"},{"floor":30,"key":"PowerPotion"}],"is_trial":false,"path_per_floor":["M","?","?","M","$","E","M","M","T","M","E","?","?","M","R","B",null,"M","?","M","?","$","R","E","R","T","M","M","M","M","?","R","B",null,"M","M","?","?","?","R","M","?","T","M","E","$","R","$","R","B",null,"R","$","E","B"],"character_chosen":"THE_BUGKNIGHT","items_purchased":["HollowMod:PaleOreRelic","Swift Strike+1","Swift Strike+1"],"campfire_rested":2,"item_purchase_floors":[46,46,48],"current_hp_per_floor":[75,75,75,74,74,52,57,57,57,69,57,57,67,74,74,71,80,80,72,76,76,80,80,59,59,59,36,34,15,27,27,51,68,80,77,62,20,20,20,44,42,80,80,70,77,80,80,80,80,29,80,80,80,33,0,0],"gold":33,"neow_bonus":"THREE_CARDS","is_daily":false,"chose_seed":false,"campfire_upgraded":5,"win_rate":0.0,"timestamp":1612422189,"path_taken":["M","?","?","M","$","E","M","?","T","M","E","?","?","M","R","BOSS","M","?","?","?","$","R","E","R","T","M","M","?","M","?","R","BOSS","M","M","?","?","?","R","M","?","T","?","E","$","R","$","R","BOSS","R","$","E","BOSS"],"items_purchased_type":["Relic","Card","Card"],"build_version":"2020-12-22","purchased_purges":3,"victory":false,"max_hp_per_floor":[75,75,75,75,75,80,80,80,80,80,80,80,80,80,80,80,80,80,80,80,80,80,80,80,80,80,80,80,80,80,80,80,80,80,80,80,80,80,80,80,80,80,80,80,80,80,80,80,80,80,80,80,80,80,80,80],"card_choices":[{"not_picked":["HollowMod:NewLittleFool","HollowMod:SharpenedNail"],"picked":"HollowMod:GoodIntentions","floor":0.0},{"not_picked":["HollowMod:DescendingDark","HollowMod:DungDefenderAura"],"picked":"HollowMod:LifebloodCocoon","floor":1.0},{"not_picked":["HollowMod:SharpenedNail","HollowMod:HowlingWraiths"],"picked":"HollowMod:SoulStrike","floor":4.0},{"not_picked":["HollowMod:CornifersMapStart","HollowMod:NewLittleFool"],"picked":"HollowMod:DashSlash","floor":6.0},{"not_picked":["HollowMod:SiblingsSouls","HollowMod:InfectionAssault"],"picked":"HollowMod:BaldurShell+1","floor":7.0},{"not_picked":["HollowMod:RecoilStrike","HollowMod:CrystalDash"],"picked":"HollowMod:CloakDash","floor":8.0},{"not_picked":["HollowMod:FallenFury","HollowMod:MawleksShell"],"picked":"HollowMod:SiblingsSouls","floor":10.0},{"not_picked":["HollowMod:WraithStrike","HollowMod:ElderbugsWisdom+1"],"picked":"HollowMod:ChannelNail","floor":11.0},{"not_picked":["HollowMod:MonarchWings","HollowMod:CloakDash"],"picked":"HollowMod:SoulStrike","floor":13},{"not_picked":["HollowMod:FastStrike","HollowMod:FallenFury"],"picked":"HollowMod:CoiledNail","floor":14},{"not_picked":["HollowMod:HornetsHelp","HollowMod:VoidDash"],"picked":"HollowMod:PureVessel+1","floor":16},{"not_picked":[],"picked":"HollowMod:SoulEater+1","floor":18},{"not_picked":[],"picked":"HollowMod:CrystalDash","floor":20},{"not_picked":[],"picked":"HollowMod:PerfectDash","floor":24},{"not_picked":[],"picked":"HollowMod:RecoilStrike","floor":27},{"not_picked":[],"picked":"HollowMod:DashSlash","floor":28},{"not_picked":[],"picked":"HollowMod:MonomonsArchive","floor":29},{"not_picked":["HollowMod:BlackTendrils"],"picked":"SKIP","floor":30},{"not_picked":["HollowMod:WraithStrike+1"],"picked":"SKIP","floor":35},{"not_picked":[],"picked":"HollowMod:SoulSplash+1","floor":36},{"not_picked":[],"picked":"HollowMod:CloakDash+1","floor":37},{"not_picked":["HollowMod:HeavyBlow+1"],"picked":"SKIP","floor":41},{"not_picked":[],"picked":"HollowMod:LifebloodCocoon","floor":44},{"not_picked":[],"picked":"HollowMod:DashSlash+1","floor":45},{"not_picked":["HollowMod:BlackTendrils+1"],"picked":"SKIP","floor":54}],"player_experience":340934,"relics_obtained":[{"floor":6.0,"key":"Frozen Egg 2"},{"floor":9.0,"key":"Lantern"},{"floor":11.0,"key":"MealTicket"},{"floor":13,"key":"Odd Mushroom"},{"floor":24,"key":"Toy Ornithopter"},{"floor":37,"key":"Ice Cream"},{"floor":43,"key":"Molten Egg 2"},{"floor":45,"key":"Mercury Hourglass"},{"floor":54,"key":"White Beast Statue"}],"event_choices":[{"damage_healed":0.0,"max_hp_gain":0.0,"max_hp_loss":0.0,"gold_gain":0.0,"event_name":"Accursed Blacksmith","player_choice":"Rummage","floor":3.0,"gold_loss":0.0,"damage_taken":0.0,"relics_obtained":["WarpedTongs"],"cards_obtained":["Pain"]},{"damage_healed":0.0,"max_hp_gain":0.0,"max_hp_loss":0.0,"gold_gain":0.0,"event_name":"Mushrooms","player_choice":"Fought Mushrooms","floor":13.0,"gold_loss":0.0,"damage_taken":0.0},{"damage_healed":0,"gold_gain":75,"player_choice":"Touch","damage_taken":8,"max_hp_gain":0,"max_hp_loss":0,"event_name":"FaceTrader","floor":19,"gold_loss":0},{"cards_removed":["HollowMod:QuickDashStart"],"damage_healed":0,"gold_gain":0,"player_choice":"Took Card","damage_taken":0,"max_hp_gain":0,"max_hp_loss":0,"event_name":"NoteForYourself","floor":21,"gold_loss":0,"cards_obtained":["HollowMod:NailStrikeStart"]},{"damage_healed":0,"gold_gain":0,"player_choice":"Obtained Relic","damage_taken":0,"relics_obtained":["HollowMod:StagPassRelic"],"max_hp_gain":0,"max_hp_loss":0,"event_name":"Addict","floor":31,"gold_loss":85},{"damage_healed":0,"gold_gain":0,"player_choice":"Fight","damage_taken":0,"max_hp_gain":0,"max_hp_loss":0,"event_name":"Mysterious Sphere","floor":37,"gold_loss":0},{"damage_healed":0,"gold_gain":0,"player_choice":"Ignored","damage_taken":0,"max_hp_gain":0,"max_hp_loss":0,"event_name":"Tomb of Lord Red Mask","floor":38,"gold_loss":0},{"cards_removed":["HollowMod:NailStrikeStart"],"damage_healed":0,"gold_gain":0,"player_choice":"Removed Attack","damage_taken":0,"max_hp_gain":0,"max_hp_loss":0,"event_name":"Falling","floor":39,"gold_loss":0},{"damage_healed":38,"gold_gain":0,"player_choice":"Heal","damage_taken":0,"max_hp_gain":0,"max_hp_loss":0,"event_name":"MindBloom","floor":42,"gold_loss":0,"cards_obtained":["Doubt"]}],"is_beta":false,"boss_relics":[{"not_picked":["SlaversCollar","Empty Cage"],"picked":"Busted Crown"},{"not_picked":["Black Star","Astrolabe"],"picked":"Sozu"}],"items_purged_floors":[5,22,46],"is_endless":false,"potions_floor_spawned":[6,8,10,13,18,20,29,30,35,36,44,45],"killed_by":"The Heart","ascension_level":0}}