{"host":"mai03x2ekbjy4059","time":1612466129,"event":{"mods":["2.2 Compatiblity","BaseMod","Colored Map","DeckTracker","Keyboard Shortcuts","Minty Spire (QoL Compilation)","Permanent Neow","Quick Restart","SuperFastMode","everything is the same but u backflip on backflip"],"gold_per_floor":[112,62,11,186,186,213,213,247,292,292,292,292],"floor_reached":11,"language":"KOR","playtime":237,"items_purged":[],"score":106,"play_id":"954d0df9-77cc-4eca-aa53-e67dba8fccb8","local_time":"20210205041529","is_ascension_mode":true,"campfire_choices":[{"data":"Bouncing Flask","floor":7,"key":"SMITH"},{"data":"Neutralize","floor":10,"key":"SMITH"}],"circlet_count":0,"master_deck":["Strike_G","Strike_G","Strike_G","Strike_G","Defend_G","Defend_G","Defend_G","Defend_G","Defend_G","Survivor","Neutralize+1","Bouncing Flask+1","PiercingWail","Doubt"],"relics":["Ring of the Snake","Mango","Pear","Ancient Tea Set","Sundial"],"acts_visited":["Exordium"],"potions_floor_usage":[8],"damage_taken":[{"damage":0,"enemies":"Cultist","floor":1,"turns":3},{"damage":39,"enemies":"3 Sentries","floor":6,"turns":12},{"damage":26,"enemies":"Lagavulin","floor":8,"turns":9},{"damage":5,"enemies":"Gremlin Nob","floor":11,"turns":3}],"seed_played":"3266130850018453035","potions_obtained":[{"floor":1,"key":"Energy Potion"}],"is_trial":false,"path_per_floor":["M","?","$","?","?","E","R","E","T","R","E"],"character_chosen":"THE_SILENT","items_purchased":["PiercingWail"],"campfire_rested":0,"item_purchase_floors":[3],"current_hp_per_floor":[77,77,77,77,84,45,45,19,19,19,14,14],"gold":292,"neow_bonus":"ONE_RARE_RELIC","is_daily":false,"chose_seed":false,"campfire_upgraded":2,"win_rate":0.0,"timestamp":1612466129,"path_taken":["M","?","$","?","?","E","R","E","T","R","E"],"items_purchased_type":["Card"],"build_version":"2020-12-22","purchased_purges":0,"victory":false,"max_hp_per_floor":[77,77,77,77,87,87,87,87,87,87,87,87],"card_choices":[{"not_picked":["Outmaneuver","Distraction"],"picked":"Bouncing Flask","floor":1},{"not_picked":["Backflip","Blade Dance","Sucker Punch"],"picked":"SKIP","floor":6},{"not_picked":["Setup","Expertise","A Thousand Cuts"],"picked":"SKIP","floor":8}],"player_experience":1170855,"relics_obtained":[{"floor":6,"key":"Ancient Tea Set"},{"floor":8,"key":"Sundial"}],"event_choices":[{"cards_removed":["Strike_G"],"damage_healed":0,"gold_gain":0,"player_choice":"Card Removal","damage_taken":0,"max_hp_gain":0,"max_hp_loss":0,"event_name":"The Cleric","floor":2,"gold_loss":50},{"damage_healed":0,"gold_gain":175,"player_choice":"AGREE","damage_taken":0,"max_hp_gain":0,"max_hp_loss":0,"event_name":"Liars Game","floor":4,"gold_loss":0,"cards_obtained":["Doubt"]},{"damage_healed":0,"gold_gain":0,"player_choice":"Success","damage_taken":3,"relics_obtained":["Pear"],"max_hp_gain":0,"max_hp_loss":0,"event_name":"Scrap Ooze","floor":5,"gold_loss":0}],"is_beta":false,"boss_relics":[],"items_purged_floors":[],"is_endless":false,"potions_floor_spawned":[1],"killed_by":"Gremlin Nob","ascension_level":1}}