{"host":"lehbxtjrpalkmwwj","time":1612437453,"event":{"mods":["Aspiration","BaseMod","Colored Map","Colored Powertips","Conspire","GungeonMod","KomeijiMod","Lobotomy","Minty Spire (QoL Compilation)","Quick Restart","Replay The Spire","Shop Mod","StSLib","The Cursed","The Poker Player","[IsaacMod]ÒÔÈö¼âËþ"],"gold_per_floor":[178,178,193,53,71,106,118,146,146,146,146],"floor_reached":10,"language":"ZHS","playtime":323,"items_purged":[],"score":84,"play_id":"d6b08227-b3bc-4a2a-9ce0-c408656d23da","local_time":"20210204191733","is_ascension_mode":true,"campfire_choices":[],"circlet_count":0,"master_deck":["Strike_R","Strike_R","Strike_R","Strike_R","Strike_R","Defend_R","Defend_R","Defend_R","Defend_R","Bash","BettingIsNotGood","Carnage","Anger","Cleave","Searing Blow","Immolate+1"],"relics":["Burning Blood","HushsDoor","aspiration:DSix","BloodBag","DemoMod:GnawedKey","Replay:Wax Seal","DemoMod:GlassGuonStoneRelic","Golden Egg"],"acts_visited":["Exordium"],"potions_floor_usage":[10,10],"damage_taken":[{"damage":20.0,"enemies":"Small Slimes","floor":1.0,"turns":3.0},{"damage":0.0,"enemies":"2 Louse","floor":5.0,"turns":1.0},{"damage":44.0,"enemies":"Lagavulin","floor":6.0,"turns":6.0},{"damage":6.0,"enemies":"Jaw Worm","floor":7.0,"turns":3.0},{"damage":47.0,"enemies":"3 Sentries","floor":8.0,"turns":10.0},{"damage":12,"enemies":"Lagavulin","floor":10,"turns":3}],"seed_played":"8964534684538146872","potions_obtained":[{"floor":6.0,"key":"Ancient Potion"},{"floor":7.0,"key":"Weak Potion"},{"floor":8.0,"key":"Strength Potion"}],"is_trial":false,"path_per_floor":["M","?","?","$","M","E","M","E","T","E"],"character_chosen":"IRONCLAD","items_purchased":["DemoMod:GnawedKey","Anger"],"campfire_rested":0,"item_purchase_floors":[4,4],"current_hp_per_floor":[61,61,81,81,87,49,49,8,8,0,0],"gold":146,"neow_bonus":"DSIX","is_daily":false,"chose_seed":false,"campfire_upgraded":0,"win_rate":0.0,"timestamp":1612437453,"path_taken":["M","?","?","$","M","E","M","E","T","E"],"items_purchased_type":["Relic","Card"],"build_version":"2020-12-22","purchased_purges":0,"victory":false,"max_hp_per_floor":[80,80,87,87,87,87,87,87,87,87,87],"card_choices":[{"not_picked":[],"picked":"BettingIsNotGood","floor":0.0},{"not_picked":["ReplayTheSpireMod:Stacked","Iron Wave"],"picked":"Carnage","floor":1.0},{"not_picked":["True Grit","Armaments"],"picked":"Cleave","floor":5.0},{"not_picked":["Wild Strike","Pommel Strike"],"picked":"Searing Blow","floor":6.0},{"not_picked":["Havoc","Body Slam","ReplayTheSpireMod:Strike From Hell"],"picked":"SKIP","floor":7.0},{"not_picked":["Iron Wave","Perfected Strike"],"picked":"Immolate","floor":8.0}],"player_experience":115748,"relics_obtained":[{"floor":6.0,"key":"Replay:Wax Seal"},{"floor":8.0,"key":"Golden Egg"}],"event_choices":[{"damage_healed":0.0,"max_hp_gain":0.0,"max_hp_loss":0.0,"gold_gain":0.0,"event_name":"The Cleric","player_choice":"Leave","floor":2.0,"gold_loss":0.0,"damage_taken":0.0}],"is_beta":false,"boss_relics":[],"items_purged_floors":[],"is_endless":false,"potions_floor_spawned":[6,7,8],"killed_by":"Lagavulin","ascension_level":2}}