{"host":"6a9c3xws62y7efyw","time":1612401571,"event":{"mods":["BaseMod","Colored Map","Minty Spire (QoL Compilation)","Relic Stats","StSLib"],"gold_per_floor":[16,29,29,49,49,49,49,49],"floor_reached":7,"language":"ENG","playtime":267,"items_purged":[],"score":82,"play_id":"183fab54-923d-4fa5-b28c-f6501713e326","local_time":"20210203171931","is_ascension_mode":true,"campfire_choices":[{"data":"Blade Dance","floor":6,"key":"SMITH"}],"circlet_count":0,"master_deck":["AscendersBane","Strike_G","Strike_G","Strike_G","Strike_G","Defend_G","Defend_G","Defend_G","Defend_G","Defend_G","Survivor","Neutralize","Panache","Blade Dance+1","Quick Slash","Cloak And Dagger"],"relics":["Ring of the Snake","Lantern"],"acts_visited":["Exordium"],"potions_floor_usage":[],"damage_taken":[{"damage":1.0,"enemies":"2 Louse","floor":1.0,"turns":3.0},{"damage":0.0,"enemies":"Cultist","floor":2.0,"turns":3.0},{"damage":3.0,"enemies":"Jaw Worm","floor":4.0,"turns":4.0},{"damage":68,"enemies":"Lagavulin","floor":7,"turns":11}],"seed_played":"2779059878334717679","potions_obtained":[{"floor":2.0,"key":"CunningPotion"}],"is_trial":false,"path_per_floor":["M","M","?","M","?","R","E"],"character_chosen":"THE_SILENT","items_purchased":[],"campfire_rested":0,"item_purchase_floors":[],"current_hp_per_floor":[58,58,58,55,55,55,0,0],"gold":49,"neow_bonus":"RANDOM_COLORLESS_2","is_daily":false,"chose_seed":false,"campfire_upgraded":1,"win_rate":0.0,"timestamp":1612401571,"path_taken":["M","M","?","M","?","R","E"],"items_purchased_type":[],"build_version":"2020-12-22","purchased_purges":0,"victory":false,"max_hp_per_floor":[66,66,66,66,66,66,66,66],"relic_stats":{"counters":[4,21],"obtain_stats":[{"Lantern":3,"Ring of the Snake":0},{"Lantern":2,"Ring of the Snake":0},{"Lantern":6,"Ring of the Snake":0}],"Ring of the Snake":[8]},"card_choices":[{"not_picked":["Sadistic Nature","The Bomb"],"picked":"Panache","floor":0.0},{"not_picked":["Bane","Dagger Spray"],"picked":"Blade Dance","floor":1.0},{"not_picked":["PiercingWail","Slice"],"picked":"Quick Slash","floor":2.0},{"not_picked":["All Out Attack","Dodge and Roll"],"picked":"Cloak And Dagger","floor":4}],"player_experience":1473667,"relics_obtained":[],"event_choices":[{"damage_healed":0.0,"max_hp_gain":0.0,"max_hp_loss":0.0,"gold_gain":0.0,"event_name":"WeMeetAgain","player_choice":"Gave Potion","floor":3.0,"gold_loss":0.0,"damage_taken":0.0,"relics_obtained":["Lantern"]},{"cards_removed":["Strike_G"],"damage_healed":0,"gold_gain":0,"player_choice":"Forget","damage_taken":0,"max_hp_gain":0,"max_hp_loss":0,"event_name":"Living Wall","floor":5,"gold_loss":0}],"is_beta":false,"boss_relics":[],"items_purged_floors":[],"is_endless":false,"potions_floor_spawned":[2],"killed_by":"Lagavulin","ascension_level":20}}