{"host":"1ooxfz79hmpvpehx","time":1612482479,"event":{"mods":["BaseMod","Minty Spire (QoL Compilation)","Quick Restart","Replay The Spire","StSLib","SuperFastMode"],"gold_per_floor":[117,117,67,67,15,35,61,78,78,78,88,107,107,142,142,237,237,255,180,203,223,243,277,277,202,202,202,235,235,135,10,10,10,10],"floor_reached":33,"language":"ENG","playtime":738,"items_purged":["Entrench+1","Strike_R","Strike_R"],"score":291,"play_id":"2919f6ab-571b-4ee1-8fee-2f99facebad5","local_time":"20210204204759","is_ascension_mode":false,"campfire_choices":[{"floor":10,"key":"REST"},{"floor":13,"key":"REST"},{"floor":15,"key":"REST"},{"floor":24,"key":"REST"},{"data":"Pummel","floor":27,"key":"SMITH"},{"floor":29,"key":"REST"},{"data":"Bash","floor":32,"key":"PURGE"}],"circlet_count":0,"master_deck":["Strike_R+1","Strike_R+1","Strike_R+1","Cleave","Cleave+1","Clash+1","Pummel+1","Reaper","CurseOfTheBell","Pot Of Greed+1","Pot Of Greed+1"],"relics":["Burning Blood","Vajra","Toxic Egg 2","Gremlin Food","Shuriken","Oddly Smooth Stone","Calling Bell","Toy Ornithopter","Matryoshka","Ginger","Ancient Tea Set","Regal Pillow","Grinning Jar","Replay:Rubber Ducky","Bottled Flame","Replay:Bottled Flurry"],"acts_visited":["Exordium","TheCity"],"potions_floor_usage":[7,12,21,22,28,32],"damage_taken":[{"damage":12,"enemies":"Small Slimes","floor":1,"turns":3},{"damage":1,"enemies":"2 Louse","floor":6,"turns":2},{"damage":38,"enemies":"Gremlin Nob","floor":7,"turns":5},{"damage":6,"enemies":"Cultist","floor":8,"turns":3},{"damage":13,"enemies":"Red Slaver","floor":11,"turns":2},{"damage":0,"enemies":"Exordium Wildlife","floor":12,"turns":2},{"damage":36,"enemies":"Lagavulin","floor":14,"turns":4},{"damage":24,"enemies":"Fading Forest","floor":16,"turns":11},{"damage":8,"enemies":"3 Byrds","floor":18,"turns":3},{"damage":42,"enemies":"Shell Parasite","floor":21,"turns":4},{"damage":12,"enemies":"Centurion and Healer","floor":22,"turns":4},{"damage":71,"enemies":"Gremlin Leader","floor":23,"turns":7},{"damage":30,"enemies":"Book of Stabbing","floor":28,"turns":3},{"damage":111,"enemies":"Collector","floor":33,"turns":6}],"seed_played":"-4420664327243345802","potions_obtained":[{"floor":1,"key":"Reflective Coating"},{"floor":11,"key":"Explosive Potion"},{"floor":12,"key":"BloodPotion"},{"floor":21,"key":"ColorlessPotion"},{"floor":23,"key":"Fire Potion"},{"floor":28,"key":"Fruit Juice"}],"is_trial":false,"path_per_floor":["M","?","?","$","?","M","E","M","T","R","M","M","R","E","R","B",null,"M","?","T","M","M","E","R","$","T","R","E","R","$","$","R","B"],"character_chosen":"IRONCLAD","items_purchased":[],"campfire_rested":5,"item_purchase_floors":[],"current_hp_per_floor":[50,43,43,43,43,48,16,16,16,40,33,39,63,33,57,39,80,80,80,80,65,64,14,53,53,53,53,34,73,73,73,83,0,0],"gold":10,"neow_bonus":"REMOVE_TWO","is_daily":false,"chose_seed":false,"campfire_upgraded":1,"win_rate":0.0,"timestamp":1612482479,"path_taken":["M","?","?","$","?","M","E","M","T","R","M","?","R","E","R","BOSS","M","?","?","?","M","E","R","$","T","R","E","R","?","$","R","BOSS"],"items_purchased_type":[],"build_version":"2020-12-22","purchased_purges":3,"victory":false,"max_hp_per_floor":[80,80,80,80,80,80,80,80,80,80,80,80,80,80,80,80,80,80,80,80,80,80,80,80,80,80,80,80,80,80,80,85,85,85],"card_choices":[{"not_picked":["Life Link","Clothesline"],"picked":"Cleave","floor":1},{"not_picked":["Second Wind+1","Seeing Red+1"],"picked":"Entrench+1","floor":6},{"not_picked":["Whirlwind","Sword Boomerang","Pummel"],"picked":"SKIP","floor":7},{"not_picked":["Thunderclap","Whirlwind"],"picked":"Cleave","floor":8},{"not_picked":["Combust","Cleave"],"picked":"Clash","floor":11},{"not_picked":["Run Through","Shrug It Off+1","Headbutt"],"picked":"SKIP","floor":12},{"not_picked":["Berserk","Warcry+1"],"picked":"Pummel","floor":14},{"not_picked":["Berserk","Brutality"],"picked":"Reaper","floor":16},{"not_picked":["Run Through","Pummel","Juggernaut"],"picked":"SKIP","floor":18},{"not_picked":["Rupture","Flame Barrier+1","Clothesline+1"],"picked":"SKIP","floor":21},{"not_picked":["Battle Trance+1","Cleave","ReplayTheSpireMod:Limb From Limb"],"picked":"SKIP","floor":22},{"not_picked":["Bloodletting+1","Perfected Strike","Rage+1"],"picked":"SKIP","floor":23},{"not_picked":["Iron Wave","Burning Pact+1","Dual Wield+1"],"picked":"SKIP","floor":28}],"player_experience":2411,"relics_obtained":[{"floor":7,"key":"Gremlin Food"},{"floor":9,"key":"Shuriken"},{"floor":14,"key":"Oddly Smooth Stone"},{"floor":17,"key":"Toy Ornithopter"},{"floor":17,"key":"Matryoshka"},{"floor":17,"key":"Ginger"},{"floor":20,"key":"Ancient Tea Set"},{"floor":20,"key":"Regal Pillow"},{"floor":23,"key":"Grinning Jar"},{"floor":26,"key":"Replay:Rubber Ducky"},{"floor":26,"key":"Bottled Flame"},{"floor":28,"key":"Replay:Bottled Flurry"}],"event_choices":[{"damage_healed":0,"gold_gain":0,"player_choice":"Success","damage_taken":7,"relics_obtained":["Vajra"],"max_hp_gain":0,"max_hp_loss":0,"event_name":"Scrap Ooze","floor":2,"gold_loss":0},{"cards_removed":["Defend_R"],"damage_healed":0,"gold_gain":0,"player_choice":"Card Removal","damage_taken":0,"max_hp_gain":0,"max_hp_loss":0,"event_name":"The Cleric","floor":3,"gold_loss":50},{"damage_healed":0,"gold_gain":0,"player_choice":"Paid Gold","damage_taken":0,"relics_obtained":["Toxic Egg 2"],"max_hp_gain":0,"max_hp_loss":0,"event_name":"WeMeetAgain","floor":5,"gold_loss":52},{"cards_removed":["Defend_R"],"damage_healed":0,"gold_gain":0,"player_choice":"Gave Gold","damage_taken":0,"max_hp_gain":0,"max_hp_loss":0,"event_name":"Beggar","floor":19,"gold_loss":75}],"is_beta":false,"boss_relics":[{"not_picked":["Cursed Key","Mark of Pain"],"picked":"Calling Bell"}],"items_purged_floors":[25,30,31],"is_endless":false,"potions_floor_spawned":[1,11,12,21,23,28],"killed_by":"Collector","ascension_level":0}}