{"host":"8u7tvcybuv0u72fd","time":1612420470,"event":{"mods":["BaseMod","BetterRewards","Colored Map","Colored Powertips","Minty Spire (QoL Compilation)","Quick Restart","Shop Mod"],"gold_per_floor":[26,101,112,77,105,130,139,62,62,62,118,29,59,79,79,193,193,203,203,231,247,247,281,293,293,342,342,375,425,425,187,187,301,301,321,231,251,280,291,291,321,321,321,321,336,336,257,285,285,285,285,285,10,38,38,38],"floor_reached":55,"language":"ENG","playtime":3056,"items_purged":["Strike_R","Defend_R","Regret"],"score":993,"play_id":"350a4d39-f405-4144-9968-528bd618db44","local_time":"20210204013430","is_ascension_mode":false,"campfire_choices":[{"data":"Uppercut","floor":10.0,"key":"SMITH"},{"data":"Body Slam","floor":15.0,"key":"SMITH"},{"data":"Shrug It Off","floor":25.0,"key":"SMITH"},{"data":"Good Instincts","floor":27.0,"key":"SMITH"},{"data":"Flex","floor":30.0,"key":"SMITH"},{"data":"Offering","floor":32.0,"key":"SMITH"},{"data":"Blind","floor":40.0,"key":"SMITH"},{"floor":42.0,"key":"RECALL"},{"data":"Metallicize","floor":49.0,"key":"SMITH"},{"floor":52,"key":"REST"}],"circlet_count":0,"master_deck":["Strike_R+1","Strike_R+1","Strike_R+1","Defend_R+1","Defend_R+1","Defend_R+1","Bash+1","Shrug It Off+1","Good Instincts+1","Uppercut+1","Flex+1","Body Slam+1","Offering+1","Headbutt+1","Blind+1","Reaper+1","Disarm+1","Metallicize+1"],"relics":["Black Blood","Lantern","Magic Flower","Membership Card","Potion Belt","Prayer Wheel","Turnip","Du-Vu Doll","Self Forming Clay","Bag of Marbles","Akabeko","Toy Ornithopter","Ornamental Fan","Blood Vial","Enchiridion","Whetstone","Nunchaku","MerchantsRug","Velvet Choker","HornCleat","CaptainsWheel","Red Skull","Bottled Flame","HandDrill","Art of War","InkBottle"],"acts_visited":["Exordium","TheCity","TheBeyond","TheEnding"],"potions_floor_usage":[50,54,55,55,55,55,55,55,55,55,55],"damage_taken":[{"damage":0.0,"enemies":"2 Louse","floor":1.0,"turns":2.0},{"damage":0.0,"enemies":"Small Slimes","floor":3.0,"turns":3.0},{"damage":0.0,"enemies":"Cultist","floor":5.0,"turns":2.0},{"damage":30.0,"enemies":"3 Sentries","floor":6.0,"turns":10.0},{"damage":2.0,"enemies":"Gremlin Nob","floor":11.0,"turns":3.0},{"damage":8.0,"enemies":"Lagavulin","floor":13.0,"turns":5.0},{"damage":0.0,"enemies":"Red Slaver","floor":14.0,"turns":1.0},{"damage":14.0,"enemies":"The Guardian","floor":16.0,"turns":10.0},{"damage":6.0,"enemies":"Spheric Guardian","floor":18.0,"turns":3.0},{"damage":16.0,"enemies":"3 Byrds","floor":20.0,"turns":6.0},{"damage":16.0,"enemies":"Centurion and Healer","floor":21.0,"turns":3.0},{"damage":6.0,"enemies":"Book of Stabbing","floor":23.0,"turns":3.0},{"damage":11.0,"enemies":"Snake Plant","floor":24.0,"turns":2.0},{"damage":36.0,"enemies":"Gremlin Leader","floor":28.0,"turns":9.0},{"damage":36.0,"enemies":"Automaton","floor":33.0,"turns":10.0},{"damage":22.0,"enemies":"3 Shapes","floor":35.0,"turns":4.0},{"damage":6.0,"enemies":"Orb Walker","floor":37.0,"turns":2.0},{"damage":20.0,"enemies":"Writhing Mass","floor":38.0,"turns":6.0},{"damage":2.0,"enemies":"Jaw Worm Horde","floor":39.0,"turns":4.0},{"damage":25.0,"enemies":"Nemesis","floor":41.0,"turns":9.0},{"damage":6.0,"enemies":"Spire Growth","floor":45.0,"turns":3.0},{"damage":6.0,"enemies":"Transient","floor":48.0,"turns":5.0},{"damage":45,"enemies":"Time Eater","floor":50,"turns":16},{"damage":24,"enemies":"Shield and Spear","floor":54,"turns":10},{"damage":145,"enemies":"The Heart","floor":55,"turns":14}],"seed_played":"5867948055676404747","potions_obtained":[{"floor":5.0,"key":"Dexterity Potion"},{"floor":6.0,"key":"EssenceOfSteel"},{"floor":16.0,"key":"SteroidPotion"},{"floor":20.0,"key":"SneckoOil"},{"floor":24.0,"key":"Fire Potion"},{"floor":28.0,"key":"BlessingOfTheForge"},{"floor":33.0,"key":"Energy Potion"}],"is_trial":false,"path_per_floor":["M","?","M","?","M","E","?","$","T","R","?","$","E","M","R","B",null,"M","?","M","M","?","E","M","R","T","R","E","?","R","$","R","B",null,"M","?","M","M","M","R","E","R","T","?","M","?","$","M","R","B",null,"R","$","E","B"],"character_chosen":"IRONCLAD","items_purchased":["Lantern","Membership Card","Potion Belt","CeramicFish","Shrug It Off","Good Instincts","BloodPotion","Akabeko","BlessingOfTheForge","MerchantsRug","Bottled Lightning","Blind","EntropicBrew","Red Skull","HeartOfIron","Bottled Flame","HandDrill","Art of War","GamblersBrew"],"campfire_rested":1,"item_purchase_floors":[0,0,0,0,0,0,0,8,12,31,31,31,47,47,47,53,53,53,53],"current_hp_per_floor":[41,30,39,59,68,47,47,47,47,47,54,54,63,75,75,73,80,80,64,69,74,74,80,80,80,80,80,80,80,80,80,80,62,80,80,80,80,80,80,80,80,80,80,80,80,80,80,80,80,63,80,80,80,80,0,0],"gold":38,"neow_bonus":"","is_daily":false,"chose_seed":false,"campfire_upgraded":8,"win_rate":0.0,"timestamp":1612420470,"path_taken":["M","?","M","?","M","E","?","$","T","R","?","$","E","M","R","BOSS","M","?","M","M","?","E","M","R","T","R","E","?","R","$","R","BOSS","M","?","M","M","?","R","E","R","T","?","M","?","$","M","R","BOSS","R","$","E","BOSS"],"items_purchased_type":["Relic","Relic","Relic","Relic","Card","Card","Potion","Relic","Potion","Relic","Relic","Card","Potion","Relic","Potion","Relic","Relic","Relic","Potion"],"build_version":"2020-12-22","purchased_purges":3,"victory":false,"max_hp_per_floor":[80,80,80,80,80,80,80,80,80,80,80,80,80,80,80,80,80,80,80,80,80,80,80,80,80,80,80,80,80,80,80,80,80,80,80,80,80,80,80,80,80,80,80,80,80,80,80,80,80,80,80,80,80,80,80,80],"card_choices":[{"not_picked":["Havoc","Metallicize"],"picked":"Uppercut","floor":1.0},{"not_picked":["Clothesline","Headbutt","Havoc"],"picked":"SKIP","floor":1.0},{"not_picked":["Clothesline","Headbutt","Havoc"],"picked":"SKIP","floor":1.0},{"not_picked":["Cleave","True Grit","Pummel"],"picked":"SKIP","floor":3.0},{"not_picked":["Spot Weakness","Pummel","Dual Wield"],"picked":"SKIP","floor":3.0},{"not_picked":["Impervious","Clothesline"],"picked":"Flex","floor":5.0},{"not_picked":["Clash","True Grit","Dual Wield"],"picked":"SKIP","floor":5.0},{"not_picked":["Pummel","Flex","Clothesline"],"picked":"SKIP","floor":6.0},{"not_picked":["Warcry","Clash","Thunderclap"],"picked":"SKIP","floor":13.0},{"not_picked":["Wild Strike","Flex"],"picked":"Body Slam","floor":14.0},{"not_picked":["Body Slam","Shrug It Off","Clash"],"picked":"SKIP","floor":14.0},{"not_picked":["Fiend Fire","Berserk"],"picked":"Offering","floor":16.0},{"not_picked":["Flex","Infernal Blade+1","Intimidate"],"picked":"SKIP","floor":18.0},{"not_picked":["Armaments","Iron Wave","Perfected Strike+1"],"picked":"SKIP","floor":18.0},{"not_picked":["True Grit+1","Bloodletting+1"],"picked":"Headbutt+1","floor":20.0},{"not_picked":["Sword Boomerang","Pommel Strike","True Grit"],"picked":"SKIP","floor":20.0},{"not_picked":["Clothesline","Cleave","Dual Wield"],"picked":"SKIP","floor":21.0},{"not_picked":["Flame Barrier","Headbutt","Havoc"],"picked":"SKIP","floor":21.0},{"not_picked":["Sword Boomerang","Reaper","Carnage"],"picked":"SKIP","floor":23.0},{"not_picked":["Cleave+1","Body Slam+1","Warcry"],"picked":"SKIP","floor":24.0},{"not_picked":["Perfected Strike","Shockwave","Uppercut+1"],"picked":"SKIP","floor":24.0},{"not_picked":["Infernal Blade","Dual Wield","Demon Form"],"picked":"SKIP","floor":28.0},{"not_picked":["Fiend Fire","Corruption"],"picked":"Reaper","floor":33.0},{"not_picked":["Cleave+1","Inflame+1","Pommel Strike"],"picked":"SKIP","floor":35.0},{"not_picked":["Shockwave+1","True Grit+1","Reaper"],"picked":"SKIP","floor":35.0},{"not_picked":["Warcry","Shrug It Off","Heavy Blade"],"picked":"SKIP","floor":37.0},{"not_picked":["Bloodletting+1","Body Slam+1","Havoc"],"picked":"SKIP","floor":37.0},{"not_picked":["Warcry","Shrug It Off","Heavy Blade"],"picked":"SKIP","floor":37.0},{"not_picked":["Bloodletting+1","Body Slam+1","Havoc"],"picked":"SKIP","floor":37.0},{"not_picked":["Battle Trance","Sever Soul+1"],"picked":"Disarm+1","floor":38.0},{"not_picked":["Wild Strike+1","Infernal Blade","Spot Weakness+1"],"picked":"SKIP","floor":38.0},{"not_picked":["Offering","Clothesline","Ghostly Armor+1"],"picked":"SKIP","floor":39.0},{"not_picked":["Clash+1","Armaments+1","Perfected Strike"],"picked":"SKIP","floor":39.0},{"not_picked":["Power Through+1","Battle Trance+1","Pommel Strike+1"],"picked":"SKIP","floor":41.0},{"not_picked":["Rupture","Infernal Blade","Clash+1"],"picked":"SKIP","floor":45.0},{"not_picked":["Shrug It Off+1","Perfected Strike","Pommel Strike"],"picked":"SKIP","floor":45.0},{"not_picked":["Thunderclap+1","Pommel Strike+1"],"picked":"Metallicize","floor":48.0},{"not_picked":["Body Slam","Thunderclap+1","Berserk"],"picked":"SKIP","floor":48.0},{"not_picked":["Anger+1","Seeing Red+1","Perfected Strike"],"picked":"SKIP","floor":54}],"player_experience":1493674,"relics_obtained":[{"floor":6.0,"key":"Self Forming Clay"},{"floor":9.0,"key":"Toy Ornithopter"},{"floor":11.0,"key":"Ornamental Fan"},{"floor":13.0,"key":"Blood Vial"},{"floor":19.0,"key":"Enchiridion"},{"floor":23.0,"key":"Whetstone"},{"floor":28.0,"key":"Nunchaku"},{"floor":41.0,"key":"HornCleat"},{"floor":43.0,"key":"CaptainsWheel"},{"floor":54,"key":"InkBottle"}],"event_choices":[{"damage_healed":0.0,"max_hp_gain":0.0,"max_hp_loss":0.0,"gold_gain":75.0,"event_name":"World of Goop","player_choice":"Gather Gold","floor":2.0,"gold_loss":0.0,"damage_taken":11.0},{"damage_healed":20.0,"max_hp_gain":0.0,"max_hp_loss":0.0,"gold_gain":0.0,"event_name":"The Cleric","player_choice":"Healed","floor":4.0,"gold_loss":35.0,"damage_taken":0.0},{"damage_healed":0.0,"max_hp_gain":0.0,"max_hp_loss":0.0,"gold_gain":0.0,"event_name":"Big Fish","player_choice":"Box","floor":7.0,"gold_loss":0.0,"damage_taken":0.0,"relics_obtained":["Bag of Marbles"],"cards_obtained":["Regret"]},{"damage_healed":0.0,"max_hp_gain":0.0,"max_hp_loss":0.0,"gold_gain":0.0,"event_name":"Dead Adventurer","player_choice":"Searched \u00271\u0027 times","floor":11.0,"gold_loss":0.0,"damage_taken":0.0},{"damage_healed":0.0,"max_hp_gain":0.0,"max_hp_loss":0.0,"gold_gain":0.0,"event_name":"Cursed Tome","player_choice":"Obtained Book","floor":19.0,"gold_loss":0.0,"damage_taken":16.0},{"damage_healed":0.0,"max_hp_gain":0.0,"max_hp_loss":0.0,"gold_gain":0.0,"event_name":"Back to Basics","player_choice":"Simplicity","floor":22.0,"gold_loss":0.0,"damage_taken":0.0,"cards_upgraded":["Strike_R","Strike_R","Strike_R","Strike_R","Defend_R","Defend_R","Defend_R"]},{"damage_healed":0.0,"max_hp_gain":0.0,"max_hp_loss":0.0,"gold_gain":100.0,"event_name":"The Joust","player_choice":"Bet on Murderer","floor":29.0,"gold_loss":50.0,"damage_taken":0.0},{"cards_removed":["Strike_R"],"damage_healed":0.0,"max_hp_gain":0.0,"max_hp_loss":0.0,"gold_gain":0.0,"event_name":"Designer","player_choice":"Upgrade and Remove","floor":36.0,"gold_loss":90.0,"damage_taken":0.0,"cards_upgraded":["Reaper"]},{"damage_healed":0.0,"max_hp_gain":0.0,"max_hp_loss":0.0,"gold_gain":0.0,"event_name":"Tomb of Lord Red Mask","player_choice":"Ignored","floor":44.0,"gold_loss":0.0,"damage_taken":0.0},{"damage_healed":0.0,"max_hp_gain":0.0,"max_hp_loss":0.0,"gold_gain":0.0,"event_name":"Match and Keep!","player_choice":"0 cards matched","floor":46.0,"gold_loss":0.0,"damage_taken":0.0,"cards_obtained":[]}],"is_beta":false,"boss_relics":[{"not_picked":["Pandora\u0027s Box","Runic Dome"],"picked":"Black Blood"},{"not_picked":["Empty Cage","Philosopher\u0027s Stone"],"picked":"Velvet Choker"}],"items_purged_floors":[0,0,12],"is_endless":false,"potions_floor_spawned":[5,6,16,20,24,28,33,35,37,39],"killed_by":"The Heart","ascension_level":0}}