{"host":"cvxanxept80h7z3t","time":1612476523,"event":{"mods":["Aspiration","BaseMod","Beaked The Cultist","BetterRewards","Colored Map","Colored Powertips","Conspire","Downfall","Duelist Mod","Hermit","Infinite Spire","Mad Scientist","Marisa????????","Mimic Mod","Minty Spire (QoL Compilation)","READ ME - Snecko Mod","Replay The Spire","SOS???????","StSLib","Td1madao Mod","The Administrix","The Animator","The Bug Knight","The Construct","The Cursed","The Disciple","The Jungle","The Mystic","The Necromancer","The Runesmith","The Servant 0.9.4","The Valiant","The Witch"],"gold_per_floor":[99,116,116,116,116,134,166,191,211,121,121,133,153,187,200,296,296,296,307,323,323,338,350,350,385,398,411,444,187,187,137,148,243,243,243,262,273,273,135,171,171,191,191,208,220,71,87,87,99,99,99,99],"floor_reached":50,"language":"ENG","playtime":3495,"items_purged":["Slimebound:Strike_Slimebound","Spreading Infection","Slimebound:Tackle"],"score":623,"play_id":"fc69eff6-6206-409a-9925-24f2e00b05e2","local_time":"20210204230843","is_ascension_mode":false,"campfire_choices":[{"data":"Slimebound:Split","floor":1,"key":"SMITH"},{"floor":11,"key":"DIG"},{"floor":18,"key":"DIG"},{"data":"Slimebound:Overexert","floor":30,"key":"SMITH"},{"data":"Slimebound:WasteNot","floor":35,"key":"SMITH"},{"floor":43,"key":"RECALL"}],"circlet_count":0,"master_deck":["Slimebound:Strike_Slimebound","Slimebound:Strike_Slimebound","Slimebound:Defend_Slimebound","Slimebound:Defend_Slimebound","Slimebound:Defend_Slimebound","Slimebound:Defend_Slimebound","Slimebound:Split+1","Slimebound:CorrosiveSpit+1","Slimebound:LeechEnergy","Slimebound:ItLooksTasty","Slimebound:MegaLick","Slimebound:Repurpose","Slimebound:MassFeed","Slimebound:RallyTheTroops","Slimebound:Overexert+1","Slimebound:AcidTongue+1","Slimebound:SplitBruiser+1","Slimebound:SpikyOuterGoop+1","Slimebound:SplitMire+1","Slimebound:GoopSpray","Slimebound:OozeBath","Slimebound:WasteNot+1","Slimebound:MegaLick+1","Slimebound:GoopSpray+1","Slimebound:Repurpose+1","theDuelist:GravekeeperCurse"],"relics":["Slimebound:AbsorbEndCombat","Replay:Multitool","Blue Candle","Replay:Baseball","Slimebound:AggressiveSlimeRelic","Simple Rune","Odd Mushroom","Strawberry","Girya","SlaversCollar","aspiration:AnachronicSnailShell","Ancient Tea Set","infinitespire:FocusingShard","ReplayTheSpireMod:CursedCoin","War Paint","aspiration:SilentSkillbook","BargainBundle","Frozen Egg 2","Dead Branch","Bag of Marbles","ReplayTheSpireMod:Ring of Addiction","Ring of Fangs","Toy Ornithopter","Chameleon Ring"],"acts_visited":["Exordium","TheCity","TheBeyond"],"potions_floor_usage":[19,22,25,25,25,25,26,26,29,50,50],"damage_taken":[{"damage":2,"enemies":"Cultist","floor":2,"turns":4},{"damage":0,"enemies":"2 Louse","floor":6,"turns":3},{"damage":7,"enemies":"Small Slimes","floor":7,"turns":5},{"damage":0,"enemies":"HollowMod:MossKnight","floor":8,"turns":3},{"damage":0,"enemies":"The Mushroom Lair","floor":9,"turns":3},{"damage":0,"enemies":"downfall:FleeingMerchant","floor":10,"turns":4},{"damage":0,"enemies":"Small Slimes","floor":12,"turns":2},{"damage":7,"enemies":"Blue Slaver","floor":13,"turns":3},{"damage":0,"enemies":"Lagavulin","floor":14,"turns":5},{"damage":1,"enemies":"2 Fungi Beasts","floor":15,"turns":2},{"damage":7,"enemies":"IC_STATUS_ARCHETYPE","floor":16,"turns":7},{"damage":6,"enemies":"3 Byrds","floor":19,"turns":3},{"damage":18,"enemies":"Snake Plant","floor":20,"turns":4},{"damage":9,"enemies":"conspire:HollyBat","floor":22,"turns":6},{"damage":5,"enemies":"Centurion and Healer","floor":23,"turns":6},{"damage":2,"enemies":"conspire:Head Lice","floor":25,"turns":5},{"damage":7,"enemies":"Shelled Parasite and Fungi","floor":26,"turns":4},{"damage":19,"enemies":"Chosen and Byrds","floor":27,"turns":5},{"damage":8,"enemies":"Replay:Snechameleon","floor":28,"turns":4},{"damage":3,"enemies":"downfall:FleeingMerchant","floor":29,"turns":4},{"damage":7,"enemies":"conspire:HollyBat","floor":32,"turns":6},{"damage":36,"enemies":"SI_MIRROR_ARCHETYPE","floor":33,"turns":14},{"damage":1,"enemies":"3 Shapes","floor":36,"turns":4},{"damage":2,"enemies":"Orb Walker","floor":37,"turns":3},{"damage":5,"enemies":"downfall:FleeingMerchant","floor":39,"turns":4},{"damage":12,"enemies":"3 Darklings","floor":40,"turns":6},{"damage":10,"enemies":"3 Darklings","floor":42,"turns":4},{"damage":5,"enemies":"Sphere and 2 Shapes","floor":44,"turns":5},{"damage":11,"enemies":"Maw","floor":45,"turns":7},{"damage":14,"enemies":"4 Shapes","floor":47,"turns":3},{"damage":9,"enemies":"Sphere and 2 Shapes","floor":49,"turns":4},{"damage":114,"enemies":"DF_ARCHETYPE_ORBS","floor":50,"turns":7}],"seed_played":"-5762169844074441576","potions_obtained":[{"floor":9,"key":"Energy Potion"},{"floor":12,"key":"Strength Potion"},{"floor":13,"key":"LiquidBronze"},{"floor":21,"key":"EntropicBrew"},{"floor":22,"key":"Strength Potion"},{"floor":23,"key":"Fire Potion"},{"floor":26,"key":"Fruit Juice"},{"floor":28,"key":"Elixir"},{"floor":32,"key":"SpeedPotion"},{"floor":33,"key":"CultistPotion"},{"floor":36,"key":"Energy Potion"}],"is_trial":false,"path_per_floor":["R","M","?","?","?","M","MIM","E","?","$","R","M","M","E","M","B",null,"R_BF","M","M","?","M","M","T","E","M","M","E","$","R","?","M","B",null,"R","M","M","?","$","MIM","T","M","R","M","M","$","M","?","M","B"],"character_chosen":"SLIMEBOUND","items_purchased":["ReplayTheSpireMod:CursedCoin","War Paint","Slimebound:OozeBath","BargainBundle","Frozen Egg 2","Bag of Marbles"],"campfire_rested":0,"item_purchase_floors":[29,29,29,39,39,46],"current_hp_per_floor":[47,49,44,44,44,48,47,55,61,65,72,75,73,78,84,79,84,84,83,69,69,68,71,71,80,86,76,76,81,81,98,96,68,101,101,101,105,105,104,95,95,93,93,96,93,93,87,87,82,0,0,0],"gold":99,"neow_bonus":"ONE_RARE_RELIC","is_daily":false,"chose_seed":false,"campfire_upgraded":3,"win_rate":0.0,"timestamp":1612476523,"path_taken":["R","M","?","?","?","M","MIM","E","?","?","R","M","M","E","M","BOSS","R_BF","M","M","?","M","?","T","E","M","M","E","?","R","?","M","BOSS","R","M","M","?","$","?","T","M","R","?","M","$","?","?","M","BOSS"],"items_purchased_type":["Relic","Relic","Card","Relic","Relic","Relic"],"build_version":"2020-12-22","purchased_purges":3,"victory":false,"max_hp_per_floor":[65,65,65,65,65,65,65,65,65,65,72,75,78,78,84,84,84,84,87,87,87,87,87,87,90,95,98,98,98,98,98,101,101,101,101,101,105,105,105,105,105,105,105,105,105,105,105,105,105,105,105,105],"card_choices":[{"not_picked":["Slimebound:FormOfPuddle","Slimebound:FinishingTackle"],"picked":"Slimebound:LeechEnergy","floor":2},{"not_picked":["Slimebound:ComboTackle","Slimebound:Nibble","Slimebound:FlameTackle"],"picked":"SKIP","floor":6},{"not_picked":["Slimebound:Nibble","Slimebound:FormOfPuddle"],"picked":"Slimebound:ItLooksTasty","floor":7},{"not_picked":["Slimebound:Prepare","Slimebound:ServeAndProtect"],"picked":"Slimebound:MegaLick","floor":8},{"not_picked":["Slimebound:SplitAcid","Slimebound:AcidTongue"],"picked":"Slimebound:Repurpose","floor":9},{"not_picked":["Slimebound:SplitBruiser","Slimebound:HauntingLick"],"picked":"Slimebound:MassFeed","floor":10},{"not_picked":["Slimebound:Prepare","Slimebound:HauntingLick","Slimebound:LeechingTouch"],"picked":"SKIP","floor":12},{"not_picked":["Slimebound:Nibble","Slimebound:RollThrough","Slimebound:FinishingTackle"],"picked":"SKIP","floor":13},{"not_picked":["Slimebound:Schlurp","Slimebound:DivideAndConquer"],"picked":"Slimebound:RallyTheTroops","floor":14},{"not_picked":["Slimebound:LeechingTouch","Slimebound:FinishingTackle","Slimebound:LeechLife"],"picked":"SKIP","floor":15},{"not_picked":["Slimebound:SelfFormingGoo","Slimebound:CheckThePlaybook"],"picked":"Slimebound:Overexert","floor":16},{"not_picked":["Slimebound:SlimeSpikes","Slimebound:RainOfGoop","Slimebound:DisruptingSlam"],"picked":"SKIP","floor":19},{"not_picked":["Slimebound:LivingWall","Slimebound:SamplingLick"],"picked":"Slimebound:AcidTongue+1","floor":20},{"not_picked":["Slimebound:LeechingTouch","Slimebound:LeechEnergy"],"picked":"Slimebound:SplitBruiser+1","floor":22},{"not_picked":["Slimebound:ItLooksTasty","Slimebound:FinishingTackle+1","Slimebound:HauntingLick"],"picked":"SKIP","floor":23},{"not_picked":["Slimebound:DouseInSlime","Slimebound:ItLooksTasty+1"],"picked":"Slimebound:SpikyOuterGoop+1","floor":25},{"not_picked":["Slimebound:FinishingTackle","Slimebound:RollThrough"],"picked":"Slimebound:SplitMire+1","floor":26},{"not_picked":["Slimebound:Nibble","Slimebound:Schlurp","Slimebound:FlameTackle"],"picked":"SKIP","floor":27},{"not_picked":["Slimebound:Schlurp+1","Slimebound:DisruptingSlam"],"picked":"Slimebound:GoopSpray","floor":28},{"not_picked":["Slimebound:LeechingTouch","Slimebound:ComboTackle+1"],"picked":"Slimebound:ServeAndProtect","floor":29},{"not_picked":["Slimebound:SplitLeeching+1","Slimebound:GoopSpray","Slimebound:DivideAndConquer"],"picked":"SKIP","floor":32},{"not_picked":["Slimebound:LeechLife","Slimebound:Overexert"],"picked":"Slimebound:WasteNot","floor":33},{"not_picked":["conspire:DoublingDagger+1","Eviscerate+1","Slimebound:LivingWall+1"],"picked":"Slimebound:MegaLick+1","floor":36},{"not_picked":["Heel Hook","Slimebound:LeechEnergy+1","Concentrate+1","Poisoned Stab"],"picked":"SKIP","floor":37},{"not_picked":["Slimebound:RollThrough","Setup","Fluid Movement","Tactician+1"],"picked":"SKIP","floor":39},{"not_picked":["PiercingWail+1","Catalyst+1","Backstab"],"picked":"Slimebound:GoopSpray+1","floor":40},{"not_picked":["Slimebound:SlimeSpikes","Slimebound:SlimeBarrage","Flying Knee","Outmaneuver"],"picked":"SKIP","floor":42},{"not_picked":["Dash","Slimebound:FinishingTackle+1","Backflip","Slimebound:HauntingLick"],"picked":"SKIP","floor":44},{"not_picked":["Bane+1","Hidden Blade","Infinite Blades+1","Slimebound:RollThrough"],"picked":"SKIP","floor":45},{"not_picked":["Underhanded Strike","Slimebound:SpikyOuterGoop+1","Slimebound:PressTheAttack"],"picked":"Slimebound:Repurpose+1","floor":47},{"not_picked":["Slimebound:RollThrough+1","Slimebound:DivideAndConquer+1","Flying Knee","Slimebound:Replication"],"picked":"SKIP","floor":49}],"player_experience":306917,"relics_obtained":[{"floor":4,"key":"Replay:Baseball"},{"floor":7,"key":"Slimebound:AggressiveSlimeRelic"},{"floor":8,"key":"Simple Rune"},{"floor":9,"key":"Odd Mushroom"},{"floor":11,"key":"Strawberry"},{"floor":14,"key":"Girya"},{"floor":18,"key":"aspiration:AnachronicSnailShell"},{"floor":25,"key":"Ancient Tea Set"},{"floor":28,"key":"infinitespire:FocusingShard"},{"floor":40,"key":"Dead Branch"},{"floor":48,"key":"ReplayTheSpireMod:Ring of Addiction"},{"floor":48,"key":"Ring of Fangs"},{"floor":48,"key":"Toy Ornithopter"},{"floor":48,"key":"Chameleon Ring"}],"event_choices":[{"damage_healed":0,"gold_gain":0,"player_choice":"Grow","damage_taken":0,"max_hp_gain":0,"max_hp_loss":0,"event_name":"Living Wall","floor":5,"gold_loss":0,"cards_upgraded":["Slimebound:CorrosiveSpit"]},{"damage_healed":0,"gold_gain":0,"player_choice":"Fought Mushrooms","damage_taken":0,"max_hp_gain":0,"max_hp_loss":0,"event_name":"Mushrooms","floor":9,"gold_loss":0},{"damage_healed":0,"gold_gain":0,"player_choice":"Got Potions","damage_taken":0,"max_hp_gain":0,"max_hp_loss":0,"event_name":"Lab","floor":21,"gold_loss":0}],"is_beta":false,"boss_relics":[{"not_picked":["aspiration:FutureDiary","Replay:Fungal Core"],"picked":"SlaversCollar"},{"not_picked":["conspire:SeveredTorchhead","Velvet Choker"],"picked":"aspiration:SilentSkillbook"}],"items_purged_floors":[10,29,39],"is_endless":false,"potions_floor_spawned":[9,12,13,14,22,23,26,28,32,33,36,42,47,49],"killed_by":"DF_ARCHETYPE_ORBS","ascension_level":0}}