{"host":"p7j7o00jacnw7qzt","time":1612413102,"event":{"mods":["BaseMod","Colored Map","Colored Powertips","DeckTracker","Highlight Path","Minty Spire (QoL Compilation)","Relic Stats"],"gold_per_floor":[111,111,36,36,51,77,77,89,89,89,89,106,106,138,138,138,138],"floor_reached":16,"language":"ZHS","playtime":365,"items_purged":["Strike_G"],"score":266,"play_id":"61f27411-b52b-408d-b3f9-56fda69f6821","local_time":"20210203233142","is_ascension_mode":true,"campfire_choices":[{"data":"Skewer","floor":7.0,"key":"SMITH"},{"floor":10.0,"key":"RECALL"},{"data":"Tactician","floor":15.0,"key":"SMITH"}],"circlet_count":0,"master_deck":["AscendersBane","Strike_G","Strike_G","Strike_G","Strike_G","Defend_G","Defend_G","Defend_G","Defend_G","Defend_G","Survivor+1","Neutralize+1","Skewer+1","Tactician+1"],"relics":["Ring of the Snake","NeowsBlessing","Gremlin Horn","White Beast Statue","Question Card","Centennial Puzzle"],"acts_visited":["Exordium"],"potions_floor_usage":[16],"damage_taken":[{"damage":0.0,"enemies":"Jaw Worm","floor":1.0,"turns":1.0},{"damage":0.0,"enemies":"Small Slimes","floor":5.0,"turns":1.0},{"damage":0.0,"enemies":"3 Sentries","floor":6.0,"turns":1.0},{"damage":1.0,"enemies":"2 Louse","floor":8.0,"turns":3.0},{"damage":0.0,"enemies":"Large Slime","floor":12.0,"turns":7.0},{"damage":8.0,"enemies":"Lagavulin","floor":14.0,"turns":10.0},{"damage":28,"enemies":"Slime Boss","floor":16,"turns":7}],"seed_played":"-7839026663512119362","potions_obtained":[{"floor":5.0,"key":"Dexterity Potion"},{"floor":6.0,"key":"Dexterity Potion"},{"floor":12.0,"key":"Energy Potion"},{"floor":14.0,"key":"ColorlessPotion"}],"is_trial":false,"path_per_floor":["M","?","$","?","M","E","R","M","T","R","?","M","T","E","R","B"],"character_chosen":"THE_SILENT","items_purchased":[],"campfire_rested":0,"item_purchase_floors":[],"current_hp_per_floor":[59,39,39,39,39,39,39,38,38,38,38,38,38,30,30,2,2],"gold":138,"neow_bonus":"THREE_ENEMY_KILL","is_daily":false,"chose_seed":false,"campfire_upgraded":2,"win_rate":0.0,"timestamp":1612413102,"path_taken":["M","?","$","?","M","E","R","M","T","R","?","M","?","E","R","BOSS"],"items_purchased_type":[],"build_version":"2020-12-22","purchased_purges":1,"victory":false,"max_hp_per_floor":[66,66,66,66,66,66,66,66,66,66,66,66,66,66,66,66,66],"relic_stats":{"Centennial Puzzle":[3],"Gremlin Horn":[2,2],"counters":[7,29],"Question Card":1,"obtain_stats":[{"Centennial Puzzle":14,"NeowsBlessing":0,"Gremlin Horn":6,"Question Card":13,"White Beast Statue":9,"Ring of the Snake":0},{"Centennial Puzzle":6,"NeowsBlessing":0,"Gremlin Horn":3,"Question Card":5,"White Beast Statue":4,"Ring of the Snake":0},{"Centennial Puzzle":23,"NeowsBlessing":0,"Gremlin Horn":3,"Question Card":13,"White Beast Statue":6,"Ring of the Snake":0}],"Ring of the Snake":[14]},"card_choices":[{"not_picked":["PiercingWail","Underhanded Strike","Backflip"],"picked":"SKIP","floor":1.0},{"not_picked":["Slice","Sucker Punch","Bane"],"picked":"SKIP","floor":5.0},{"not_picked":["Sucker Punch","Distraction"],"picked":"Skewer","floor":6.0},{"not_picked":["Cloak And Dagger","Eviscerate","Dodge and Roll"],"picked":"SKIP","floor":8.0},{"not_picked":["Bane","Deflect","Cloak And Dagger"],"picked":"SKIP","floor":12.0},{"not_picked":["Prepared","Deflect","Riddle With Holes"],"picked":"Tactician","floor":14.0}],"player_experience":1074603,"relics_obtained":[{"floor":6.0,"key":"Gremlin Horn"},{"floor":9.0,"key":"White Beast Statue"},{"floor":13.0,"key":"Question Card"},{"floor":14.0,"key":"Centennial Puzzle"}],"event_choices":[{"damage_healed":0.0,"max_hp_gain":0.0,"max_hp_loss":0.0,"gold_gain":0.0,"event_name":"Shining Light","player_choice":"Entered Light","floor":2.0,"gold_loss":0.0,"damage_taken":20.0,"cards_upgraded":["Survivor","Neutralize"]},{"damage_healed":0.0,"max_hp_gain":0.0,"max_hp_loss":0.0,"gold_gain":0.0,"event_name":"The Cleric","player_choice":"Leave","floor":4.0,"gold_loss":0.0,"damage_taken":0.0},{"damage_healed":0.0,"max_hp_gain":0.0,"max_hp_loss":0.0,"gold_gain":0.0,"event_name":"Liars Game","player_choice":"Ignored","floor":11.0,"gold_loss":0.0,"damage_taken":0.0}],"is_beta":false,"boss_relics":[],"items_purged_floors":[3],"is_endless":false,"potions_floor_spawned":[5,6,12,14],"killed_by":"Slime Boss","ascension_level":20}}