{"host":"ufpbcvppfed80z13","time":1612399195,"event":{"mods":["BaseMod","Minty Spire (QoL Compilation)","Replay The Spire","StSLib"],"gold_per_floor":[110,110,123,298,317,317,352,352,352,352,0,0,18,52,52,178,178,198,222,322,346,362,362,401,422,422,422,422],"floor_reached":27,"language":"ENG","playtime":1067,"items_purged":["Doubt"],"score":316,"play_id":"84337365-2b8c-4a16-ba13-26716f52bd08","local_time":"20210204003955","is_ascension_mode":true,"campfire_choices":[{"data":"Bouncing Flask","floor":6,"key":"SMITH"},{"data":"Glass Knife","floor":8,"key":"SMITH"},{"data":"ReplayTheSpireMod:Speed Training","floor":10,"key":"SMITH"},{"data":"Discovery","floor":12,"key":"SMITH"},{"floor":15,"key":"REST"},{"floor":23,"key":"REST"}],"circlet_count":0,"master_deck":["Strike_G","Strike_G","Strike_G","Defend_G","Defend_G","Defend_G","Defend_G","Survivor","Neutralize","Flechettes+1","Masterful Stab+1","Setup+1","Noxious Fumes","Bouncing Flask+1","ReplayTheSpireMod:Speed Training+1","Glass Knife+1","Backflip","Fluid Movement","Deadly Poison","Dagger Throw","Underhanded Strike","Discovery+1","Dagger Spray","Bane","Tools of the Trade","Quick Slash+1","PiercingWail","Replay:Poison Smokescreen+1"],"relics":["Astrolabe","Golden Idol","Vajra","Paper Crane","BargainBundle","Replay:Baseball","Blood Vial","Busted Crown","Oddly Smooth Stone","Replay:Multitool"],"acts_visited":["Exordium","TheCity"],"potions_floor_usage":[14,14,22,22,25],"damage_taken":[{"damage":0,"enemies":"Small Slimes","floor":1,"turns":3},{"damage":2,"enemies":"Jaw Worm","floor":3,"turns":3},{"damage":0,"enemies":"Cultist","floor":5,"turns":2},{"damage":17,"enemies":"Gremlin Nob","floor":7,"turns":4},{"damage":0,"enemies":"3 Louse","floor":13,"turns":1},{"damage":15,"enemies":"Lagavulin","floor":14,"turns":4},{"damage":23,"enemies":"Slime Boss","floor":16,"turns":7},{"damage":11,"enemies":"Shell Parasite","floor":18,"turns":3},{"damage":7,"enemies":"Chosen","floor":19,"turns":3},{"damage":13,"enemies":"Snecko","floor":21,"turns":3},{"damage":13,"enemies":"Shelled Parasite and Fungi","floor":22,"turns":4},{"damage":18,"enemies":"Book of Stabbing","floor":24,"turns":5},{"damage":23,"enemies":"3 Cultists","floor":25,"turns":5},{"damage":5,"enemies":"Sentry and Sphere","floor":27,"turns":2}],"seed_played":"-6145856164577039509","potions_obtained":[{"floor":1,"key":"BlessingOfTheForge"},{"floor":7,"key":"AttackPotion"},{"floor":14,"key":"Energy Potion"},{"floor":16,"key":"ColorlessPotion"},{"floor":18,"key":"Adrenaline Potion"}],"is_trial":false,"path_per_floor":["M","?","M","?","M","R","E","R","T","R","$","R","M","E","R","B",null,"M","M","?","M","M","R","E","M","T","M"],"character_chosen":"THE_SILENT","items_purchased":["BargainBundle","Replay:Baseball","Flashbang","Backflip","Fluid Movement","Deadly Poison","Dagger Throw","Underhanded Strike","Discovery","Energy Potion"],"campfire_rested":2,"item_purchase_floors":[11,11,11,11,11,11,11,11,11,11],"current_hp_per_floor":[63,63,61,61,61,61,44,44,44,44,44,44,44,29,48,27,56,47,42,42,31,20,39,23,2,2,0,0],"gold":422,"neow_bonus":"BOSS_RELIC","is_daily":false,"chose_seed":false,"campfire_upgraded":4,"win_rate":0.0,"timestamp":1612399195,"path_taken":["M","?","M","?","M","R","E","R","T","R","?","R","M","E","R","BOSS","M","M","?","M","?","R","E","M","T","M"],"items_purchased_type":["Relic","Relic","Potion","Card","Card","Card","Card","Card","Card","Potion"],"build_version":"2020-12-22","purchased_purges":1,"victory":false,"max_hp_per_floor":[70,65,65,65,65,65,65,65,65,65,65,65,65,65,65,65,65,65,65,65,65,65,65,65,65,65,65,65],"card_choices":[{"not_picked":["Tactician","Outmaneuver"],"picked":"Noxious Fumes","floor":1},{"not_picked":["Dagger Throw","Slice"],"picked":"Bouncing Flask","floor":3},{"not_picked":["ReplayTheSpireMod:Scrap Shanks","Hidden Blade"],"picked":"ReplayTheSpireMod:Speed Training","floor":5},{"not_picked":["ReplayTheSpireMod:Shiv Toss","Quick Slash"],"picked":"Glass Knife","floor":7},{"not_picked":["Hidden Blade","Cloak And Dagger"],"picked":"Dagger Spray","floor":13},{"not_picked":["Doppelganger","Quick Slash"],"picked":"Bane","floor":14},{"not_picked":["Glass Knife","Storm of Steel"],"picked":"Tools of the Trade","floor":16},{"not_picked":["Hidden Blade"],"picked":"SKIP","floor":18},{"not_picked":["Quick Slash"],"picked":"SKIP","floor":19},{"not_picked":[],"picked":"Quick Slash+1","floor":21},{"not_picked":[],"picked":"PiercingWail","floor":22},{"not_picked":["Dagger Spray"],"picked":"SKIP","floor":24},{"not_picked":[],"picked":"Replay:Poison Smokescreen+1","floor":25}],"player_experience":101571,"relics_obtained":[{"floor":7,"key":"Vajra"},{"floor":9,"key":"Paper Crane"},{"floor":14,"key":"Blood Vial"},{"floor":24,"key":"Oddly Smooth Stone"},{"floor":26,"key":"Replay:Multitool"}],"event_choices":[{"damage_healed":0,"gold_gain":0,"player_choice":"Lose Max HP","damage_taken":0,"relics_obtained":["Golden Idol"],"max_hp_gain":0,"max_hp_loss":5,"event_name":"Golden Idol","floor":2,"gold_loss":0},{"damage_healed":0,"gold_gain":175,"player_choice":"AGREE","damage_taken":0,"max_hp_gain":0,"max_hp_loss":0,"event_name":"Liars Game","floor":4,"gold_loss":0,"cards_obtained":["Doubt"]},{"damage_healed":0,"gold_gain":100,"player_choice":"Pray","damage_taken":0,"max_hp_gain":0,"max_hp_loss":0,"event_name":"Golden Shrine","floor":20,"gold_loss":0}],"is_beta":false,"boss_relics":[{"not_picked":["Runic Pyramid","Snecko Scales"],"picked":"Busted Crown"}],"items_purged_floors":[11],"is_endless":false,"potions_floor_spawned":[1,7,14,16,18],"killed_by":"Sentry and Sphere","ascension_level":6}}