{"host":"ynimr9ugvc6f046i","time":1612454193,"event":{"mods":["2.2 Compatiblity","BaseMod","Colored Map","DeckTracker","Highlight Path","Keyboard Shortcuts","Minty Spire (QoL Compilation)","Permanent Neow","Quick Restart","StSLib","SuperFastMode"],"gold_per_floor":[112,112,122,139,152,182,182,182,182],"floor_reached":8,"language":"KOR","playtime":192,"items_purged":[],"score":116,"play_id":"dc6a2260-a64e-4825-83ad-15ec69082d9f","local_time":"20210205005633","is_ascension_mode":true,"campfire_choices":[{"data":"Apotheosis","floor":7,"key":"SMITH"}],"circlet_count":0,"master_deck":["AscendersBane","Strike_R","Strike_R","Strike_R","Strike_R","Strike_R","Defend_R","Defend_R","Defend_R","Defend_R","Bash","Apotheosis+1","Uppercut","Second Wind","Sword Boomerang","Entrench"],"relics":["Burning Blood","Prayer Wheel"],"acts_visited":["Exordium"],"potions_floor_usage":[8,8],"damage_taken":[{"damage":0,"enemies":"Cultist","floor":1,"turns":3},{"damage":4,"enemies":"Small Slimes","floor":3,"turns":4},{"damage":15,"enemies":"2 Louse","floor":4,"turns":3},{"damage":8,"enemies":"Large Slime","floor":5,"turns":6},{"damage":32,"enemies":"Lagavulin","floor":6,"turns":9},{"damage":31,"enemies":"3 Sentries","floor":8,"turns":10}],"seed_played":"5726180678655061819","potions_obtained":[{"floor":1,"key":"SpeedPotion"},{"floor":3,"key":"Block Potion"},{"floor":6,"key":"DistilledChaos"}],"is_trial":false,"path_per_floor":["M","T","M","M","M","E","R","E"],"character_chosen":"IRONCLAD","items_purchased":[],"campfire_rested":0,"item_purchase_floors":[],"current_hp_per_floor":[68,68,68,59,57,31,31,0,0],"gold":182,"neow_bonus":"RANDOM_COLORLESS_2","is_daily":false,"chose_seed":false,"campfire_upgraded":1,"win_rate":0.0,"timestamp":1612454193,"path_taken":["M","?","M","M","M","E","R","E"],"items_purchased_type":[],"build_version":"2020-12-22","purchased_purges":0,"victory":false,"max_hp_per_floor":[68,68,68,68,68,68,68,68,68],"card_choices":[{"not_picked":["Panache","Mayhem"],"picked":"Apotheosis","floor":0},{"not_picked":["Warcry","True Grit"],"picked":"Uppercut","floor":1},{"not_picked":["Metallicize","Whirlwind"],"picked":"Second Wind","floor":3},{"not_picked":["True Grit","Anger"],"picked":"Sword Boomerang","floor":4},{"not_picked":["Pummel","Anger","Warcry"],"picked":"SKIP","floor":5},{"not_picked":["Armaments","Pommel Strike"],"picked":"Entrench","floor":6}],"player_experience":554316,"relics_obtained":[{"floor":6,"key":"Prayer Wheel"}],"event_choices":[],"is_beta":false,"boss_relics":[],"items_purged_floors":[],"is_endless":false,"potions_floor_spawned":[1,3,6],"killed_by":"3 Sentries","ascension_level":20}}