{"host":"8srk5r1dwtmjotwd","time":1612405503,"event":{"mods":["AchievementEnabler","Act Like it!","BaseMod","Beaked The Cultist","Bestiary","Better Note","Better Third Choice","Colored Map","Colored Powertips","Friendly Minions","GifTheSpireLib","Halation","Hallownest","Hermit","Hubris","Infinite Spire","Mimic Mod","Minty Spire (QoL Compilation)","Morshu Shopkeeper - ENHANCED","Quick Restart","Rare Cards Sparkle","Reliquary","Replay The Spire","Shop Mod","StSLib","SuperFastMode","Synergy Search","The Bug Knight","The Construct","The Cursed","Thieving Mod","Yohane!","everything is the same but u backflip on backflip","slay the spire mod where everything is the same but ironclad has a cowboy hat"],"gold_per_floor":[119,119,138,138,155,155,135,152,189,189,205,205,222,234,234,331,331,351,351,365,440,440,440,440,440,511,35,46,57,70,104,104,104,104],"floor_reached":33,"language":"ENG","playtime":1626,"items_purged":[],"score":259,"play_id":"e02fe106-00e0-49af-b1aa-a0023ac53ea8","local_time":"20210203212503","is_ascension_mode":false,"campfire_choices":[{"data":"Whirlwind","floor":6.0,"key":"SMITH"},{"data":"hubris:CleavingFinish","floor":10.0,"key":"SMITH"},{"floor":15.0,"key":"DIG"},{"floor":23.0,"key":"REST"},{"data":"hubris:Rewind","floor":25.0,"key":"SMITH"},{"floor":32.0,"key":"REST"}],"circlet_count":0,"master_deck":["Strike_R","Strike_R","Strike_R","Strike_R","Strike_R","Defend_R","Defend_R","Defend_R","Defend_R","Bash","Whirlwind+1","hubris:CleavingFinish+1","Replay:Undeath\u0027s Touch","Cleave","Offering","Inflame","Rage","Demon Form","Searing Blow","Demon Form","Pummel","hubris:Rewind+1","hubris:Insight","Flex","infinitespire:OneForAll+1"],"relics":["Burning Blood","halation:StarCompass","reliquary:TatteredRug","reliquary:PartyBalloon","construct:WeddingRing","halation:BottledLove","halation:SwordOfLegend","reliquary:JackalopeAntler","Potion Belt","halation:Sosunser","hubris:Potato"],"acts_visited":["Exordium","TheCity"],"potions_floor_usage":[33],"damage_taken":[{"damage":0.0,"enemies":"Cultist","floor":1.0,"turns":2.0},{"damage":7.0,"enemies":"2 Louse","floor":3.0,"turns":2.0},{"damage":0.0,"enemies":"Small Slimes","floor":5.0,"turns":3.0},{"damage":14.0,"enemies":"Gremlin Gang","floor":8.0,"turns":3.0},{"damage":4.0,"enemies":"Large Slime","floor":9.0,"turns":6.0},{"damage":0.0,"enemies":"Large Slime","floor":11.0,"turns":3.0},{"damage":6.0,"enemies":"Blue Slaver","floor":13.0,"turns":1.0},{"damage":17.0,"enemies":"Exordium Wildlife","floor":14.0,"turns":2.0},{"damage":12.0,"enemies":"Fading Forest","floor":16.0,"turns":11.0},{"damage":12.0,"enemies":"Spheric Guardian","floor":18.0,"turns":4.0},{"damage":32.0,"enemies":"Snecko","floor":20.0,"turns":5.0},{"damage":6.0,"enemies":"3 Cultists","floor":28.0,"turns":3.0},{"damage":18.0,"enemies":"Shelled Parasite and Fungi","floor":29.0,"turns":2.0},{"damage":0.0,"enemies":"Centurion and Healer","floor":30.0,"turns":4.0},{"damage":46.0,"enemies":"Nightmare","floor":31.0,"turns":5.0},{"damage":70,"enemies":"Champ","floor":33,"turns":9}],"seed_played":"4533991305010546714","potions_obtained":[{"floor":0.0,"key":"Weak Potion"},{"floor":0.0,"key":"AttackPotion"},{"floor":0.0,"key":"Cursed Concoction"},{"floor":5.0,"key":"BlessingOfTheForge"},{"floor":7.0,"key":"Doom Potion"},{"floor":8.0,"key":"AttackPotion"},{"floor":14.0,"key":"Explosive Potion"},{"floor":16.0,"key":"HeartOfIron"},{"floor":18.0,"key":"Strength Potion"},{"floor":20.0,"key":"Adrenaline Potion"},{"floor":29.0,"key":"Venom Potion"}],"is_trial":false,"path_per_floor":["M","?","M","?","M","R","?","M","MIM","R","M","?","M","M","R_BF","B",null,"M","?","M","T","?","R","AVR","R","T","$","M","M","M","NM","R","B"],"character_chosen":"IRONCLAD","items_purchased":["Potion Belt","halation:Sosunser","hubris:Insight","Strength Potion","Flex"],"campfire_rested":2,"item_purchase_floors":[27,27,27,27,27],"current_hp_per_floor":[80,80,79,84,85,85,85,77,79,79,85,85,85,74,74,82,85,79,79,53,53,37,64,64,63,63,63,63,51,57,17,53,0,0],"gold":104,"neow_bonus":"THREE_SMALL_POTIONS","is_daily":false,"chose_seed":false,"campfire_upgraded":3,"win_rate":0.0,"timestamp":1612405503,"path_taken":["M","?","M","?","M","R","?","M","MIM","R","M","?","M","M","R_BF","BOSS","M","?","?","?","?","R","AVR","R","T","?","M","M","?","NM","R","BOSS"],"items_purchased_type":["Relic","Relic","Card","Potion","Card"],"build_version":"2020-12-22","purchased_purges":0,"victory":false,"max_hp_per_floor":[80,80,80,85,85,85,85,85,85,85,85,85,85,85,85,85,85,85,85,85,85,90,90,90,90,90,90,90,90,90,90,90,90,90],"card_choices":[{"not_picked":["Replay:Undeath\u0027s Touch","Anger"],"picked":"Whirlwind","floor":1.0},{"not_picked":["ReplayTheSpireMod:Corrosion Curse","Warcry"],"picked":"hubris:CleavingFinish","floor":3.0},{"not_picked":["Pommel Strike","Battle Trance","Abandon"],"picked":"SKIP","floor":5.0},{"not_picked":["Sword Boomerang","Anger"],"picked":"Replay:Undeath\u0027s Touch","floor":8.0},{"not_picked":["Run Through","Headbutt"],"picked":"Cleave","floor":9.0},{"not_picked":["Shrug It Off","Clash"],"picked":"Offering","floor":11.0},{"not_picked":["Replay:Undeath\u0027s Touch","Twin Strike"],"picked":"Inflame","floor":13.0},{"not_picked":["Thunderclap","Hemokinesis"],"picked":"Rage","floor":14.0},{"not_picked":["Demonic Infusion","Juggernaut"],"picked":"Demon Form","floor":16.0},{"not_picked":["Defy Death+1","Shrug It Off+1"],"picked":"Searing Blow","floor":18.0},{"not_picked":["Iron Wave+1","Searing Blow"],"picked":"Pummel","floor":20.0},{"not_picked":["Burning Pact","Cleave","True Grit"],"picked":"SKIP","floor":28.0},{"not_picked":["Shrug It Off","Reckless Charge","Feel No Pain+1"],"picked":"SKIP","floor":29.0},{"not_picked":["Rupture","Perfected Strike","Hemogenesis"],"picked":"SKIP","floor":30.0},{"not_picked":["Reckless Charge","Immolate"],"picked":"infinitespire:OneForAll+1","floor":31.0}],"player_experience":99126,"relics_obtained":[{"floor":9.0,"key":"reliquary:TatteredRug"},{"floor":15.0,"key":"reliquary:PartyBalloon"},{"floor":21.0,"key":"halation:BottledLove"},{"floor":26.0,"key":"reliquary:JackalopeAntler"},{"floor":31.0,"key":"hubris:Potato"}],"event_choices":[{"damage_healed":0.0,"max_hp_gain":5.0,"max_hp_loss":0.0,"gold_gain":0.0,"event_name":"Big Fish","player_choice":"Donut","floor":4.0,"gold_loss":0.0,"damage_taken":0.0},{"damage_healed":0.0,"max_hp_gain":0.0,"max_hp_loss":0.0,"gold_gain":0.0,"event_name":"The Woman in Blue","player_choice":"Bought 1 Potion","floor":7.0,"gold_loss":0.0,"damage_taken":0.0},{"damage_healed":0.0,"max_hp_gain":0.0,"max_hp_loss":0.0,"gold_gain":0.0,"event_name":"The Cleric","player_choice":"Leave","floor":12.0,"gold_loss":0.0,"damage_taken":0.0},{"cards_removed":["Offering"],"damage_healed":0.0,"max_hp_gain":0.0,"max_hp_loss":0.0,"gold_gain":0.0,"event_name":"betterNote:BetterNote","player_choice":"Take \u0026 Give","floor":19.0,"gold_loss":0.0,"damage_taken":0.0,"cards_obtained":["Demon Form"]},{"damage_healed":0.0,"max_hp_gain":5.0,"max_hp_loss":0.0,"gold_gain":0.0,"event_name":"Forgotten Altar","player_choice":"Shed Blood","floor":22.0,"gold_loss":0.0,"damage_taken":21.0}],"is_beta":false,"boss_relics":[{"not_picked":["infinitespire:Burning Sword","halation:Yufonium"],"picked":"construct:WeddingRing"}],"items_purged_floors":[],"is_endless":true,"potions_floor_spawned":[5,8,14,16,18,20,29],"killed_by":"Champ","ascension_level":0}}