{"host":"mn5kbj4x7gv3jr0o","time":1612416734,"event":{"mods":["2.2 Compatiblity","A Magickal Journey","AchievementEnabler","Ascension Reborn","Aspiration","BaseMod","Bestiary","Better Altar","Better Note","Better Sensory Stone","Better Silent Start","Better Skull","Better Third Choice","Better Vampires","Better-Laid Plans","BetterRewards","Block Reminder","CCEM2","Colored Powertips","Colorless Booster Pack","Conspire","Curses Come First","Dota2Spire","Downfall","Emptier Cage","Energized Spire","Fox Events","GifTheSpireLib","Halation","HololiveMod","Hubris","Infinite Spire","Ironclad Rager","Jess\u0027s Bottle","Keyboard Shortcuts","Minty Spire (QoL Compilation)","Mirrors Mod","Poem Panic","Potion Indicator Mod","Potionbrewer","Puzzle Mod","Quarter Circle Forward PUNCH!","Quick Restart","Random Character Button","RatMod","Relic Sorter","Reliquary","Retaliation","Reworked Bosses","SCP261 Mod","SacredBarkPlus","Shop Mod","Small Relic Pack","Spicy Shops","Spikes Relics","StS++","StSLib","Stuff the Spire","The Blue Laboratory","Thieving Mod","Trackpad","Uncapped","UnlockEverythingMod","Useless Jewels Mod","Virulent Crown","Weighted Paths","Wide Potions"],"gold_per_floor":[113,133,148,158,174,174,206,206,278,305,305,305,316,93,93,198,198,212,312,329,329,329],"floor_reached":21,"language":"ENG","playtime":2035,"items_purged":[],"score":183,"play_id":"7a3f9031-2b58-446f-bafd-e0f310c20d51","local_time":"20210204003214","is_ascension_mode":true,"campfire_choices":[{"data":"theextravagant:HeavyBlows","floor":6.0,"key":"SMITH"},{"floor":8.0,"key":"REST"},{"data":"theextravagant:HeavyBlows","floor":11.0,"key":"SMITH"},{"floor":15,"key":"REST"}],"circlet_count":0,"master_deck":["theextravagant:SlyStrike","theextravagant:SlyStrike","theextravagant:SlyStrike","theextravagant:SlyStrike","theextravagant:Fence","theextravagant:Fence","theextravagant:Fence","theextravagant:Fence","theextravagant:QuickAttack","theextravagant:Triumph","theextravagant:Drift","theextravagant:HeavyBlows+1","theextravagant:ShootingStar","theextravagant:Urgency","theextravagant:HeavyBlows+1","theextravagant:GlyphOfChoice","CBP: UltraDivineWater","theextravagant:Comeback","theextravagant:AuroraForm","theextravagant:Glamour+1"],"relics":["aspiration:SecretTechniqueScroll","Dota2Spire:ArcaneBoots","Dota2Spire:Desolator","StuffTheSpire:GrapeVine","Dota2Spire:EchoSabre","halation:HeavySnake"],"acts_visited":["Exordium","TheCity"],"potions_floor_usage":[16,16,18,20],"damage_taken":[{"damage":1.0,"enemies":"Cultist","floor":1.0,"turns":4.0},{"damage":0.0,"enemies":"Small Slimes","floor":2.0,"turns":5.0},{"damage":0.0,"enemies":"2 Louse","floor":3.0,"turns":2.0},{"damage":14.0,"enemies":"Exordium Thugs","floor":4.0,"turns":6.0},{"damage":2.0,"enemies":"Blue Slaver","floor":5.0,"turns":3.0},{"damage":38.0,"enemies":"Gremlin Nob","floor":7.0,"turns":5.0},{"damage":1.0,"enemies":"3 Louse","floor":10.0,"turns":3.0},{"damage":25,"enemies":"Exordium Thugs","floor":13,"turns":4},{"damage":20,"enemies":"Hexaghost","floor":16,"turns":7},{"damage":26,"enemies":"3 Byrds","floor":18,"turns":5},{"damage":24,"enemies":"conspire:FuzzyDice","floor":20,"turns":5},{"damage":11,"enemies":"Shelled Parasite and Fungi","floor":21,"turns":3}],"seed_played":"-8366574676860783206","potions_obtained":[{"floor":1.0,"key":"blueLaboratory:LouseDecoction"},{"floor":5.0,"key":"potionbrewer:MidasPotion"},{"floor":7.0,"key":"blueLaboratory:FruitPunch"},{"floor":16,"key":"SCP261:SweetSwarmPotion"},{"floor":18,"key":"SCP261:GirlTearsPotion"}],"is_trial":false,"path_per_floor":["M","M","M","M","M","R","E","R","T","M","R","?","M","$","R","B",null,"M","?","M","M"],"character_chosen":"THE_EXTRAVAGANT","items_purchased":["StuffTheSpire:GrapeVine","Dota2Spire:EchoSabre"],"campfire_rested":2,"item_purchase_floors":[14,14],"current_hp_per_floor":[74,74,74,60,58,58,20,42,42,41,41,41,16,16,38,20,77,51,51,27,16,16],"gold":329,"neow_bonus":"BOSS_RELIC","is_daily":false,"chose_seed":false,"campfire_upgraded":2,"win_rate":0.0,"timestamp":1612416734,"path_taken":["M","?","M","M","M","R","E","R","T","M","R","?","M","$","R","BOSS","M","?","M","M"],"items_purchased_type":["Relic","Relic"],"build_version":"2020-12-22","purchased_purges":0,"victory":false,"max_hp_per_floor":[75,75,75,75,75,75,75,75,75,75,75,75,75,75,75,77,77,77,77,77,77,77],"card_choices":[{"not_picked":["theextravagant:GlyphOfPower","theextravagant:Tension"],"picked":"theextravagant:Drift","floor":1.0},{"not_picked":["theextravagant:StepBack","theextravagant:CuttingEdge"],"picked":"theextravagant:HeavyBlows","floor":2.0},{"not_picked":["theextravagant:Cutthroat","theextravagant:Comeback"],"picked":"theextravagant:ShootingStar","floor":3.0},{"not_picked":["theextravagant:Twitch","theextravagant:ZeroHero"],"picked":"theextravagant:Urgency","floor":4.0},{"not_picked":["theextravagant:SnakeEyes","theextravagant:Impulse"],"picked":"theextravagant:HeavyBlows","floor":5.0},{"not_picked":["theextravagant:Pushthrough","theextravagant:Twitch","theextravagant:Shake"],"picked":"SKIP","floor":7.0},{"not_picked":["theextravagant:Thrill","theextravagant:Tension"],"picked":"theextravagant:GlyphOfChoice","floor":10.0},{"not_picked":["StuffTheSpire:FreeRealEstate","Metamorphosis"],"picked":"CBP: UltraDivineWater","floor":12.0},{"not_picked":["theextravagant:GustOfWind","theextravagant:ShootingStar"],"picked":"theextravagant:Comeback","floor":13},{"not_picked":["theextravagant:RisingPhoenix","theextravagant:Erase"],"picked":"theextravagant:AuroraForm","floor":16},{"not_picked":["theextravagant:Masquerade+1","theextravagant:Ravage"],"picked":"theextravagant:Glamour+1","floor":18},{"not_picked":["theextravagant:Twitch","theextravagant:Ravage","theextravagant:ShootingStar"],"picked":"SKIP","floor":20}],"player_experience":185358,"relics_obtained":[{"floor":7.0,"key":"Dota2Spire:ArcaneBoots"},{"floor":9.0,"key":"Dota2Spire:Desolator"}],"event_choices":[{"damage_healed":0.0,"max_hp_gain":0.0,"max_hp_loss":0.0,"gold_gain":1.0,"event_name":"betterStone:BetterStone","player_choice":"1","floor":12.0,"gold_loss":0.0,"damage_taken":0.0},{"damage_healed":0,"gold_gain":100,"player_choice":"Pray","damage_taken":0,"max_hp_gain":0,"max_hp_loss":0,"event_name":"Golden Shrine","floor":19,"gold_loss":0}],"is_beta":false,"boss_relics":[{"not_picked":["aspiration:RandomNobGenerator","Calling Bell"],"picked":"halation:HeavySnake"}],"items_purged_floors":[],"is_endless":false,"potions_floor_spawned":[1,5,7,16,18],"killed_by":"Shelled Parasite and Fungi","ascension_level":0}}