{"host":"6r762osam2bvfm66","time":1612477851,"event":{"mods":["BaseMod","Colored Map","Minty Spire (QoL Compilation)"],"gold_per_floor":[118,118,128,1,18,51,51,86,86,103,132,143,159,112,112,210,210,222,222,238,120,135,163,163,163,188,188,218,228,241,269,269,369,369,385,435,61,0,17,17,30,63,63,82,82,109,125,137,137,137],"floor_reached":51,"language":"ENG","playtime":3044,"items_purged":[],"score":906,"play_id":"cfb8c692-95ca-4eaf-a41d-1543343fb9d6","local_time":"20210204163051","is_ascension_mode":true,"campfire_choices":[{"data":"Bash","floor":7.0,"key":"SMITH"},{"floor":15.0,"key":"REST"},{"data":"Rupture","floor":24.0,"key":"SMITH"},{"data":"Rupture","floor":27.0,"key":"SMITH"},{"data":"Rupture","floor":32.0,"key":"SMITH"},{"data":"Demon Form","floor":40,"key":"SMITH"},{"floor":49,"key":"REST"}],"circlet_count":0,"master_deck":["Defend_R","Defend_R","Defend_R","Defend_R","Bash+1","Brutality+1","Clothesline","Cleave","Rupture+1","Heavy Blade","Dropkick","Rupture+1","Sword Boomerang","Metallicize","Flame Barrier","Offering","Blood for Blood+1","Bite","Bite","Bite","Bite","Bite","Rupture+1","Shrug It Off","Combust","Sword Boomerang+1","Inflame+1","Demon Form+1","Inflame","Pummel","Demon Form+1","Parasite"],"relics":["Burning Blood","InkBottle","Mummified Hand","Ornamental Fan","Snecko Eye","Meat on the Bone","Strawberry","Oddly Smooth Stone","Red Mask","Sozu","Ice Cream","Kunai","Unceasing Top","Vajra","Bottled Tornado","Darkstone Periapt"],"acts_visited":["Exordium","TheCity","TheBeyond"],"potions_floor_usage":[50,50,50],"damage_taken":[{"damage":11.0,"enemies":"Jaw Worm","floor":1.0,"turns":5.0},{"damage":2.0,"enemies":"Cultist","floor":3.0,"turns":3.0},{"damage":2.0,"enemies":"Small Slimes","floor":5.0,"turns":3.0},{"damage":36.0,"enemies":"Lagavulin","floor":6.0,"turns":7.0},{"damage":21.0,"enemies":"Gremlin Nob","floor":8.0,"turns":4.0},{"damage":9.0,"enemies":"Blue Slaver","floor":10.0,"turns":2.0},{"damage":23.0,"enemies":"3 Sentries","floor":11.0,"turns":6.0},{"damage":8.0,"enemies":"Gremlin Gang","floor":12.0,"turns":4.0},{"damage":0.0,"enemies":"Large Slime","floor":13.0,"turns":6.0},{"damage":12.0,"enemies":"The Guardian","floor":16.0,"turns":8.0},{"damage":19.0,"enemies":"3 Byrds","floor":18.0,"turns":5.0},{"damage":2.0,"enemies":"Spheric Guardian","floor":20.0,"turns":3.0},{"damage":12.0,"enemies":"3 Cultists","floor":22.0,"turns":4.0},{"damage":35.0,"enemies":"Slavers","floor":23.0,"turns":4.0},{"damage":18.0,"enemies":"Gremlin Leader","floor":28.0,"turns":4.0},{"damage":34.0,"enemies":"Snake Plant","floor":29.0,"turns":3.0},{"damage":5.0,"enemies":"Centurion and Healer","floor":30.0,"turns":4.0},{"damage":39.0,"enemies":"Masked Bandits","floor":31.0,"turns":6.0},{"damage":16.0,"enemies":"Automaton","floor":33.0,"turns":4.0},{"damage":10.0,"enemies":"3 Darklings","floor":35.0,"turns":3.0},{"damage":13.0,"enemies":"Mind Bloom Boss Battle","floor":36.0,"turns":3.0},{"damage":14,"enemies":"3 Shapes","floor":39,"turns":3},{"damage":39,"enemies":"Writhing Mass","floor":41,"turns":4},{"damage":17,"enemies":"Reptomancer","floor":42,"turns":4},{"damage":16,"enemies":"4 Shapes","floor":44,"turns":4},{"damage":4,"enemies":"Nemesis","floor":46,"turns":3},{"damage":21,"enemies":"Maw","floor":47,"turns":3},{"damage":16,"enemies":"Writhing Mass","floor":48,"turns":4},{"damage":82,"enemies":"Awakened One","floor":50,"turns":5}],"seed_played":"-2748509520792192465","potions_obtained":[{"floor":1.0,"key":"Fire Potion"},{"floor":10.0,"key":"Dexterity Potion"},{"floor":12.0,"key":"DistilledChaos"},{"floor":13.0,"key":"LiquidBronze"},{"floor":22.0,"key":"Weak Potion"},{"floor":25.0,"key":"Strength Potion"},{"floor":25.0,"key":"EntropicBrew"},{"floor":25.0,"key":"SteroidPotion"},{"floor":29.0,"key":"DuplicationPotion"}],"is_trial":false,"path_per_floor":["M","?","M","$","M","E","R","E","T","M","E","M","M","?","R","B",null,"M","?","M","$","M","E","R","?","T","R","E","M","M","?","R","B",null,"M","?","$","?","M","R","M","E","T","M","?","E","M","M","R","B",null],"character_chosen":"IRONCLAD","items_purchased":["Rupture","Heavy Blade","Rupture","Shrug It Off","Inflame","Kunai","Pummel"],"campfire_rested":2,"item_purchase_floors":[4,4,21,21,37,37,37],"current_hp_per_floor":[67,67,71,71,72,42,42,27,27,26,11,11,19,19,40,36,72,59,59,71,71,72,51,51,51,58,58,56,50,63,50,50,52,79,79,78,78,78,76,76,53,48,48,48,48,56,51,55,80,30],"gold":137,"neow_bonus":"THREE_RARE_CARDS","is_daily":false,"chose_seed":false,"campfire_upgraded":5,"win_rate":0.0,"timestamp":1612477851,"path_taken":["M","?","?","$","M","E","R","E","T","M","E","M","?","?","R","BOSS","M","?","M","$","M","E","R","?","T","R","E","?","M","?","R","BOSS","M","?","$","?","?","R","M","E","T","M","?","E","M","M","R","BOSS"],"items_purchased_type":["Card","Card","Card","Card","Card","Relic","Card"],"build_version":"2020-12-22","purchased_purges":0,"victory":true,"max_hp_per_floor":[72,72,72,72,72,72,72,72,72,72,72,72,72,72,72,72,72,72,72,72,72,72,72,72,72,79,79,79,79,79,79,79,79,79,79,79,79,79,79,79,79,79,79,79,79,79,79,85,85,85],"card_choices":[{"not_picked":["Barricade","Juggernaut"],"picked":"Brutality","floor":0.0},{"not_picked":["Whirlwind","Perfected Strike"],"picked":"Clothesline","floor":1.0},{"not_picked":["Dark Embrace","Headbutt"],"picked":"Cleave","floor":3.0},{"not_picked":["Armaments","Heavy Blade"],"picked":"Dropkick","floor":5.0},{"not_picked":["Heavy Blade","Twin Strike","True Grit"],"picked":"SKIP","floor":6.0},{"not_picked":["Heavy Blade","Twin Strike","True Grit"],"picked":"SKIP","floor":6.0},{"not_picked":["Disarm","Double Tap"],"picked":"Rupture","floor":8.0},{"not_picked":["Cleave","Headbutt"],"picked":"Sword Boomerang","floor":10.0},{"not_picked":["True Grit","Fiend Fire"],"picked":"Metallicize","floor":11.0},{"not_picked":["Cleave","Headbutt"],"picked":"Flame Barrier","floor":12.0},{"not_picked":["Clash","Thunderclap","Wild Strike"],"picked":"SKIP","floor":13.0},{"not_picked":["Impervious","Double Tap"],"picked":"Offering","floor":16.0},{"not_picked":["Rampage","Iron Wave+1"],"picked":"Blood for Blood+1","floor":18.0},{"not_picked":["Flex+1","Body Slam","Burning Pact"],"picked":"SKIP","floor":20.0},{"not_picked":["Spot Weakness","Sword Boomerang","Rage"],"picked":"SKIP","floor":22.0},{"not_picked":["Bloodletting","Flex+1"],"picked":"Combust","floor":23.0},{"not_picked":["Dark Embrace+1","Burning Pact+1","Clothesline"],"picked":"SKIP","floor":28.0},{"not_picked":["Spot Weakness","Headbutt+1","Rage"],"picked":"SKIP","floor":29.0},{"not_picked":["Whirlwind","Warcry"],"picked":"Sword Boomerang+1","floor":30.0},{"not_picked":["Spot Weakness","Reckless Charge"],"picked":"Inflame+1","floor":31.0},{"not_picked":["Bludgeon","Berserk"],"picked":"Demon Form","floor":33.0},{"not_picked":["Cleave","Body Slam+1","Anger+1"],"picked":"SKIP","floor":35.0},{"not_picked":["Dual Wield","True Grit","Body Slam+1"],"picked":"SKIP","floor":39},{"not_picked":["Perfected Strike+1","Twin Strike+1","Battle Trance"],"picked":"SKIP","floor":41},{"not_picked":["Dual Wield+1","Dark Embrace","Cleave"],"picked":"SKIP","floor":42},{"not_picked":["Brutality","True Grit+1","Twin Strike"],"picked":"SKIP","floor":44},{"not_picked":["Sword Boomerang","Juggernaut","Dark Embrace"],"picked":"SKIP","floor":46},{"not_picked":["Twin Strike","Perfected Strike","Headbutt"],"picked":"SKIP","floor":47},{"not_picked":["Shrug It Off","Sever Soul","Iron Wave+1"],"picked":"SKIP","floor":48}],"player_experience":39389,"relics_obtained":[{"floor":6.0,"key":"InkBottle"},{"floor":8.0,"key":"Blood Vial"},{"floor":9.0,"key":"Mummified Hand"},{"floor":11.0,"key":"Ornamental Fan"},{"floor":23.0,"key":"Meat on the Bone"},{"floor":26.0,"key":"Strawberry"},{"floor":28.0,"key":"Oddly Smooth Stone"},{"floor":31.0,"key":"Red Mask"},{"floor":36.0,"key":"Ice Cream"},{"floor":42,"key":"Vajra"},{"floor":43,"key":"Bottled Tornado"},{"floor":46,"key":"Darkstone Periapt"}],"event_choices":[{"damage_healed":0.0,"max_hp_gain":0.0,"max_hp_loss":0.0,"gold_gain":0.0,"event_name":"Upgrade Shrine","player_choice":"Upgraded","floor":2.0,"gold_loss":0.0,"damage_taken":0.0,"cards_upgraded":["Brutality"]},{"damage_healed":0.0,"max_hp_gain":0.0,"max_hp_loss":0.0,"gold_gain":0.0,"event_name":"World of Goop","player_choice":"Left Gold","floor":14.0,"gold_loss":47.0,"damage_taken":0.0},{"damage_healed":0.0,"max_hp_gain":0.0,"max_hp_loss":0.0,"gold_gain":0.0,"event_name":"Vampires","player_choice":"Became a vampire (Vial)","floor":19.0,"relics_lost":["Blood Vial"],"gold_loss":0.0,"damage_taken":0.0,"cards_obtained":["Bite","Bite","Bite","Bite","Bite"]},{"damage_healed":0.0,"max_hp_gain":0.0,"max_hp_loss":0.0,"gold_gain":0.0,"event_name":"Lab","player_choice":"Got Potions","floor":25.0,"gold_loss":0.0,"damage_taken":0.0},{"damage_healed":0.0,"max_hp_gain":0.0,"max_hp_loss":0.0,"gold_gain":0.0,"event_name":"Masked Bandits","player_choice":"Fought Bandits","floor":31.0,"gold_loss":0.0,"damage_taken":0.0},{"damage_healed":0.0,"max_hp_gain":0.0,"max_hp_loss":0.0,"gold_gain":0.0,"event_name":"MindBloom","player_choice":"Fight","floor":36.0,"gold_loss":0.0,"damage_taken":0.0},{"damage_healed":0,"gold_gain":0,"player_choice":"Paid Gold","damage_taken":0,"relics_obtained":["Unceasing Top"],"max_hp_gain":0,"max_hp_loss":0,"event_name":"WeMeetAgain","floor":38,"gold_loss":61},{"damage_healed":0,"gold_gain":0,"player_choice":"Copied","damage_taken":0,"max_hp_gain":0,"max_hp_loss":0,"event_name":"Duplicator","floor":45,"gold_loss":0,"cards_obtained":["Demon Form"]}],"is_beta":false,"boss_relics":[{"not_picked":["SlaversCollar","Philosopher\u0027s Stone"],"picked":"Snecko Eye"},{"not_picked":["SacredBark","Runic Cube"],"picked":"Sozu"}],"items_purged_floors":[],"is_endless":false,"potions_floor_spawned":[1,10,12,13,22,28,29,30,33,35,36,44],"ascension_level":3}}