{"host":"kiehjq3lc4w5t4uc","time":1612424858,"event":{"mods":["AchievementEnabler","BaseMod","BetterRewards","Colored Map","Colored Powertips","DeckTracker","Good Game Mod","Minty Spire (QoL Compilation)","Quick Restart","Rare Cards Sparkle","Relic Stats","Shop Mod","Spicy Shops","StSLib","SuperFastMode"],"gold_per_floor":[114,129,142,159,159,184,184,194,194,213,213,213,213,227,227,322,322,340,340,353,368,368,368,397,414,414,444,462,494,494,523,523,618,618,636,649,234,250,263,295,295,321,348,348,361,361,694,710,710,710,710,710,120,148,148],"floor_reached":56,"language":"KOR","playtime":3890,"items_purged":["Normality","Strike_G","Writhe","Defend_G+1"],"score":1970,"play_id":"dbd9761c-9bf9-46a8-a3c8-ea4c915db77f","local_time":"20210204164738","is_ascension_mode":true,"campfire_choices":[{"data":"Footwork","floor":7.0,"key":"SMITH"},{"data":"Neutralize","floor":11.0,"key":"SMITH"},{"data":"Tactician","floor":13.0,"key":"SMITH"},{"data":"Dagger Spray","floor":15.0,"key":"SMITH"},{"data":"Venomology","floor":23,"key":"SMITH"},{"data":"Masterful Stab","floor":30,"key":"SMITH"},{"data":"Deflect","floor":32,"key":"SMITH"},{"floor":41,"key":"RECALL"},{"floor":44,"key":"REST"},{"floor":49,"key":"REST"},{"floor":52,"key":"REST"}],"circlet_count":0,"master_deck":["Strike_G+1","Strike_G+1","Defend_G+1","Defend_G+1","Defend_G+1","Survivor+1","Neutralize+1","Glacier+1","Footwork+1","Dagger Spray+1","Finesse+1","Deflect+1","Masterful Stab+1","Backflip+1","Tactician+1","Backstab+1","Venomology+1","Predator+1","Bane+1","Backflip+1","Unload+1","Prepared+1","Acrobatics+1","Masterful Stab+1","After Image+1","Escape Plan+1","Backflip","Panacea","Metamorphosis","Quick Slash+1"],"relics":["Ring of the Snake","REME:ComplimentaryCards","Membership Card","Torii","Meat on the Bone","Lizard Tail","Black Star","Oddly Smooth Stone","StoneCalendar","Lantern","Tingsha","Turnip","Busted Crown","TungstenRod","Shuriken","Letter Opener","Mercury Hourglass","Bronze Scales","MealTicket","CaptainsWheel","Art of War","Mummified Hand","Fusion Hammer","Ice Cream","Dream Catcher","HandDrill","War Paint","Du-Vu Doll","Bag of Preparation","Blood Vial","Omamori","Mark of the Bloom","Snake Skull","Old Coin","Thread and Needle","ClockworkSouvenir","Medical Kit","Orichalcum","Pen Nib","Nunchaku","Centennial Puzzle"],"acts_visited":["Exordium","TheCity","TheBeyond","TheEnding"],"potions_floor_usage":[16,18,20,21,21,24,24,25,27,27,28,29,29,33,36,36,40,42,45,45,48,50,50,50,50,54,55,55,55,55],"damage_taken":[{"damage":0.0,"enemies":"Cultist","floor":1.0,"turns":5.0},{"damage":0.0,"enemies":"Jaw Worm","floor":2.0,"turns":7.0},{"damage":0.0,"enemies":"2 Louse","floor":3.0,"turns":1.0},{"damage":0.0,"enemies":"Looter","floor":4.0,"turns":3.0},{"damage":10.0,"enemies":"Lagavulin","floor":6.0,"turns":7.0},{"damage":1.0,"enemies":"3 Louse","floor":8.0,"turns":4.0},{"damage":0.0,"enemies":"Red Slaver","floor":10.0,"turns":4.0},{"damage":0.0,"enemies":"2 Fungi Beasts","floor":14.0,"turns":3.0},{"damage":1,"enemies":"Slime Boss","floor":16,"turns":7},{"damage":0,"enemies":"Chosen","floor":18,"turns":5},{"damage":0,"enemies":"Spheric Guardian","floor":20,"turns":4},{"damage":1,"enemies":"3 Cultists","floor":21,"turns":4},{"damage":0,"enemies":"Book of Stabbing","floor":24,"turns":7},{"damage":0,"enemies":"Chosen and Byrds","floor":25,"turns":5},{"damage":0,"enemies":"Gremlin Leader","floor":27,"turns":7},{"damage":0,"enemies":"Snecko","floor":28,"turns":3},{"damage":0,"enemies":"Slavers","floor":29,"turns":5},{"damage":0,"enemies":"Gremlin Leader","floor":31,"turns":6},{"damage":0,"enemies":"Automaton","floor":33,"turns":9},{"damage":0,"enemies":"Orb Walker","floor":35,"turns":2},{"damage":10,"enemies":"3 Darklings","floor":36,"turns":4},{"damage":0,"enemies":"Writhing Mass","floor":38,"turns":3},{"damage":0,"enemies":"4 Shapes","floor":39,"turns":2},{"damage":0,"enemies":"Reptomancer","floor":40,"turns":5},{"damage":0,"enemies":"Nemesis","floor":42,"turns":5},{"damage":0,"enemies":"Spire Growth","floor":45,"turns":2},{"damage":0,"enemies":"Reptomancer","floor":47,"turns":3},{"damage":0,"enemies":"Sphere and 2 Shapes","floor":48,"turns":1},{"damage":11,"enemies":"Time Eater","floor":50,"turns":10},{"damage":0,"enemies":"Shield and Spear","floor":54,"turns":4},{"damage":10,"enemies":"The Heart","floor":55,"turns":8}],"seed_played":"-717933431400057608","potions_obtained":[{"floor":4.0,"key":"GamblersBrew"},{"floor":6.0,"key":"Dexterity Potion"},{"floor":10.0,"key":"Dexterity Potion"},{"floor":18,"key":"ColorlessPotion"},{"floor":25,"key":"Block Potion"},{"floor":27,"key":"CultistPotion"},{"floor":28,"key":"EntropicBrew"},{"floor":35,"key":"Energy Potion"},{"floor":39,"key":"Regen Potion"}],"is_trial":false,"path_per_floor":["M","M","M","M","?","E","R","M","T","M","R","?","R","M","R","B",null,"M","?","M","M","?","R","E","M","T","E","M","E","R","E","R","B",null,"M","M","$","M","M","E","R","E","T","R","M","?","E","M","R","B",null,"R","$","E","B",null],"character_chosen":"THE_SILENT","items_purchased":["Membership Card","Torii","Meat on the Bone","Oddly Smooth Stone","Footwork","Dagger Spray","Finesse","Ice Cream","Dream Catcher","HandDrill","Acrobatics","Masterful Stab","Thread and Needle","ClockworkSouvenir","Backflip","Medical Kit","Orichalcum","Pen Nib","Panacea","Metamorphosis"],"campfire_rested":3,"item_purchase_floors":[0,0,0,0,0,0,0,37,37,37,37,37,53,53,53,53,53,53,53,53],"current_hp_per_floor":[63,63,63,63,63,53,53,52,52,52,52,52,52,52,52,51,65,65,65,65,64,64,64,64,64,64,64,64,64,64,64,64,64,69,69,59,70,70,70,70,70,70,70,70,70,70,70,70,70,59,59,59,59,59,49],"gold":148,"neow_bonus":"","is_daily":false,"chose_seed":false,"campfire_upgraded":7,"win_rate":0.0,"timestamp":1612424858,"path_taken":["M","?","M","M","?","E","R","M","T","?","R","?","R","?","R","BOSS","M","?","M","M","?","R","E","M","T","E","M","E","R","E","R","BOSS","M","M","$","M","M","E","R","E","T","R","M","?","E","M","R","BOSS","R","$","E","BOSS"],"items_purchased_type":["Relic","Relic","Relic","Relic","Card","Card","Card","Relic","Relic","Relic","Card","Card","Relic","Relic","Card","Relic","Relic","Relic","Card","Card"],"build_version":"2020-12-22","purchased_purges":4,"victory":true,"max_hp_per_floor":[70,70,70,70,70,70,70,70,70,70,70,70,70,70,70,70,70,70,70,70,70,70,70,70,70,70,70,70,70,70,70,70,70,70,70,70,70,70,70,70,70,70,70,70,70,70,70,70,70,70,70,70,70,70,70],"relic_stats":{"Mark of the Bloom":87,"Torii":13,"StoneCalendar":[284],"Snake Skull":[1],"Bag of Preparation":[12],"Blood Vial":0,"Lizard Tail":0,"Dream Catcher":3,"Nunchaku":[2],"Centennial Puzzle":[3],"Mummified Hand":[22],"MealTicket":11,"HandDrill":[22],"Ring of the Snake":[72],"counters":[36,175],"Tingsha":[157],"Pen Nib":[4],"Letter Opener":[333],"War Paint":["Acrobatics","Defend_G"],"Orichalcum":[6],"Medical Kit":[5],"Mercury Hourglass":[268],"Busted Crown":46,"Shuriken":[56],"Bronze Scales":[267],"Turnip":[7],"Black Star":9,"Art of War":[1],"obtain_stats":[{"Ice Cream":37,"Lantern":6,"Mark of the Bloom":46,"Torii":0,"StoneCalendar":0,"Snake Skull":47,"Incense Burner":0,"Bag of Preparation":42,"Whetstone":6,"Old Coin":47,"ClockworkSouvenir":53,"Blood Vial":42,"Tough Bandages":0,"Lizard Tail":0,"Dream Catcher":37,"Nunchaku":54,"Centennial Puzzle":54,"Mummified Hand":0,"MealTicket":29,"Fusion Hammer":34,"HandDrill":37,"Ring of the Snake":0,"Oddly Smooth Stone":0,"Tingsha":6,"Thread and Needle":53,"PreservedInsect":9,"Pen Nib":53,"Omamori":43,"Letter Opener":24,"Orichalcum":8,"War Paint":40,"Medical Kit":53,"Mercury Hourglass":27,"Du-Vu Doll":40,"REME:ComplimentaryCards":0,"CaptainsWheel":29,"Busted Crown":17,"Shuriken":24,"Bronze Scales":27,"Turnip":9,"Black Star":0,"Art of War":31,"Membership Card":0,"TungstenRod":22,"Meat on the Bone":0},{"Ice Cream":26,"Lantern":10,"Mark of the Bloom":31,"Torii":5,"StoneCalendar":5,"Snake Skull":32,"Incense Burner":0,"Bag of Preparation":30,"Whetstone":4,"Old Coin":32,"ClockworkSouvenir":34,"Blood Vial":30,"Tough Bandages":0,"Lizard Tail":5,"Dream Catcher":26,"Nunchaku":35,"Centennial Puzzle":35,"Mummified Hand":0,"MealTicket":22,"Fusion Hammer":24,"HandDrill":26,"Ring of the Snake":0,"Oddly Smooth Stone":5,"Tingsha":10,"Thread and Needle":34,"PreservedInsect":5,"Pen Nib":34,"Omamori":30,"Letter Opener":18,"Orichalcum":5,"War Paint":29,"Medical Kit":34,"Mercury Hourglass":20,"Du-Vu Doll":29,"REME:ComplimentaryCards":0,"CaptainsWheel":22,"Busted Crown":14,"Shuriken":18,"Bronze Scales":20,"Turnip":11,"Black Star":5,"Art of War":23,"Membership Card":5,"TungstenRod":17,"Meat on the Bone":5},{"Ice Cream":132,"Lantern":53,"Mark of the Bloom":149,"Torii":30,"StoneCalendar":30,"Snake Skull":152,"Incense Burner":0,"Bag of Preparation":147,"Whetstone":23,"Old Coin":152,"ClockworkSouvenir":163,"Blood Vial":147,"Tough Bandages":0,"Lizard Tail":30,"Dream Catcher":132,"Nunchaku":167,"Centennial Puzzle":167,"Mummified Hand":0,"MealTicket":111,"Fusion Hammer":126,"HandDrill":132,"Ring of the Snake":0,"Oddly Smooth Stone":30,"Tingsha":53,"Thread and Needle":163,"PreservedInsect":30,"Pen Nib":163,"Omamori":147,"Letter Opener":91,"Orichalcum":30,"War Paint":142,"Medical Kit":163,"Mercury Hourglass":103,"Du-Vu Doll":142,"REME:ComplimentaryCards":0,"CaptainsWheel":111,"Busted Crown":71,"Shuriken":91,"Bronze Scales":103,"Turnip":57,"Black Star":30,"Art of War":117,"Membership Card":30,"TungstenRod":84,"Meat on the Bone":30}],"TungstenRod":7,"Meat on the Bone":0},"card_choices":[{"not_picked":["Prepared","Acrobatics"],"picked":"Deflect","floor":1.0},{"not_picked":["Prepared","Concentrate"],"picked":"Masterful Stab","floor":2.0},{"not_picked":["Flying Knee","Blade Dance","Prepared"],"picked":"SKIP","floor":3.0},{"not_picked":["Flechettes","PiercingWail","Sucker Punch"],"picked":"SKIP","floor":4.0},{"not_picked":["Dodge and Roll","Prepared","Deadly Poison"],"picked":"SKIP","floor":6.0},{"not_picked":["Predator","Dash"],"picked":"Backflip","floor":8.0},{"not_picked":["Cloak And Dagger","Predator","Infinite Blades"],"picked":"SKIP","floor":10.0},{"not_picked":["Sucker Punch","Outmaneuver"],"picked":"Backstab","floor":14.0},{"not_picked":["Burst","Night Terror"],"picked":"Venomology","floor":16},{"not_picked":["Dodge and Roll"],"picked":"SKIP","floor":18},{"not_picked":["Setup"],"picked":"SKIP","floor":20},{"not_picked":[],"picked":"Backflip","floor":21},{"not_picked":["Eviscerate"],"picked":"SKIP","floor":24},{"not_picked":["Backflip"],"picked":"SKIP","floor":25},{"not_picked":["Wraith Form v2"],"picked":"SKIP","floor":27},{"not_picked":["Backflip"],"picked":"SKIP","floor":28},{"not_picked":["Cloak And Dagger"],"picked":"SKIP","floor":29},{"not_picked":["Concentrate+1"],"picked":"SKIP","floor":31},{"not_picked":[],"picked":"Unload","floor":33},{"not_picked":["Blade Dance+1"],"picked":"SKIP","floor":35},{"not_picked":[],"picked":"Prepared","floor":36},{"not_picked":["Cloak And Dagger+1"],"picked":"SKIP","floor":38},{"not_picked":["Catalyst+1"],"picked":"SKIP","floor":39},{"not_picked":["Underhanded Strike+1"],"picked":"SKIP","floor":40},{"not_picked":[],"picked":"After Image","floor":42},{"not_picked":[],"picked":"Escape Plan+1","floor":44},{"not_picked":["Sucker Punch"],"picked":"SKIP","floor":45},{"not_picked":["Dagger Spray+1"],"picked":"SKIP","floor":47},{"not_picked":["Expertise"],"picked":"SKIP","floor":48},{"not_picked":[],"picked":"Quick Slash+1","floor":54}],"player_experience":139974,"relics_obtained":[{"floor":6.0,"key":"Lantern"},{"floor":6.0,"key":"Tingsha"},{"floor":9.0,"key":"Turnip"},{"floor":24,"key":"Shuriken"},{"floor":24,"key":"Letter Opener"},{"floor":27,"key":"Mercury Hourglass"},{"floor":27,"key":"Bronze Scales"},{"floor":29,"key":"MealTicket"},{"floor":29,"key":"CaptainsWheel"},{"floor":31,"key":"Art of War"},{"floor":31,"key":"Mummified Hand"},{"floor":40,"key":"War Paint"},{"floor":40,"key":"Du-Vu Doll"},{"floor":42,"key":"Bag of Preparation"},{"floor":42,"key":"Blood Vial"},{"floor":43,"key":"Omamori"},{"floor":47,"key":"Snake Skull"},{"floor":47,"key":"Old Coin"},{"floor":54,"key":"Nunchaku"},{"floor":54,"key":"Centennial Puzzle"}],"event_choices":[{"cards_removed":["Defend_G"],"damage_healed":0.0,"max_hp_gain":0.0,"max_hp_loss":0.0,"gold_gain":0.0,"event_name":"Purifier","player_choice":"Purged","floor":5.0,"gold_loss":0.0,"damage_taken":0.0},{"damage_healed":0.0,"max_hp_gain":0.0,"max_hp_loss":0.0,"gold_gain":0.0,"event_name":"Match and Keep!","player_choice":"1 cards matched","floor":12.0,"gold_loss":0.0,"damage_taken":0.0,"cards_obtained":["Tactician"]},{"damage_healed":0,"gold_gain":0,"cards_transformed":["Strike_G","Strike_G"],"player_choice":"Became Test Subject","damage_taken":0,"max_hp_gain":0,"max_hp_loss":0,"event_name":"Drug Dealer","floor":19,"gold_loss":0,"cards_obtained":["Predator","Bane"]},{"damage_healed":0,"gold_gain":0,"player_choice":"Opened","damage_taken":0,"relics_obtained":["TungstenRod"],"max_hp_gain":0,"max_hp_loss":0,"event_name":"The Mausoleum","floor":22,"gold_loss":0,"cards_obtained":["Writhe"]},{"damage_healed":0,"gold_gain":0,"player_choice":"Upgrade","damage_taken":0,"relics_obtained":["Mark of the Bloom"],"max_hp_gain":0,"max_hp_loss":0,"event_name":"MindBloom","floor":46,"gold_loss":0,"cards_upgraded":["Strike_G","Strike_G","Defend_G","Defend_G","Defend_G","Survivor","Glacier","Finesse","Backflip","Backstab","Predator","Bane","Backflip","Unload","Prepared","Masterful Stab","After Image"]}],"is_beta":false,"boss_relics":[{"not_picked":["Philosopher\u0027s Stone","Tiny House"],"picked":"Busted Crown"},{"not_picked":["HoveringKite","Snecko Eye"],"picked":"Fusion Hammer"}],"items_purged_floors":[0,0,37,53],"is_endless":false,"potions_floor_spawned":[4,6,10,14,18,25,27,28,35,39,40,48],"ascension_level":6}}