{"host":"c0q4hvpzcxjeo0kl","time":1612427216,"event":{"mods":["BaseMod","BetterRewards","Colored Powertips","Minty Spire (QoL Compilation)","Replay The Spire","StSLib"],"gold_per_floor":[116,132,142,67,82,82,82,98,167,177,197,197,230,250,250,348,448,459,509,187,199,249,281,92,102,102],"floor_reached":25,"language":"DEU","playtime":2104,"items_purged":["Strike_B","Pain","ReplayGash+1"],"score":400,"play_id":"4fb71e34-c111-42b7-8f93-4fd7ea5918a3","local_time":"20210204092656","is_ascension_mode":false,"campfire_choices":[{"data":"Apotheosis","floor":6.0,"key":"SMITH"}],"circlet_count":0,"master_deck":["Strike_B","Strike_B","Strike_B","Defend_B","Defend_B","Defend_B","Defend_B","Zap","Dualcast","Apotheosis+1","Biased Cognition","Darkness","Hologram","ReplayTheSpireMod:System Scan","Melter","Coolheaded","BasicCrystalCard","Ball Lightning","Multi-Cast","Beam Cell","Turbo","Electrodynamics","Barrage","Fission","Double Energy","Necronomicurse","Barrage+1","Capacitor","Panic Button"],"relics":["Cracked Core","Replay:Multitool","Runic Capacitor","WarpedTongs","Garlic","Du-Vu Doll","SsserpentHead","Replay:Wanted Poster","Toolbox","Necronomicon","Replay:Bandana"],"acts_visited":["Exordium","TheCity"],"potions_floor_usage":[16,25],"damage_taken":[{"damage":4.0,"enemies":"2 Louse","floor":1.0,"turns":3.0},{"damage":0.0,"enemies":"Cultist","floor":2.0,"turns":3.0},{"damage":3.0,"enemies":"Jaw Worm","floor":3.0,"turns":5.0},{"damage":0.0,"enemies":"2 Fungi Beasts","floor":5.0,"turns":2.0},{"damage":8,"enemies":"3 Louse","floor":8,"turns":4},{"damage":0,"enemies":"Exordium Wildlife","floor":10,"turns":2},{"damage":13,"enemies":"Red Slaver","floor":11,"turns":2},{"damage":3,"enemies":"Lagavulin","floor":13,"turns":6},{"damage":4,"enemies":"Looter","floor":14,"turns":3},{"damage":6,"enemies":"Slime Boss","floor":16,"turns":7},{"damage":7,"enemies":"3 Byrds","floor":18,"turns":4},{"damage":0,"enemies":"Spheric Guardian","floor":21,"turns":2},{"damage":26,"enemies":"Book of Stabbing","floor":23,"turns":4},{"damage":34,"enemies":"3 Cultists","floor":25,"turns":4}],"seed_played":"6361577727607275454","potions_obtained":[{"floor":1.0,"key":"Fire Potion"},{"floor":3.0,"key":"AttackPotion"},{"floor":8,"key":"EssenceOfDarkness"}],"is_trial":false,"path_per_floor":["M","M","M","$","M","R","?","M","T","M","M","R","E","M","R","B",null,"M","?","$","M","?","E","$","M"],"character_chosen":"DEFECT","items_purchased":["Apotheosis","ReplayGash","Runic Capacitor","Biased Cognition","Darkness","Fission","Toolbox","Capacitor","Panic Button"],"campfire_rested":0,"item_purchase_floors":[0,0,0,0,0,20,20,24,24],"current_hp_per_floor":[55,55,52,52,52,52,52,44,44,44,31,53,50,46,46,40,75,68,68,68,68,52,26,26,0,0],"gold":102,"neow_bonus":"","is_daily":false,"chose_seed":false,"campfire_upgraded":1,"win_rate":0.0,"timestamp":1612427216,"path_taken":["M","M","M","$","M","R","?","M","T","M","?","R","E","M","R","BOSS","M","?","$","M","?","E","?","M"],"items_purchased_type":["Card","Card","Relic","Card","Card","Card","Relic","Card","Card"],"build_version":"2020-12-22","purchased_purges":3,"victory":false,"max_hp_per_floor":[75,75,75,75,75,75,75,75,75,75,75,75,75,75,75,75,75,75,75,75,75,75,75,75,75,75],"card_choices":[{"not_picked":["Hello World","ReplayTheSpireMod:Repulse"],"picked":"Hologram","floor":1.0},{"not_picked":["Leap","Reprogram"],"picked":"ReplayTheSpireMod:System Scan","floor":2.0},{"not_picked":["Streamline","Redo"],"picked":"Melter","floor":3.0},{"not_picked":["Meteor Strike","Barrage"],"picked":"Coolheaded","floor":5.0},{"not_picked":["Hologram","Turbo"],"picked":"BasicCrystalCard","floor":8},{"not_picked":["Melter","Cold Snap"],"picked":"Ball Lightning","floor":10},{"not_picked":["FTL","BasicCrystalCard"],"picked":"Multi-Cast","floor":11},{"not_picked":["Rip and Tear","Stack"],"picked":"Beam Cell","floor":13},{"not_picked":["Compile Driver","Steam"],"picked":"Turbo","floor":14},{"not_picked":["ReplayTheSpireMod:Omega Cannon","Thunder Strike"],"picked":"Electrodynamics","floor":16},{"not_picked":["Doom and Gloom","Turbo"],"picked":"Barrage","floor":18},{"not_picked":["Go for the Eyes","Compile Driver"],"picked":"Double Energy","floor":21},{"not_picked":["Auto Shields+1","Reboot"],"picked":"Barrage+1","floor":23}],"player_experience":181795,"relics_obtained":[{"floor":9,"key":"Garlic"},{"floor":13,"key":"Du-Vu Doll"},{"floor":22,"key":"Necronomicon"},{"floor":23,"key":"Replay:Bandana"}],"event_choices":[{"damage_healed":0.0,"max_hp_gain":0.0,"max_hp_loss":0.0,"gold_gain":0.0,"event_name":"Accursed Blacksmith","player_choice":"Rummage","floor":7.0,"gold_loss":0.0,"damage_taken":0.0,"relics_obtained":["WarpedTongs"],"cards_obtained":["Pain"]},{"damage_healed":0,"gold_gain":0,"player_choice":"Trade","damage_taken":0,"relics_obtained":["SsserpentHead"],"max_hp_gain":0,"max_hp_loss":0,"event_name":"FaceTrader","floor":15,"gold_loss":0},{"damage_healed":0,"gold_gain":0,"player_choice":"Obtained Book","damage_taken":16,"max_hp_gain":0,"max_hp_loss":0,"event_name":"Cursed Tome","floor":22,"gold_loss":0}],"is_beta":false,"boss_relics":[{"not_picked":["Astrolabe","Replay:Drink Me"],"picked":"Replay:Wanted Poster"}],"items_purged_floors":[4,20,24],"is_endless":false,"potions_floor_spawned":[1,3,8,13,14],"killed_by":"3 Cultists","ascension_level":0}}