{"host":"1ooxfz79hmpvpehx","time":1612481371,"event":{"mods":["BaseMod","Minty Spire (QoL Compilation)","Quick Restart","Replay The Spire","StSLib","SuperFastMode"],"gold_per_floor":[119,119,44,63,83,117,117,132,157,169,194,207,107,126,126,126,126],"floor_reached":16,"language":"ENG","playtime":282,"items_purged":["Defend_R","Defend_R"],"score":114,"play_id":"ee9b37c3-3e0c-4f41-aaad-8a3803017ade","local_time":"20210204202931","is_ascension_mode":false,"campfire_choices":[{"data":"Bash","floor":7,"key":"SMITH"},{"data":"Inflame","floor":15,"key":"SMITH"}],"circlet_count":0,"master_deck":["Strike_R","Strike_R","Strike_R+1","Strike_R","Strike_R","Defend_R+1","Defend_R+1","Bash+1","Clash","Bloodletting+1","Clash","Inflame+1","Shockwave"],"relics":["Burning Blood","NeowsBlessing","Simple Rune","War Paint","Replay:Mystery Machine"],"acts_visited":["Exordium"],"potions_floor_usage":[11,11],"damage_taken":[{"damage":0,"enemies":"2 Louse","floor":1,"turns":1},{"damage":0,"enemies":"Cultist","floor":4,"turns":1},{"damage":0,"enemies":"Jaw Worm","floor":5,"turns":1},{"damage":26,"enemies":"Replay:BlueRogue","floor":6,"turns":4},{"damage":6,"enemies":"3 Louse","floor":8,"turns":2},{"damage":8,"enemies":"Looter","floor":10,"turns":3},{"damage":29,"enemies":"Lagavulin","floor":11,"turns":4},{"damage":8,"enemies":"Red Slaver","floor":12,"turns":2},{"damage":15,"enemies":"Blue Slaver","floor":14,"turns":3},{"damage":7,"enemies":"Fading Forest","floor":16,"turns":3}],"seed_played":"-7993399549499064709","potions_obtained":[{"floor":5,"key":"Adrenaline Potion"},{"floor":6,"key":"SpeedPotion"},{"floor":10,"key":"AttackPotion"},{"floor":12,"key":"Energy Potion"}],"is_trial":false,"path_per_floor":["M","?","$","M","M","E","R","M","T","M","E","M","$","M","R","B"],"character_chosen":"IRONCLAD","items_purchased":[],"campfire_rested":0,"item_purchase_floors":[],"current_hp_per_floor":[80,80,80,80,80,60,60,60,60,58,35,33,33,24,24,17,17],"gold":126,"neow_bonus":"THREE_ENEMY_KILL","is_daily":false,"chose_seed":false,"campfire_upgraded":2,"win_rate":0.0,"timestamp":1612481371,"path_taken":["M","?","$","M","M","E","R","?","T","M","E","M","$","M","R","BOSS"],"items_purchased_type":[],"build_version":"2020-12-22","purchased_purges":2,"victory":false,"max_hp_per_floor":[80,80,80,80,80,80,80,80,80,80,80,80,80,80,80,80,80],"card_choices":[{"not_picked":["ReplayTheSpireMod:Muscle Training","Disarm"],"picked":"Clash","floor":1},{"not_picked":["Pommel Strike","Shockwave"],"picked":"Clash","floor":4},{"not_picked":["Metallicize","ReplayTheSpireMod:Strike From Hell","Armaments"],"picked":"SKIP","floor":5},{"not_picked":["Dual Wield","Hemokinesis","Replay:Undeath\u0027s Touch"],"picked":"SKIP","floor":6},{"not_picked":["Replay:Undeath\u0027s Touch","Bludgeon"],"picked":"Inflame","floor":8},{"not_picked":["Rampage","Run Through","Rupture"],"picked":"SKIP","floor":10},{"not_picked":["Warcry","Berserk","Twin Strike"],"picked":"SKIP","floor":11},{"not_picked":["Clash","ReplayTheSpireMod:Corrosion Curse"],"picked":"Shockwave","floor":12},{"not_picked":["ReplayTheSpireMod:Stacked","Bloodletting","Heavy Blade"],"picked":"SKIP","floor":14}],"player_experience":2411,"relics_obtained":[{"floor":6,"key":"Simple Rune"},{"floor":9,"key":"War Paint"},{"floor":11,"key":"Replay:Mystery Machine"}],"event_choices":[{"damage_healed":0,"gold_gain":0,"player_choice":"1 cards matched","damage_taken":0,"max_hp_gain":0,"max_hp_loss":0,"event_name":"Match and Keep!","floor":2,"gold_loss":0,"cards_obtained":["Bloodletting"]}],"is_beta":false,"boss_relics":[],"items_purged_floors":[3,13],"is_endless":false,"potions_floor_spawned":[5,6,10,12],"killed_by":"Fading Forest","ascension_level":0}}