{"host":"61r95uy0hn86b9iu","time":1612404395,"event":{"mods":["AchievementEnabler","BaseMod","Better Vampires","BetterRewards","Colored Powertips","Hubris","Minty Spire (QoL Compilation)","Shop Mod","StSLib"],"gold_per_floor":[115,40,50,62,62,90,90,123,123,123,139,153,53,69,69,146,146,161,175,175,175,193,193,203,203,203],"floor_reached":25,"language":"ENG","playtime":688,"items_purged":["Strike_B","Regret"],"score":663,"play_id":"d64d6f1b-a057-42af-9ba8-b590165e3a51","local_time":"20210203200635","is_ascension_mode":true,"campfire_choices":[{"floor":7,"key":"REST"},{"data":"Darkness","floor":15,"key":"SMITH"},{"floor":23,"key":"REST"}],"circlet_count":0,"master_deck":["AscendersBane","Strike_B","Strike_B","Strike_B","Defend_B","Defend_B","Defend_B","Defend_B","Zap","Dualcast","Defragment","Barrage","Chill","Melter","Rainbow","Darkness+1","BootSequence","Creative AI","Loop","Conserve Battery"],"relics":["Cracked Core","Lee\u0027s Waffle","Mummified Hand","Symbiotic Virus","FossilizedHelix","hubris:SphereOfDissonance","hubris:Metronome","Peace Pipe","Kunai","hubris:Towel","Sozu"],"acts_visited":["Exordium","TheCity"],"potions_floor_usage":[16,18],"damage_taken":[{"damage":0,"enemies":"Small Slimes","floor":1,"turns":3},{"damage":0,"enemies":"Jaw Worm","floor":3,"turns":3},{"damage":0,"enemies":"Cultist","floor":4,"turns":3},{"damage":28,"enemies":"Gremlin Nob","floor":6,"turns":4},{"damage":6,"enemies":"3 Sentries","floor":8,"turns":7},{"damage":7,"enemies":"3 Louse","floor":11,"turns":2},{"damage":0,"enemies":"Large Slime","floor":12,"turns":2},{"damage":0,"enemies":"Looter","floor":14,"turns":2},{"damage":27,"enemies":"Hexaghost","floor":16,"turns":8},{"damage":0,"enemies":"Shell Parasite","floor":18,"turns":1},{"damage":0,"enemies":"Spheric Guardian","floor":19,"turns":2},{"damage":18,"enemies":"Shelled Parasite and Fungi","floor":22,"turns":6},{"damage":29,"enemies":"Snake Plant","floor":24,"turns":3},{"damage":24,"enemies":"Chosen and Byrds","floor":25,"turns":6}],"seed_played":"-2427032080354118664","potions_obtained":[{"floor":3,"key":"SmokeBomb"},{"floor":4,"key":"Dexterity Potion"},{"floor":11,"key":"PowerPotion"}],"is_trial":false,"path_per_floor":["M","$","M","M","?","E","R","E","T","?","M","M","$","M","R","B",null,"M","M","$","?","M","R","M","M"],"character_chosen":"DEFECT","items_purchased":["Lee\u0027s Waffle","Defragment","Mummified Hand","Symbiotic Virus"],"campfire_rested":2,"item_purchase_floors":[0,0,0,0],"current_hp_per_floor":[78,78,78,78,78,50,73,67,67,67,60,60,60,60,60,33,67,67,67,67,45,27,51,22,0,0],"gold":203,"neow_bonus":"","is_daily":false,"chose_seed":false,"campfire_upgraded":1,"win_rate":0.0,"timestamp":1612404395,"path_taken":["M","$","M","M","?","E","R","E","T","?","M","M","$","M","R","BOSS","M","M","$","?","M","R","M","M"],"items_purchased_type":["Relic","Card","Relic","Relic"],"build_version":"2020-12-22","purchased_purges":2,"victory":false,"max_hp_per_floor":[78,78,78,78,78,78,78,78,78,78,78,78,78,78,78,78,78,78,78,78,83,83,83,83,83,83],"card_choices":[{"not_picked":["Beam Cell","Stack"],"picked":"Barrage","floor":1},{"not_picked":["Force Field","Rebound"],"picked":"Chill","floor":3},{"not_picked":["Beam Cell","Coolheaded"],"picked":"Melter","floor":4},{"not_picked":["Steam","Melter","Stack"],"picked":"SKIP","floor":6},{"not_picked":["Hologram","Coolheaded"],"picked":"Rainbow","floor":8},{"not_picked":["Rebound","Storm","Go for the Eyes"],"picked":"SKIP","floor":11},{"not_picked":["BootSequence","Undo"],"picked":"Darkness","floor":12},{"not_picked":["Chill","Steam Power"],"picked":"BootSequence","floor":14},{"not_picked":["All For One","Core Surge"],"picked":"Creative AI","floor":16},{"not_picked":["Beam Cell","Turbo","Hologram"],"picked":"SKIP","floor":18},{"not_picked":["Rip and Tear","Double Energy"],"picked":"Loop","floor":19},{"not_picked":["Lockon+1","Coolheaded"],"picked":"Conserve Battery","floor":22},{"not_picked":["Cold Snap","Gash","Ball Lightning"],"picked":"SKIP","floor":24}],"player_experience":3342665,"relics_obtained":[{"floor":6,"key":"hubris:Metronome"},{"floor":8,"key":"Peace Pipe"},{"floor":9,"key":"Kunai"}],"event_choices":[{"damage_healed":0,"gold_gain":0,"player_choice":"Box","damage_taken":0,"relics_obtained":["hubris:SphereOfDissonance"],"max_hp_gain":0,"max_hp_loss":0,"event_name":"Big Fish","floor":5,"gold_loss":0,"cards_obtained":["Regret"]},{"damage_healed":0,"gold_gain":0,"player_choice":"Shed Blood","damage_taken":27,"max_hp_gain":5,"max_hp_loss":0,"event_name":"Forgotten Altar","floor":21,"gold_loss":0}],"is_beta":false,"boss_relics":[{"not_picked":["Cursed Key","Snecko Eye"],"picked":"Sozu"}],"items_purged_floors":[2,13],"is_endless":false,"potions_floor_spawned":[3,4,11,12,24],"killed_by":"Chosen and Byrds","ascension_level":19}}