{"host":"x205naxbihvu3p76","time":1612429579,"event":{"mods":["AchievementEnabler","BaseMod","Minty Spire (QoL Compilation)","StSLib","SuperFastMode"],"gold_per_floor":[20,20,35,45,0,0,13,48,48,48,48],"floor_reached":10,"language":"KOR","playtime":226,"items_purged":[],"score":136,"play_id":"aa42c4de-ae93-471c-9384-5726bcd5fde7","local_time":"20210204180619","is_ascension_mode":true,"campfire_choices":[{"data":"Apotheosis","floor":6,"key":"SMITH"}],"circlet_count":0,"master_deck":["AscendersBane","Strike_B","Strike_B","Strike_B","Strike_B","Defend_B","Defend_B","Defend_B","Defend_B","Zap","Dualcast","Apotheosis+1","Capacitor","Zap","Turbo","Coolheaded","Chaos"],"relics":["Cracked Core","Blood Vial","Pantograph"],"acts_visited":["Exordium"],"potions_floor_usage":[10],"damage_taken":[{"damage":0,"enemies":"Small Slimes","floor":1,"turns":3},{"damage":6,"enemies":"Cultist","floor":3,"turns":3},{"damage":4,"enemies":"Jaw Worm","floor":4,"turns":3},{"damage":11,"enemies":"Large Slime","floor":7,"turns":5},{"damage":4,"enemies":"Lagavulin","floor":8,"turns":6},{"damage":43,"enemies":"3 Sentries","floor":10,"turns":6}],"seed_played":"-7576494990837522909","potions_obtained":[{"floor":3,"key":"DuplicationPotion"}],"is_trial":false,"path_per_floor":["M","?","M","M","?","R","M","E","T","E"],"character_chosen":"DEFECT","items_purchased":[],"campfire_rested":0,"item_purchase_floors":[],"current_hp_per_floor":[64,64,58,54,54,54,43,39,39,0,0],"gold":48,"neow_bonus":"RANDOM_COLORLESS_2","is_daily":false,"chose_seed":false,"campfire_upgraded":1,"win_rate":0.0,"timestamp":1612429579,"path_taken":["M","?","M","?","?","R","M","E","T","E"],"items_purchased_type":[],"build_version":"2020-12-22","purchased_purges":0,"victory":false,"max_hp_per_floor":[71,71,71,71,71,71,71,71,71,71,71],"card_choices":[{"not_picked":["Violence","HandOfGreed"],"picked":"Apotheosis","floor":0},{"not_picked":["Compile Driver","Undo"],"picked":"Capacitor","floor":1},{"not_picked":["Compile Driver","Go for the Eyes"],"picked":"Turbo","floor":3},{"not_picked":["BootSequence","Reinforced Body"],"picked":"Coolheaded","floor":4},{"not_picked":["Redo","Reinforced Body"],"picked":"Chaos","floor":7},{"not_picked":["Sunder","Scrape","Rip and Tear"],"picked":"SKIP","floor":8}],"player_experience":1019830,"relics_obtained":[{"floor":8,"key":"Blood Vial"},{"floor":9,"key":"Pantograph"}],"event_choices":[{"damage_healed":0,"gold_gain":0,"player_choice":"1 cards matched","damage_taken":0,"max_hp_gain":0,"max_hp_loss":0,"event_name":"Match and Keep!","floor":2,"gold_loss":0,"cards_obtained":["Zap"]},{"damage_healed":0,"gold_gain":0,"player_choice":"Left Gold","damage_taken":0,"max_hp_gain":0,"max_hp_loss":0,"event_name":"World of Goop","floor":5,"gold_loss":45}],"is_beta":false,"boss_relics":[],"items_purged_floors":[],"is_endless":false,"potions_floor_spawned":[3],"killed_by":"3 Sentries","ascension_level":20}}