{"host":"ia9e4s524g7bamk7","time":1612438805,"event":{"mods":["AchievementEnabler","BaseMod","Minty Spire (QoL Compilation)","Slay-I"],"gold_per_floor":[116,134,152,152,163,163,190,190,190,44,79,91,107,127,127,229,229,245,255,155,168,168,168,202,202,255,255,289,364,364,383,383,485,485,502,60,72,92,92,127,127,152,224,224,257,274,308,308,308,308,308],"floor_reached":50,"language":"ENG","playtime":7603,"items_purged":["Zap","Dualcast"],"score":854,"play_id":"649e5e12-dc97-407b-9ec8-59284302838e","local_time":"20210204124005","is_ascension_mode":true,"campfire_choices":[{"data":"Sweeping Beam","floor":6.0,"key":"SMITH"},{"floor":8.0,"key":"REST"},{"floor":15.0,"key":"REST"},{"floor":23.0,"key":"REST"},{"floor":25.0,"key":"REST"},{"floor":27.0,"key":"RECALL"},{"floor":30.0,"key":"REST"},{"floor":32.0,"key":"REST"},{"floor":41.0,"key":"REST"},{"floor":44.0,"key":"REST"},{"floor":49.0,"key":"REST"}],"circlet_count":0,"master_deck":["Strike_B+1","Strike_B+1","Strike_B+1","Defend_B+1","Defend_B+1","Defend_B+1","Defend_B+1","Cold Snap","Compile Driver","Sweeping Beam+1","Conserve Battery","Creative AI","Seek","Glacier","Hologram","Compile Driver","Cold Snap","Electrodynamics","Cold Snap+1","Compile Driver","Stack","Self Repair","Blizzard","Self Repair","Barrage","Glacier+1","Blizzard","The Bomb"],"relics":["Velvet Choker","Turnip","Letter Opener","FossilizedHelix","Fusion Hammer","White Beast Statue","Boot","Du-Vu Doll","Darkstone Periapt","Black Star","Bird Faced Urn","Medical Kit","Ice Cream","Oddly Smooth Stone","Gambling Chip","Meat on the Bone","InkBottle","Orichalcum","Bottled Tornado","Centennial Puzzle","Prayer Wheel"],"acts_visited":["TheCity","TheBeyond"],"potions_floor_usage":[50,50,50],"damage_taken":[{"damage":11.0,"enemies":"Cultist","floor":1.0,"turns":4.0},{"damage":11.0,"enemies":"Jaw Worm","floor":2.0,"turns":4.0},{"damage":10.0,"enemies":"2 Louse","floor":3.0,"turns":3.0},{"damage":1.0,"enemies":"Looter","floor":5.0,"turns":4.0},{"damage":33.0,"enemies":"Gremlin Nob","floor":7.0,"turns":5.0},{"damage":19.0,"enemies":"3 Sentries","floor":11.0,"turns":7.0},{"damage":0.0,"enemies":"3 Louse","floor":12.0,"turns":3.0},{"damage":0.0,"enemies":"Exordium Thugs","floor":13.0,"turns":4.0},{"damage":0.0,"enemies":"Large Slime","floor":14.0,"turns":7.0},{"damage":10.0,"enemies":"Slime Boss","floor":16.0,"turns":9.0},{"damage":0.0,"enemies":"Spheric Guardian","floor":18.0,"turns":6.0},{"damage":34.0,"enemies":"3 Byrds","floor":19.0,"turns":5.0},{"damage":13.0,"enemies":"Shelled Parasite and Fungi","floor":21.0,"turns":9.0},{"damage":13.0,"enemies":"Book of Stabbing","floor":24.0,"turns":7.0},{"damage":40.0,"enemies":"Slavers","floor":28.0,"turns":6.0},{"damage":2.0,"enemies":"3 Cultists","floor":31.0,"turns":5.0},{"damage":6.0,"enemies":"Champ","floor":33.0,"turns":17.0},{"damage":0.0,"enemies":"3 Shapes","floor":35.0,"turns":6.0},{"damage":41.0,"enemies":"3 Darklings","floor":37.0,"turns":6.0},{"damage":31.0,"enemies":"Spire Growth","floor":38.0,"turns":8.0},{"damage":46.0,"enemies":"Nemesis","floor":40.0,"turns":9.0},{"damage":74.0,"enemies":"Reptomancer","floor":42.0,"turns":13.0},{"damage":56.0,"enemies":"Nemesis","floor":45.0,"turns":10.0},{"damage":15.0,"enemies":"Maw","floor":46.0,"turns":12.0},{"damage":2.0,"enemies":"Giant Head","floor":47.0,"turns":15.0},{"damage":96,"enemies":"Awakened One","floor":50,"turns":22}],"seed_played":"-2849888512398802734","potions_obtained":[{"floor":3.0,"key":"GamblersBrew"},{"floor":14.0,"key":"Block Potion"},{"floor":16.0,"key":"Swift Potion"},{"floor":21.0,"key":"SpeedPotion"},{"floor":28.0,"key":"Block Potion"},{"floor":31.0,"key":"PowerPotion"},{"floor":33.0,"key":"DistilledChaos"},{"floor":38.0,"key":"Fire Potion"},{"floor":40.0,"key":"Strength Potion"},{"floor":42.0,"key":"Block Potion"},{"floor":45.0,"key":"EntropicBrew"},{"floor":46.0,"key":"Weak Potion"},{"floor":47.0,"key":"SpeedPotion"}],"is_trial":false,"path_per_floor":["M","M","M","T","M","R","E","R","T","$","E","M","M","M","R","B",null,"M","M","$","M","?","R","E","R","T","R","E","T","R","M","R","B",null,"M","$","M","M","?","E","R","E","T","R","E","M","E","?","R","B"],"character_chosen":"DEFECT","items_purchased":["Seek","Bird Faced Urn","Medical Kit"],"campfire_rested":9,"item_purchase_floors":[10,36,36],"current_hp_per_floor":[57,46,36,36,35,35,2,24,24,24,5,5,5,5,27,17,61,61,27,27,14,14,36,23,45,45,45,5,5,27,25,47,48,68,75,75,61,63,63,53,75,39,39,61,55,75,75,65,75,0,0],"gold":308,"neow_bonus":"BOSS_RELIC","is_daily":false,"chose_seed":false,"campfire_upgraded":1,"win_rate":0.0,"timestamp":1612438805,"path_taken":["M","M","M","?","M","R","E","R","T","$","E","M","M","?","R","BOSS","M","M","$","M","?","R","E","R","T","R","E","?","R","M","R","BOSS","M","$","M","M","?","E","R","E","T","R","E","M","E","?","R","BOSS"],"items_purchased_type":["Card","Relic","Relic"],"build_version":"2020-12-22","purchased_purges":2,"victory":false,"max_hp_per_floor":[75,75,75,75,75,75,75,75,75,75,75,75,75,75,75,75,75,75,75,75,75,75,75,75,75,75,75,75,75,75,75,75,75,75,75,75,75,75,75,75,75,75,75,75,75,75,75,75,75,75,75],"card_choices":[{"not_picked":["Rebound","Stack"],"picked":"Cold Snap","floor":1.0},{"not_picked":["BootSequence","Gash"],"picked":"Compile Driver","floor":2.0},{"not_picked":["Gash","Force Field"],"picked":"Sweeping Beam","floor":3.0},{"not_picked":["Coolheaded","Rebound"],"picked":"Conserve Battery","floor":5.0},{"not_picked":["Conserve Battery","Sweeping Beam"],"picked":"Creative AI","floor":7.0},{"not_picked":["Barrage","Auto Shields"],"picked":"Glacier","floor":11.0},{"not_picked":["Lockon","Capacitor"],"picked":"Hologram","floor":12.0},{"not_picked":["Heatsinks","Stack"],"picked":"Compile Driver","floor":13.0},{"not_picked":["Coolheaded","Tempest"],"picked":"Cold Snap","floor":14.0},{"not_picked":["Multi-Cast","Creative AI"],"picked":"Electrodynamics","floor":16.0},{"not_picked":["Steam","Streamline+1"],"picked":"Cold Snap+1","floor":18.0},{"not_picked":["Go for the Eyes+1","Hologram+1"],"picked":"Compile Driver","floor":19.0},{"not_picked":["Reprogram","Steam","Go for the Eyes"],"picked":"SKIP","floor":21.0},{"not_picked":["Double Energy","Auto Shields","Consume+1"],"picked":"SKIP","floor":24.0},{"not_picked":["Hyperbeam","Sunder"],"picked":"Stack","floor":28.0},{"not_picked":["FTL","Turbo"],"picked":"Self Repair","floor":31.0},{"not_picked":["Compile Driver+1","Barrage"],"picked":"Blizzard","floor":35.0},{"not_picked":["Capacitor","Sweeping Beam+1","Barrage"],"picked":"SKIP","floor":37.0},{"not_picked":["Scrape+1","Gash"],"picked":"Self Repair","floor":38.0},{"not_picked":["Beam Cell","Leap","Sweeping Beam+1"],"picked":"SKIP","floor":40.0},{"not_picked":["Sweeping Beam","Aggregate"],"picked":"Barrage","floor":42.0},{"not_picked":["Rebound","Seek"],"picked":"Glacier+1","floor":45.0},{"not_picked":["Rebound+1","Go for the Eyes+1"],"picked":"Blizzard","floor":46.0},{"not_picked":["Sweeping Beam","All For One","Steam+1"],"picked":"SKIP","floor":47.0},{"not_picked":["Swift Strike","Thinking Ahead"],"picked":"The Bomb","floor":48.0}],"player_experience":225917,"relics_obtained":[{"floor":4.0,"key":"Turnip"},{"floor":7.0,"key":"Letter Opener"},{"floor":11.0,"key":"FossilizedHelix"},{"floor":24.0,"key":"White Beast Statue"},{"floor":26.0,"key":"Boot"},{"floor":28.0,"key":"Du-Vu Doll"},{"floor":29.0,"key":"Darkstone Periapt"},{"floor":40.0,"key":"Ice Cream"},{"floor":40.0,"key":"Oddly Smooth Stone"},{"floor":42.0,"key":"Gambling Chip"},{"floor":42.0,"key":"Meat on the Bone"},{"floor":43.0,"key":"InkBottle"},{"floor":45.0,"key":"Orichalcum"},{"floor":45.0,"key":"Bottled Tornado"},{"floor":47.0,"key":"Centennial Puzzle"},{"floor":47.0,"key":"Prayer Wheel"}],"event_choices":[{"damage_healed":0.0,"max_hp_gain":0.0,"max_hp_loss":0.0,"gold_gain":0.0,"event_name":"Back to Basics","player_choice":"Simplicity","floor":22.0,"gold_loss":0.0,"damage_taken":0.0,"cards_upgraded":["Strike_B","Strike_B","Strike_B","Strike_B","Defend_B","Defend_B","Defend_B","Defend_B"]},{"cards_removed":["Strike_B"],"damage_healed":0.0,"max_hp_gain":0.0,"max_hp_loss":0.0,"gold_gain":0.0,"event_name":"Falling","player_choice":"Removed Attack","floor":39.0,"gold_loss":0.0,"damage_taken":0.0},{"damage_healed":0.0,"max_hp_gain":0.0,"max_hp_loss":0.0,"gold_gain":0.0,"event_name":"SensoryStone","player_choice":"Memory 3","floor":48.0,"gold_loss":0.0,"damage_taken":10.0}],"is_beta":false,"boss_relics":[{"not_picked":["SlaversCollar","Runic Pyramid"],"picked":"Fusion Hammer"},{"not_picked":["Tiny House","Philosopher\u0027s Stone"],"picked":"Black Star"}],"items_purged_floors":[10,20],"is_endless":false,"potions_floor_spawned":[3,14,16,21,28,31,33,35,37,38,40,42,45,46,47],"killed_by":"Awakened One","ascension_level":8}}