{"host":"r91i8wii3z9p67t1","time":1612439948,"event":{"mods":["BaseMod","Minty Spire (QoL Compilation)","Relic Stats","Reliquary","StSLib"],"gold_per_floor":[119,139,139,139,158,158,184,184,231,231,251,269,286,318,318,419,419,437,194,119,119,119,154,218,243,269,190,269,300,160,160,160,258,258,275,325,375,394,4,4,38,38,38,38,57,77,96,125,125,125,125],"floor_reached":50,"language":"ENG","playtime":6569,"items_purged":["Strike_P","Strike_P"],"score":814,"play_id":"51c7653e-05db-47f8-a642-88feafac24ee","local_time":"20210204195908","is_ascension_mode":true,"campfire_choices":[{"data":"Vigilance","floor":6,"key":"SMITH"},{"data":"Crescendo","floor":8,"key":"SMITH"},{"data":"Consecrate","floor":10,"key":"SMITH"},{"data":"WreathOfFlame","floor":15,"key":"SMITH"},{"data":"Dramatic Entrance","floor":32,"key":"SMITH"},{"data":"MentalFortress","floor":40,"key":"SMITH"},{"data":"ThirdEye","floor":42,"key":"SMITH"},{"floor":44,"key":"DIG"},{"floor":49,"key":"REST"}],"circlet_count":0,"master_deck":["Defend_P","Defend_P","Defend_P","Eruption+1","Vigilance+1","FlyingSleeves","Consecrate+1","CutThroughFate","Crescendo+1","EmptyBody","Evaluate","TalkToTheHand","WreathOfFlame+1","FlyingSleeves+1","ConjureBlade","FlurryOfBlows+1","BowlingBash","EmptyFist","Omniscience","FlurryOfBlows+1","MentalFortress+1","ThirdEye+1","Dramatic Entrance+1","Swivel+1","FlurryOfBlows","Swivel+1","FlurryOfBlows+1"],"relics":["PureWater","Art of War","Bag of Preparation","MealTicket","Meat on the Bone","reliquary:WritOfMandamus","Omamori","reliquary:IridiumChain","SsserpentHead","Shovel","reliquary:Buckler","Potion Belt","Red Mask","reliquary:PurpleTingedLeaf","SlaversCollar","Sling","Letter Opener","Yang","Molten Egg 2","Shuriken","Happy Flower"],"acts_visited":["Exordium","TheCity","TheBeyond"],"potions_floor_usage":[16,23,23,33,33,50,50,50,50],"damage_taken":[{"damage":7,"enemies":"Jaw Worm","floor":1,"turns":4},{"damage":2,"enemies":"Cultist","floor":2,"turns":3},{"damage":0,"enemies":"Small Slimes","floor":5,"turns":2},{"damage":6,"enemies":"Gremlin Nob","floor":7,"turns":3},{"damage":0,"enemies":"Exordium Wildlife","floor":11,"turns":2},{"damage":1,"enemies":"Looter","floor":12,"turns":2},{"damage":0,"enemies":"Large Slime","floor":13,"turns":3},{"damage":3,"enemies":"3 Sentries","floor":14,"turns":3},{"damage":21,"enemies":"Slime Boss","floor":16,"turns":5},{"damage":16,"enemies":"Shell Parasite","floor":18,"turns":5},{"damage":14,"enemies":"Book of Stabbing","floor":23,"turns":2},{"damage":20,"enemies":"2 Thieves","floor":24,"turns":3},{"damage":24,"enemies":"Gremlin Leader","floor":25,"turns":4},{"damage":0,"enemies":"Masked Bandits","floor":28,"turns":1},{"damage":23,"enemies":"Slavers","floor":29,"turns":3},{"damage":67,"enemies":"Collector","floor":33,"turns":8},{"damage":0,"enemies":"3 Darklings","floor":35,"turns":1},{"damage":1,"enemies":"3 Shapes","floor":38,"turns":3},{"damage":25,"enemies":"Giant Head","floor":41,"turns":6},{"damage":0,"enemies":"Jaw Worm Horde","floor":45,"turns":1},{"damage":19,"enemies":"Maw","floor":46,"turns":6},{"damage":0,"enemies":"Sphere and 2 Shapes","floor":47,"turns":3},{"damage":4,"enemies":"Nemesis","floor":48,"turns":3},{"damage":77,"enemies":"Awakened One","floor":50,"turns":7}],"seed_played":"-8597168303187598900","potions_obtained":[{"floor":1,"key":"Energy Potion"},{"floor":2,"key":"BlessingOfTheForge"},{"floor":5,"key":"LiquidMemories"},{"floor":16,"key":"AttackPotion"},{"floor":25,"key":"AttackPotion"},{"floor":28,"key":"FairyPotion"},{"floor":29,"key":"StancePotion"},{"floor":33,"key":"Fire Potion"},{"floor":35,"key":"BlessingOfTheForge"},{"floor":38,"key":"SmokeBomb"},{"floor":48,"key":"PowerPotion"}],"is_trial":false,"path_per_floor":["M","M","?","?","M","R","E","R","T","R","M","M","M","E","R","B",null,"M","$","?","?","?","E","M","E","T","$","?","E","$","$","R","B",null,"M","?","?","M","$","R","E","R","T","R","M","M","M","E","R","B"],"character_chosen":"WATCHER","items_purchased":["Omamori","BowlingBash","MentalFortress","Dramatic Entrance","Sling","Letter Opener"],"campfire_rested":1,"item_purchase_floors":[19,19,27,30,39,39],"current_hp_per_floor":[58,56,53,53,53,53,47,47,47,47,47,46,46,43,43,34,63,47,62,62,62,62,48,40,28,28,43,43,32,47,62,62,37,63,63,63,63,62,72,72,50,50,50,50,50,44,46,42,63,0,0],"gold":125,"neow_bonus":"UPGRADE_CARD","is_daily":false,"chose_seed":false,"campfire_upgraded":7,"win_rate":0.0,"timestamp":1612439948,"path_taken":["M","M","?","?","?","R","E","R","T","R","M","M","M","E","R","BOSS","M","$","?","?","?","E","?","E","T","$","?","E","?","$","R","BOSS","M","?","?","M","$","R","E","R","T","R","M","M","M","E","R","BOSS"],"items_purchased_type":["Relic","Card","Card","Card","Relic","Relic"],"build_version":"2020-12-22","purchased_purges":2,"victory":false,"max_hp_per_floor":[72,72,72,72,72,72,72,72,72,72,72,72,72,72,72,72,72,72,72,72,72,72,72,72,72,72,72,72,72,72,72,72,72,72,72,72,72,72,72,72,72,72,72,72,72,72,72,72,72,72,72],"relic_stats":{"SsserpentHead":250,"Shovel":1,"Happy Flower":[2],"counters":[24,83],"Shuriken":[18],"MealTicket":70,"Yang":[73],"Art of War":[4],"Bag of Preparation":[40],"Letter Opener":[45],"obtain_stats":[{"Potion Belt":26,"Happy Flower":48,"Yang":41,"Bag of Preparation":7,"Omamori":19,"Letter Opener":39,"Sling":39,"reliquary:IridiumChain":21,"SsserpentHead":22,"SlaversCollar":34,"Shovel":23,"Shuriken":44,"MealTicket":9,"reliquary:Buckler":25,"Molten Egg 2":43,"Art of War":3,"Red Mask":28,"PureWater":0,"reliquary:WritOfMandamus":17,"reliquary:PurpleTingedLeaf":29,"Meat on the Bone":14},{"Potion Belt":13,"Happy Flower":23,"Yang":19,"Bag of Preparation":4,"Omamori":10,"Letter Opener":18,"Sling":18,"reliquary:IridiumChain":10,"SsserpentHead":10,"SlaversCollar":16,"Shovel":11,"Shuriken":19,"MealTicket":4,"reliquary:Buckler":13,"Molten Egg 2":19,"Art of War":2,"Red Mask":14,"PureWater":0,"reliquary:WritOfMandamus":9,"reliquary:PurpleTingedLeaf":15,"Meat on the Bone":8},{"Potion Belt":41,"Happy Flower":76,"Yang":63,"Bag of Preparation":12,"Omamori":32,"Letter Opener":57,"Sling":57,"reliquary:IridiumChain":32,"SsserpentHead":32,"SlaversCollar":53,"Shovel":34,"Shuriken":63,"MealTicket":12,"reliquary:Buckler":41,"Molten Egg 2":63,"Art of War":7,"Red Mask":42,"PureWater":0,"reliquary:WritOfMandamus":27,"reliquary:PurpleTingedLeaf":45,"Meat on the Bone":22}],"Meat on the Bone":72},"card_choices":[{"not_picked":["PathToVictory","JustLucky"],"picked":"FlyingSleeves","floor":1},{"not_picked":["CutThroughFate","FollowUp"],"picked":"Consecrate","floor":2},{"not_picked":["WindmillStrike","Halt"],"picked":"Crescendo","floor":5},{"not_picked":["Scrawl","Protect"],"picked":"EmptyBody","floor":7},{"not_picked":["FlyingSleeves","Wallop"],"picked":"Evaluate","floor":11},{"not_picked":["Adaptation","Crescendo"],"picked":"TalkToTheHand","floor":12},{"not_picked":["ClearTheMind","Evaluate"],"picked":"WreathOfFlame","floor":13},{"not_picked":["WindmillStrike","WheelKick"],"picked":"FlyingSleeves","floor":14},{"not_picked":["DeusExMachina","Wish"],"picked":"ConjureBlade","floor":16},{"not_picked":["Vengeance","Indignation"],"picked":"FlurryOfBlows","floor":18},{"not_picked":["SashWhip","PathToVictory"],"picked":"EmptyFist","floor":23},{"not_picked":["Halt","Adaptation"],"picked":"Omniscience","floor":24},{"not_picked":["CrushJoints","EmptyFist"],"picked":"FlurryOfBlows+1","floor":25},{"not_picked":["Perseverance+1","Collect"],"picked":"ThirdEye","floor":29},{"not_picked":["JustLucky","EmptyBody+1"],"picked":"Swivel+1","floor":35},{"not_picked":["Prostrate","FollowUp"],"picked":"FlurryOfBlows","floor":38},{"not_picked":["WaveOfTheHand","FollowUp+1","EmptyBody+1"],"picked":"SKIP","floor":41},{"not_picked":["Vengeance+1","ConjureBlade","Protect+1"],"picked":"SKIP","floor":45},{"not_picked":["DeceiveReality+1","InnerPeace"],"picked":"Swivel+1","floor":46},{"not_picked":["Prostrate","Crescendo","EmptyFist+1"],"picked":"SKIP","floor":47},{"not_picked":["Scrawl","SashWhip+1"],"picked":"FlurryOfBlows+1","floor":48}],"player_experience":973530,"relics_obtained":[{"floor":7,"key":"Bag of Preparation"},{"floor":9,"key":"MealTicket"},{"floor":14,"key":"Meat on the Bone"},{"floor":23,"key":"Shovel"},{"floor":25,"key":"reliquary:Buckler"},{"floor":26,"key":"Potion Belt"},{"floor":28,"key":"Red Mask"},{"floor":29,"key":"reliquary:PurpleTingedLeaf"},{"floor":41,"key":"Yang"},{"floor":43,"key":"Molten Egg 2"},{"floor":44,"key":"Shuriken"},{"floor":48,"key":"Happy Flower"}],"event_choices":[{"damage_healed":0,"gold_gain":0,"player_choice":"Success","damage_taken":3,"relics_obtained":["Art of War"],"max_hp_gain":0,"max_hp_loss":0,"event_name":"Scrap Ooze","floor":3,"gold_loss":0},{"damage_healed":0,"gold_gain":0,"cards_transformed":["Strike_P"],"player_choice":"Transformed","damage_taken":0,"max_hp_gain":0,"max_hp_loss":0,"event_name":"Transmorgrifier","floor":4,"gold_loss":0,"cards_obtained":["CutThroughFate"]},{"cards_removed":["Strike_P"],"damage_healed":0,"gold_gain":0,"player_choice":"Gave Gold","damage_taken":0,"max_hp_gain":0,"max_hp_loss":0,"event_name":"Beggar","floor":20,"gold_loss":75},{"damage_healed":0,"gold_gain":0,"player_choice":"Opened","damage_taken":0,"relics_obtained":["reliquary:IridiumChain"],"max_hp_gain":0,"max_hp_loss":0,"event_name":"The Mausoleum","floor":21,"gold_loss":0,"cards_obtained":["Writhe"]},{"damage_healed":0,"gold_gain":0,"player_choice":"Trade","damage_taken":0,"relics_obtained":["SsserpentHead"],"max_hp_gain":0,"max_hp_loss":0,"event_name":"FaceTrader","floor":22,"gold_loss":0},{"damage_healed":0,"gold_gain":0,"player_choice":"Fought Bandits","damage_taken":0,"max_hp_gain":0,"max_hp_loss":0,"event_name":"Masked Bandits","floor":28,"gold_loss":0},{"cards_removed":["Defend_P"],"damage_healed":0,"gold_gain":0,"player_choice":"Removed Skill","damage_taken":0,"max_hp_gain":0,"max_hp_loss":0,"event_name":"Falling","floor":36,"gold_loss":0},{"damage_healed":0,"gold_gain":0,"player_choice":"Ignored","damage_taken":0,"max_hp_gain":0,"max_hp_loss":0,"event_name":"Transmorgrifier","floor":37,"gold_loss":0}],"is_beta":false,"boss_relics":[{"not_picked":["VioletLotus","HolyWater"],"picked":"reliquary:WritOfMandamus"},{"not_picked":["Sozu","Fusion Hammer"],"picked":"SlaversCollar"}],"items_purged_floors":[19,30],"is_endless":false,"potions_floor_spawned":[1,2,5,7,16,25,28,29,33,35,38,48],"killed_by":"Awakened One","ascension_level":7}}