{"host":"ucgrft0m53zzt06v","time":1612404062,"event":{"mods":["BaseMod","Colored Map","Colored Powertips","Conspire","HololiveMod","KinomotoSakuraMod(木之本樱)","Lobotomy","Minty Spire (QoL Compilation)","Quick Restart","Replay The Spire","Shop Mod","Spicy Shops","StSLib","Td1madao Mod","The Senshi","Waifu the Spire","WarShipGirlsR/战舰少女R mod","【遗物卡牌】REMEMod"],"gold_per_floor":[80,5,5,31,101,101,141,157,184,76,113,113,449,476,476,594,594,617,667,717,738,822,855,875,907,934,934,984,1019,648,678,678,543,543,484,452,563,548,598,598,363,363,442,442,503,503,669,766,766,825],"floor_reached":51,"language":"ZHS","playtime":16782,"items_purged":["Regret","Doubt","Pain","Hololive_Breathe"],"score":1703,"play_id":"f179e146-c1e2-4acc-a850-eb4cedb97392","local_time":"20210204100102","is_ascension_mode":true,"campfire_choices":[{"data":"Hololive_RevenueBasedLive","floor":6.0,"key":"SMITH"},{"data":"Hololive_BeCareful","floor":12.0,"key":"SMITH"},{"floor":15.0,"key":"DIG"},{"floor":27.0,"key":"REST"},{"data":"Hololive_CallSpadeEcho","floor":32.0,"key":"SMITH"},{"data":"Hololive_Yoholoon","floor":40,"key":"SMITH"},{"floor":42,"key":"DIG"},{"floor":44,"key":"DIG"},{"floor":46,"key":"DIG"},{"floor":49,"key":"DIG"}],"circlet_count":0,"master_deck":["Hololive_CallMinatoAqua","Hololive_CallUsadaPekora","Hololive_CallMurasakiShion","Hololive_CallShiranuiFlare","Hololive_CallSpadeEcho+1","Hololive_Defend+1","Hololive_DurableLive+1","Hololive_RevenueBasedLive+1","Hololive_LuckPotion","Hololive_CandyCastle","Hololive_CallYogiri","Hololive_OvertimeWork","Hololive_Yoholoon+1","Hololive_LuckPotion","Hololive_LuckPotion","Hololive_BeCareful+1","Hololive_FlyingPonyTail","Hololive_CallManoAloe","Hololive_IdolExercise","Hololive_CallUruhaRushia+1","Hololive_Rebirth+1","Hololive_OvertimeWork+1","Hololive_FlyingPonyTail","Hololive_CallAyundaRisu+1","Hololive_CandyCastle","Hololive_SummonFox","Hololive_CallOmaruPolka+1","Hololive_CallAkaiHaato+1","Hololive_DDD+1","Hololive_CallNekomataOkayu+1","Bandage Up","Hololive_CallShirakamiFubuki+1","Hololive_Recruit+1","Hololive_CallHoushouMarine+1","Hololive_CallOzoraSubaru+1","Hololive_BringToTrial","Hololive_FlyingPonyTail+1","Hololive_Yoholoon+1","Hololive_Yoholoon","Hololive_CandyCastle","Hololive_FlyingPonyTail","Hololive_CallAkaiHaato+1","Hololive_CallAmaneKanata+1","Hololive_CallTokoyamiTowa+1"],"relics":["Hololive_TheStar","REME_ComplimentaryCards","SsserpentHead","Regal Pillow","PreservedInsect","ReplayTheSpireMod:TigerMarble","CaptainsWheel","Nloth\u0027s Gift","Ancient Tea Set","Frozen Egg 2","conspire:TopHat","conspire:Flyswatter","Membership Card","MerchantsRug","Divine Protection","Lantern","Replay:Kaleidoscope","REME_OnlineShoppingPlatform","Philosopher\u0027s Stone","conspire:RunicOctahedron","Guide Book","conspire:TreasureMap","theSenshi:SailorFukuRelic","Onion Ring","Gremlin Food","ReplayTheSpireMod:Ring of Collecting","REME_CardOfGreed","FossilizedHelix","REME_IWantAll","Strawberry","Shovel","DollysMirror","Darkstone Periapt","Ring of Peace","Replay:Bandana","ReplayTheSpireMod:Shallot","Bronze Scales","conspire:Boomerang","Blood Vial","Simple Rune"],"acts_visited":["Exordium","TheCity","TheBeyond"],"potions_floor_usage":[33,33,33,33,33,33,33,33,33,33,33,33,33,33,33,35,35,35,35,36,36,36,38,38,38,38],"damage_taken":[{"damage":0.0,"enemies":"conspire:RoseBush","floor":1.0,"turns":3.0},{"damage":0.0,"enemies":"Cultist","floor":4.0,"turns":4.0},{"damage":1.0,"enemies":"2 Louse","floor":5.0,"turns":3.0},{"damage":0.0,"enemies":"Lagavulin","floor":7.0,"turns":5.0},{"damage":0.0,"enemies":"Exordium Wildlife","floor":8.0,"turns":3.0},{"damage":0.0,"enemies":"3 Sentries","floor":11.0,"turns":5.0},{"damage":0.0,"enemies":"Gremlin Nob","floor":13.0,"turns":4.0},{"damage":0.0,"enemies":"Red Slaver","floor":14.0,"turns":3.0},{"damage":0.0,"enemies":"The Guardian","floor":16.0,"turns":6.0},{"damage":0.0,"enemies":"2 Thieves","floor":18.0,"turns":3.0},{"damage":0.0,"enemies":"Spheric Guardian","floor":21.0,"turns":5.0},{"damage":10.0,"enemies":"Centurion and Healer","floor":22.0,"turns":7.0},{"damage":18.0,"enemies":"Slavers","floor":23.0,"turns":5.0},{"damage":0.0,"enemies":"Snake Plant","floor":24.0,"turns":3.0},{"damage":0.0,"enemies":"Gremlin Leader","floor":25.0,"turns":4.0},{"damage":0.0,"enemies":"REME_1_Revenger","floor":29.0,"turns":4.0},{"damage":0.0,"enemies":"Snecko","floor":31.0,"turns":5.0},{"damage":0,"enemies":"conspire:MysteriousRune","floor":33,"turns":4},{"damage":0,"enemies":"3 Shapes","floor":35,"turns":3},{"damage":0,"enemies":"3 Darklings","floor":36,"turns":3},{"damage":0,"enemies":"Jaw Worm Horde","floor":38,"turns":2},{"damage":0,"enemies":"Reptomancer","floor":45,"turns":2},{"damage":0,"enemies":"Mind Bloom Boss Battle","floor":47,"turns":2},{"damage":0,"enemies":"Giant Head","floor":48,"turns":4},{"damage":0,"enemies":"Donu and Deca","floor":50,"turns":3}],"seed_played":"8874677188835285603","potions_obtained":[{"floor":1.0,"key":"REME_GoldPotion"},{"floor":8.0,"key":"Dexterity Potion"},{"floor":11.0,"key":"AttackPotion"},{"floor":16.0,"key":"SteroidPotion"},{"floor":21.0,"key":"Elixir"},{"floor":24.0,"key":"EntropicBrew"},{"floor":29.0,"key":"Energy Potion"}],"is_trial":false,"path_per_floor":["M","$","?","M","M","R","E","M","T","$","E","R","E","M","R_BF","B",null,"M","?","?","M","M","E","M","E","T","R","?","E","$","M","R","B",null,"M","M","$","M","?","R","$","R","T","R","E","R","?","E","R_BF","B",null],"character_chosen":"Hololive_HololiveCharacter","items_purchased":["Hololive_Yoholoon","Hololive_LuckPotion","Membership Card","MerchantsRug","Divine Protection","Lantern","Mango","Replay:Kaleidoscope","REME_OnlineShoppingPlatform","Hololive_DDD","Hololive_CallNekomataOkayu+1","Bandage Up","Guide Book","conspire:TreasureMap","theSenshi:SailorFukuRelic","Onion Ring","Gremlin Food","Hololive_CallOzoraSubaru+1","Hololive_BringToTrial","REME_CardOfGreed","FossilizedHelix","REME_IWantAll","Strawberry","Shovel","DollysMirror","Hololive_Yoholoon","Hololive_CandyCastle","Hololive_FlyingPonyTail","Hololive_CallAkaiHaato+1"],"campfire_rested":1,"item_purchase_floors":[10,10,30,30,30,30,30,30,30,30,30,30,37,37,37,37,37,37,37,41,41,41,41,41,41,41,41,41,41],"current_hp_per_floor":[32,32,32,32,31,31,31,31,31,31,31,31,31,31,31,31,34,34,34,34,34,24,6,6,6,6,31,31,31,45,45,45,45,48,49,49,49,49,49,49,56,56,56,56,56,56,56,56,56,56],"gold":825,"neow_bonus":"RANDOM_EVENT","is_daily":false,"chose_seed":false,"campfire_upgraded":4,"win_rate":0.0,"timestamp":1612404062,"path_taken":["M","$","?","M","?","R","E","M","T","$","E","R","E","M","R_BF","BOSS","M","?","?","M","?","E","M","E","T","R","?","E","$","M","R","BOSS","M","M","$","M","?","R","$","R","T","R","E","R","?","E","R_BF","BOSS"],"items_purchased_type":["Card","Card","Relic","Relic","Relic","Card","Relic","Relic","Relic","Card","Card","Card","Relic","Relic","Relic","Relic","Relic","Card","Card","Relic","Relic","Relic","Relic","Relic","Relic","Card","Card","Card","Card"],"build_version":"2020-12-22","purchased_purges":4,"victory":true,"max_hp_per_floor":[35,35,35,35,35,35,35,35,35,35,35,35,35,35,35,35,35,35,35,35,35,35,35,35,35,35,35,35,35,49,49,49,49,49,49,49,49,49,49,49,56,56,56,56,56,56,56,56,56,56],"card_choices":[{"not_picked":["Hololive_CallYuzukiChoco","Hololive_Sequa","Hololive_LuckPotion"],"picked":"Hololive_RevenueBasedLive","floor":1.0},{"not_picked":["Hololive_CallRosalyn","Hololive_CallUruhaRushia","Hololive_Breathe"],"picked":"Hololive_LuckPotion","floor":4.0},{"not_picked":["Hololive_Drill","Hololive_CallOzoraSubaru","Hololive_CallMomosuzuNene"],"picked":"Hololive_CandyCastle","floor":5.0},{"not_picked":["Hololive_CallFriendA","Hololive_Psychosis","Hololive_CocoNews"],"picked":"Hololive_CallYogiri","floor":7.0},{"not_picked":["Hololive_CallYogiri","Hololive_CallTokoyamiTowa","Hololive_HuntDinosaur"],"picked":"Hololive_OvertimeWork","floor":8.0},{"not_picked":["Hololive_CallHimemoriLuna","Hololive_RevenueBasedLive","Hololive_Trident"],"picked":"Hololive_BeCareful","floor":11.0},{"not_picked":["Hololive_Drill","Hololive_CallUruhaRushia","Hololive_CallNekomataOkayu"],"picked":"Hololive_FlyingPonyTail","floor":13.0},{"not_picked":["Hololive_CocoNews","Hololive_Breathe","Hololive_RevenueBasedLive"],"picked":"Hololive_CallManoAloe","floor":14.0},{"not_picked":["Hololive_Recruit","Hololive_StarCraft","Hololive_HighAtkLowDef"],"picked":"Hololive_IdolExercise","floor":16.0},{"not_picked":["Hololive_OvertimeWork+1","Hololive_StrengthChampion","Hololive_RevenueBasedLive","Hololive_Trident"],"picked":"SKIP","floor":18.0},{"not_picked":["Hololive_RevenueBasedLive","Hololive_CallNatsuiroMatsuri+1","Hololive_Rebirth"],"picked":"Hololive_CallAyundaRisu+1","floor":21.0},{"not_picked":["Hololive_ManjiGathering+1","Hololive_Drill","Hololive_CallRoboco+1"],"picked":"Hololive_CandyCastle","floor":22.0},{"not_picked":["Hololive_CallMomosuzuNene","Hololive_CocoNews","Hololive_CallMinatoAqua"],"picked":"Hololive_SummonFox","floor":23.0},{"not_picked":["Hololive_CocoNews","Hololive_Sequa","Hololive_CallMoonaHoshinova","Hololive_Drill"],"picked":"SKIP","floor":24.0},{"not_picked":["Hololive_HuntDinosaur","Hololive_CocoNews","Hololive_BeCareful"],"picked":"Hololive_CallOmaruPolka+1","floor":25.0},{"not_picked":["Hololive_Breathe+1","Hololive_Rebirth","Hololive_LuckPotion"],"picked":"Hololive_CallAkaiHaato+1","floor":29.0},{"not_picked":["Hololive_Sequa","Hololive_CocoNews+1","Hololive_CallUsadaPekora+1"],"picked":"Hololive_CallShirakamiFubuki+1","floor":31.0},{"not_picked":["Hololive_MaximGun","Hololive_IdolExercise","Hololive_OpenUp"],"picked":"Hololive_Recruit","floor":33},{"not_picked":["Hololive_ManjiGathering","Hololive_LuckPotion","Hololive_CallUruhaRushia+1","Hololive_OvertimeWork"],"picked":"SKIP","floor":35},{"not_picked":["Hololive_HuntDinosaur+1","Hololive_SoulCatcher+1","Hololive_CallMurasakiShion+1"],"picked":"Hololive_CallHoushouMarine+1","floor":36},{"not_picked":["Hololive_CallMoonaHoshinova+1","Hololive_CocoNews+1","Hololive_Trident"],"picked":"Hololive_FlyingPonyTail+1","floor":38},{"not_picked":["Hololive_Drill","Hololive_Breathe","Hololive_Sequa+1","Hololive_HighAtkLowDef"],"picked":"SKIP","floor":45},{"not_picked":["Hololive_BeCareful","Hololive_ManjiGathering","Hololive_Psychosis+1"],"picked":"Hololive_CallAmaneKanata+1","floor":47},{"not_picked":["Hololive_OpenUp","Hololive_HuntDinosaur","Hololive_ScarfAndHalo"],"picked":"Hololive_CallTokoyamiTowa+1","floor":48}],"player_experience":159736,"relics_obtained":[{"floor":7.0,"key":"Regal Pillow"},{"floor":9.0,"key":"PreservedInsect"},{"floor":11.0,"key":"ReplayTheSpireMod:TigerMarble"},{"floor":13.0,"key":"Old Coin"},{"floor":15.0,"key":"CaptainsWheel"},{"floor":23.0,"key":"Ancient Tea Set"},{"floor":25.0,"key":"Frozen Egg 2"},{"floor":26.0,"key":"conspire:TopHat"},{"floor":29.0,"key":"conspire:Flyswatter"},{"floor":39,"key":"ReplayTheSpireMod:Ring of Collecting"},{"floor":42,"key":"Darkstone Periapt"},{"floor":43,"key":"Ring of Peace"},{"floor":44,"key":"Replay:Bandana"},{"floor":45,"key":"ReplayTheSpireMod:Shallot"},{"floor":46,"key":"Bronze Scales"},{"floor":47,"key":"conspire:Boomerang"},{"floor":48,"key":"Blood Vial"},{"floor":49,"key":"Simple Rune"}],"event_choices":[{"damage_healed":0.0,"max_hp_gain":0.0,"max_hp_loss":0.0,"gold_gain":0.0,"event_name":"Big Fish","player_choice":"Box","floor":0.0,"gold_loss":0.0,"damage_taken":0.0,"relics_obtained":["War Paint"],"cards_obtained":["Regret"]},{"damage_healed":0.0,"max_hp_gain":0.0,"max_hp_loss":0.0,"gold_gain":0.0,"event_name":"FaceTrader","player_choice":"Trade","floor":3.0,"gold_loss":0.0,"damage_taken":0.0,"relics_obtained":["SsserpentHead"]},{"damage_healed":0.0,"max_hp_gain":0.0,"max_hp_loss":0.0,"gold_gain":0.0,"event_name":"The Library","player_choice":"Read","floor":19.0,"gold_loss":0.0,"damage_taken":0.0,"cards_obtained":["Hololive_FlyingPonyTail"]},{"damage_healed":0.0,"max_hp_gain":0.0,"max_hp_loss":0.0,"gold_gain":0.0,"event_name":"N\u0027loth","player_choice":"Traded Relic","floor":20.0,"relics_lost":["Astrolabe"],"gold_loss":0.0,"damage_taken":0.0,"relics_obtained":["Nloth\u0027s Gift"]},{"damage_healed":0.0,"max_hp_gain":0.0,"max_hp_loss":0.0,"gold_gain":0.0,"event_name":"Ghosts","player_choice":"Ignored","floor":28.0,"gold_loss":0.0,"damage_taken":0.0},{"damage_healed":0,"gold_gain":0,"player_choice":"Fight","damage_taken":0,"max_hp_gain":0,"max_hp_loss":0,"event_name":"MindBloom","floor":47,"gold_loss":0}],"is_beta":false,"boss_relics":[{"not_picked":["SacredBark","Replay:Drink Me"],"picked":"Astrolabe"},{"not_picked":["Empty Cage","Coffee Dripper"],"picked":"Replay:Grab Bag"},{"not_picked":["Sozu","Busted Crown"],"picked":"Philosopher\u0027s Stone"},{"not_picked":["Runic Dome","Velvet Choker"],"picked":"Fusion Hammer"},{"not_picked":["Runic Pyramid","Honey Jar"],"picked":"conspire:RunicOctahedron"}],"items_purged_floors":[2,30,37,41],"is_endless":false,"potions_floor_spawned":[1,8,11,16,21,22,24,29,33,35,48],"ascension_level":6}}