{"host":"8srk5r1dwtmjotwd","time":1612450716,"event":{"mods":["AchievementEnabler","Act Like it!","BaseMod","Beaked The Cultist","Bestiary","Better Note","Better Third Choice","Colored Map","Colored Powertips","Friendly Minions","GifTheSpireLib","Halation","Hallownest","Hermit","Hubris","Infinite Spire","Mimic Mod","Minty Spire (QoL Compilation)","Morshu Shopkeeper - ENHANCED","Quick Restart","Rare Cards Sparkle","Reliquary","Replay The Spire","Shop Mod","StSLib","SuperFastMode","Synergy Search","The Bug Knight","The Construct","The Cursed","Thieving Mod","Yohane!","everything is the same but u backflip on backflip","slay the spire mod where everything is the same but ironclad has a cowboy hat"],"gold_per_floor":[116,19,19,19,33,33,46,46,71,86,121,121,71,71,71,91,91,189,189,199,199,199,216,216,216,216,216,268,286,297,316,331,343,343,343,343],"floor_reached":35,"language":"ENG","playtime":1533,"items_purged":[],"score":284,"play_id":"90f3f0f9-64f1-4569-8841-7f738de040f0","local_time":"20210204095836","is_ascension_mode":false,"campfire_choices":[{"data":"Flex","floor":8.0,"key":"SMITH"},{"floor":27,"key":"REST"}],"circlet_count":0,"master_deck":["Strike_R","Strike_R","Strike_R","Strike_R","Strike_R","Defend_R","Defend_R","Defend_R","Bash","Replay:Undeath\u0027s Touch","Flex+1","Flex","hubris:ReadiedAction+1","Double Tap","Spot Weakness","Battle Trance","Flex+1","Pummel+1","Offering","Thunderclap+1"],"relics":["Burning Blood","NeowsBlessing","WarpedTongs","Chameleon Ring","MealTicket","Ring of Fury","ReplayTheSpireMod:Ring of Exchange","beaked:MawFillet","Mark of Pain","halation:LettersToHer"],"acts_visited":["Exordium","TheCity"],"potions_floor_usage":[9,11,16,18,18,18,30,33,35],"damage_taken":[{"damage":0.0,"enemies":"Cultist","floor":1.0,"turns":1.0},{"damage":0.0,"enemies":"Jaw Worm","floor":5.0,"turns":1.0},{"damage":3.0,"enemies":"2 Louse","floor":7.0,"turns":1.0},{"damage":0,"enemies":"Gremlin Nob","floor":9,"turns":2},{"damage":21,"enemies":"Gremlin Gang","floor":10,"turns":5},{"damage":8,"enemies":"2 Fungi Beasts","floor":11,"turns":3},{"damage":0,"enemies":"2 Fungi Beasts","floor":16,"turns":2},{"damage":12,"enemies":"Fading Forest","floor":18,"turns":11},{"damage":30,"enemies":"2 Thieves","floor":20,"turns":3},{"damage":3,"enemies":"Spheric Guardian","floor":23,"turns":3},{"damage":16,"enemies":"Shelled Parasite and Fungi","floor":29,"turns":3},{"damage":0,"enemies":"Chosen and Byrds","floor":30,"turns":3},{"damage":6,"enemies":"Cultist and Chosen","floor":31,"turns":3},{"damage":17,"enemies":"Snake Plant","floor":32,"turns":3},{"damage":6,"enemies":"Snecko","floor":33,"turns":2},{"damage":91,"enemies":"Champ","floor":35,"turns":6}],"seed_played":"5548497273430705772","potions_obtained":[{"floor":1.0,"key":"DistilledChaos"},{"floor":5.0,"key":"SkillPotion"},{"floor":9,"key":"PowerPotion"},{"floor":17,"key":"BlessingOfTheForge"},{"floor":17,"key":"DuplicationPotion"},{"floor":25,"key":"Energy Potion"},{"floor":25,"key":"Block Potion"},{"floor":30,"key":"LiquidBronze"},{"floor":32,"key":"AttackPotion"}],"is_trial":false,"path_per_floor":["M","$","PTL","PTL","M","?","M","R","E","M","MIM","?","?","?","$","M","R","B",null,"M","?","?","M","AVR","R","?","R","T","M","M","M","M","M","R_BF","B"],"character_chosen":"IRONCLAD","items_purchased":["Block Potion","Flex"],"campfire_rested":1,"item_purchase_floors":[2,2],"current_hp_per_floor":[80,80,80,80,80,80,80,80,80,65,63,63,63,56,71,77,77,74,80,56,56,56,59,59,59,59,80,80,70,76,76,65,65,80,0,0],"gold":343,"neow_bonus":"THREE_ENEMY_KILL","is_daily":false,"chose_seed":false,"campfire_upgraded":1,"win_rate":0.0,"timestamp":1612450716,"path_taken":["M","?","PTL","PTL","M","?","?","R","E","M","MIM","?","?","?","$","M","R","BOSS","M","?","?","M","AVR","R","?","R","T","M","?","M","M","M","R_BF","BOSS"],"items_purchased_type":["Potion","Card"],"build_version":"2020-12-22","purchased_purges":0,"victory":false,"max_hp_per_floor":[80,80,80,80,80,80,80,80,80,80,80,80,80,80,80,80,80,80,80,80,80,80,80,80,80,80,80,80,80,80,80,80,80,80,80,80],"card_choices":[{"not_picked":["hubris:SharpeningStone","Armaments"],"picked":"Replay:Undeath\u0027s Touch","floor":1.0},{"not_picked":["Cleave","Havoc","Pommel Strike"],"picked":"SKIP","floor":5.0},{"not_picked":["Anger","infinitespire:OneForAll"],"picked":"Flex","floor":7.0},{"not_picked":["Sentinel","Evolve","ReplayTheSpireMod:Strike From Hell"],"picked":"SKIP","floor":9},{"not_picked":["Headbutt","Iron Wave"],"picked":"hubris:ReadiedAction","floor":10},{"not_picked":["Havoc","Bludgeon","Anger"],"picked":"SKIP","floor":16},{"not_picked":["Bludgeon","Eclipse"],"picked":"Double Tap","floor":18},{"not_picked":["Clash","Wild Strike"],"picked":"Spot Weakness","floor":20},{"not_picked":["Blood for Blood","Rupture+1"],"picked":"Pummel+1","floor":23},{"not_picked":["ReplayTheSpireMod:Strike From Hell","ReplayReversal"],"picked":"Thunderclap+1","floor":29},{"not_picked":["Rampage","Disarm","ReplayTheSpireMod:Muscle Training+1"],"picked":"SKIP","floor":30},{"not_picked":["Havoc+1","Hemokinesis+1","Sever Soul"],"picked":"SKIP","floor":31},{"not_picked":["ReplayReversal+1","Shrug It Off+1","Hemokinesis"],"picked":"SKIP","floor":32},{"not_picked":["Twin Strike","Wild Strike","True Grit"],"picked":"SKIP","floor":33}],"player_experience":101423,"relics_obtained":[{"floor":9,"key":"Chameleon Ring"},{"floor":11,"key":"MealTicket"},{"floor":12,"key":"Ring of Fury"},{"floor":12,"key":"ReplayTheSpireMod:Ring of Exchange"},{"floor":28,"key":"halation:LettersToHer"}],"event_choices":[{"damage_healed":0.0,"max_hp_gain":0.0,"max_hp_loss":0.0,"gold_gain":0.0,"event_name":"Accursed Blacksmith","player_choice":"Rummage","floor":6.0,"gold_loss":0.0,"damage_taken":0.0,"relics_obtained":["WarpedTongs"],"cards_obtained":["Pain"]},{"cards_removed":["Pain"],"damage_healed":0,"gold_gain":0,"player_choice":"Card Removal","damage_taken":0,"max_hp_gain":0,"max_hp_loss":0,"event_name":"The Cleric","floor":13,"gold_loss":50},{"cards_removed":["Sickly"],"damage_healed":0,"gold_gain":0,"player_choice":"Card Removal","damage_taken":7,"max_hp_gain":0,"max_hp_loss":0,"event_name":"Golden Wing","floor":14,"gold_loss":0},{"damage_healed":0,"gold_gain":0,"cards_transformed":["Defend_R"],"player_choice":"Transformed","damage_taken":0,"max_hp_gain":0,"max_hp_loss":0,"event_name":"Transmorgrifier","floor":21,"gold_loss":0,"cards_obtained":["Battle Trance"]},{"damage_healed":0,"gold_gain":0,"player_choice":"Copied","damage_taken":0,"max_hp_gain":0,"max_hp_loss":0,"event_name":"Duplicator","floor":22,"gold_loss":0,"cards_obtained":["Flex"]},{"cards_removed":["Flex"],"damage_healed":0,"gold_gain":0,"player_choice":"Take \u0026 Give","damage_taken":0,"max_hp_gain":0,"max_hp_loss":0,"event_name":"betterNote:BetterNote","floor":26,"gold_loss":0,"cards_obtained":["Offering"]}],"is_beta":false,"boss_relics":[{"not_picked":["Coffee Dripper","Sozu"],"picked":"beaked:MawFillet"}],"items_purged_floors":[],"is_endless":false,"potions_floor_spawned":[1,5,9,10,30,32],"killed_by":"Champ","ascension_level":0}}