{"host":"a1eatafr7pisesky","time":1612448398,"event":{"mods":["AchievementEnabler","BaseMod","Colored Map","Keyboard Shortcuts","Minty Spire (QoL Compilation)","Say the Spire","StSLib","SuperFastMode","everything is the same but u backflip on backflip"],"gold_per_floor":[113,188,22,22,41,66,66,97,97,97,97,97,110,120,120,194,194,211,13,29,49,17,45,45,45,45],"floor_reached":25,"language":"KOR","playtime":598,"items_purged":["Strike_G","Strike_G"],"score":432,"play_id":"a1498228-1c5b-43c2-b95c-1da65c2b7aa7","local_time":"20210204231958","is_ascension_mode":true,"campfire_choices":[{"floor":7.0,"key":"REST"},{"floor":10.0,"key":"REST"},{"floor":15.0,"key":"REST"},{"floor":24.0,"key":"REST"}],"circlet_count":0,"master_deck":["AscendersBane","Defend_G","Defend_G","Defend_G","Defend_G","Defend_G","Survivor","Neutralize","Corpse Explosion","Poisoned Stab+1","Crippling Poison","Footwork","Wraith Form v2+1","Poisoned Stab","Night Terror","A Thousand Cuts+1","Footwork+1","Leg Sweep+1","Adrenaline","Catalyst","Deadly Poison+1"],"relics":["Ring of the Snake","The Courier","Centennial Puzzle","Bottled Tornado","Astrolabe","Medical Kit","Bronze Scales"],"acts_visited":["Exordium","TheCity"],"potions_floor_usage":[],"damage_taken":[{"damage":2.0,"enemies":"Cultist","floor":1.0,"turns":4.0},{"damage":9.0,"enemies":"Jaw Worm","floor":5.0,"turns":3.0},{"damage":7.0,"enemies":"3 Sentries","floor":6.0,"turns":4.0},{"damage":26.0,"enemies":"Gremlin Nob","floor":8.0,"turns":5.0},{"damage":1.0,"enemies":"Small Slimes","floor":13.0,"turns":4.0},{"damage":2.0,"enemies":"Red Slaver","floor":14.0,"turns":4.0},{"damage":27.0,"enemies":"The Guardian","floor":16.0,"turns":13.0},{"damage":10.0,"enemies":"Chosen","floor":18.0,"turns":7.0},{"damage":6.0,"enemies":"Shell Parasite","floor":20.0,"turns":7.0},{"damage":32.0,"enemies":"Centurion and Healer","floor":21.0,"turns":8.0},{"damage":11.0,"enemies":"Slavers","floor":23.0,"turns":5.0},{"damage":29,"enemies":"Book of Stabbing","floor":25,"turns":5}],"seed_played":"-6613457552034137588","potions_obtained":[{"floor":5.0,"key":"Block Potion"},{"floor":8.0,"key":"Block Potion"},{"floor":12.0,"key":"Fire Potion"},{"floor":18.0,"key":"Regen Potion"},{"floor":20.0,"key":"Swift Potion"}],"is_trial":false,"path_per_floor":["M","?","$","?","M","E","R","E","T","R","?","?","M","M","R","B",null,"M","$","M","M","$","E","R","E"],"character_chosen":"THE_SILENT","items_purchased":["Crippling Poison","Block Potion","Medical Kit","Catalyst"],"campfire_rested":4,"item_purchase_floors":[3,3,19,22],"current_hp_per_floor":[42,31,31,31,22,15,34,8,8,27,14,14,13,11,30,3,50,40,40,34,17,17,6,25,0,0],"gold":45,"neow_bonus":"THREE_RARE_CARDS","is_daily":false,"chose_seed":false,"campfire_upgraded":0,"win_rate":0.0,"timestamp":1612448398,"path_taken":["M","?","$","?","M","E","R","E","T","R","?","?","M","?","R","BOSS","M","$","M","M","?","E","R","E"],"items_purchased_type":["Card","Potion","Relic","Card"],"build_version":"2020-12-22","purchased_purges":2,"victory":false,"max_hp_per_floor":[66,66,66,66,66,66,66,66,66,66,66,66,66,66,66,66,66,66,66,66,66,66,66,66,66,66],"card_choices":[{"not_picked":["Envenom","A Thousand Cuts"],"picked":"Corpse Explosion","floor":0.0},{"not_picked":["Sucker Punch","Dagger Spray"],"picked":"Poisoned Stab","floor":1.0},{"not_picked":["Blur","Blade Dance"],"picked":"Footwork","floor":5.0},{"not_picked":["Deadly Poison","Tactician","Sucker Punch"],"picked":"SKIP","floor":6.0},{"not_picked":["Outmaneuver","Prepared"],"picked":"Wraith Form v2","floor":8.0},{"not_picked":["Riddle With Holes","Endless Agony"],"picked":"Poisoned Stab","floor":13.0},{"not_picked":["Setup","Poisoned Stab","Dodge and Roll"],"picked":"SKIP","floor":14.0},{"not_picked":["Tools of the Trade","Grand Finale"],"picked":"Night Terror","floor":16.0},{"not_picked":["Quick Slash","Skewer+1","Bane"],"picked":"SKIP","floor":18.0},{"not_picked":["Prepared+1","Dagger Spray","Acrobatics"],"picked":"SKIP","floor":20.0},{"not_picked":["Backflip","Accuracy"],"picked":"Adrenaline","floor":21.0},{"not_picked":["Outmaneuver","Poisoned Stab"],"picked":"Deadly Poison+1","floor":23.0}],"player_experience":402815,"relics_obtained":[{"floor":6.0,"key":"The Courier"},{"floor":8.0,"key":"Centennial Puzzle"},{"floor":9.0,"key":"Bottled Tornado"},{"floor":23.0,"key":"Bronze Scales"}],"event_choices":[{"damage_healed":0.0,"max_hp_gain":0.0,"max_hp_loss":0.0,"gold_gain":75.0,"event_name":"World of Goop","player_choice":"Gather Gold","floor":2.0,"gold_loss":0.0,"damage_taken":11.0},{"damage_healed":0.0,"max_hp_gain":0.0,"max_hp_loss":0.0,"gold_gain":0.0,"event_name":"Liars Game","player_choice":"Ignored","floor":4.0,"gold_loss":0.0,"damage_taken":0.0},{"damage_healed":0.0,"max_hp_gain":0.0,"max_hp_loss":0.0,"gold_gain":0.0,"event_name":"Shining Light","player_choice":"Entered Light","floor":11.0,"gold_loss":0.0,"damage_taken":13.0,"cards_upgraded":["Poisoned Stab","Wraith Form v2"]},{"damage_healed":0.0,"max_hp_gain":0.0,"max_hp_loss":0.0,"gold_gain":0.0,"event_name":"Lab","player_choice":"Got Potions","floor":12.0,"gold_loss":0.0,"damage_taken":0.0}],"is_beta":false,"boss_relics":[{"not_picked":["Velvet Choker","Runic Dome"],"picked":"Astrolabe"}],"items_purged_floors":[3,19],"is_endless":false,"potions_floor_spawned":[5,8,13,18,20],"killed_by":"Book of Stabbing","ascension_level":14}}