{"host":"0s8kyghz8ihx2r41","time":1612472002,"event":{"mods":["2.2 Compatiblity","Act Like it!","Bard","BaseMod","CapriCore","Chen","Conspire","Downfall","Friendly Minions","GungeonMod","Hermit","HololiveMod","Hubris","Koishi","Lobotomy","LobotomyExtend","Marisa（霧雨　魔理沙）","Minty Spire (QoL Compilation)","Morshu Shopkeeper - ENHANCED","Onozuka Komachi Mod","Prisma Mod","READ ME - Snecko Mod","Reimu（博??梦）","Replay The Spire","Spire Birthday Party","StSLib","The Administrix","The Alterego","The Clintock","The Construct","The Cursed","The Disciple","The Druid","The Gatherer","The Immortal","The Marked","The Mystic","The Servant 0.9.4","TheVacant","Waifu the Spire","Yakumo Yukari mod","Yuyuko","everything is the same but u backflip on backflip","slay the spire mod where everything is the same but ironclad has a cowboy hat"],"gold_per_floor":[116,116,136,153,2,2,33,33,109,119,154,52,64,91,103,212,224,236,258,185,197,309,321,350,381,393,459,502,514,569,581,593,735,747,794,806,190,264,310,310,347,387,411,411,55,109,33,33,33,65],"floor_reached":51,"language":"ENG","playtime":3339,"items_purged":["Bomb"],"score":690,"play_id":"a2deb0f3-e7f9-4f70-96a1-2fabdbd8fb6a","local_time":"20210204155322","is_ascension_mode":false,"campfire_choices":[{"floor":6,"key":"REST"},{"floor":8,"key":"REST"},{"data":"Phantom Gift","floor":15,"key":"SMITH"},{"floor":23,"key":"REST"},{"floor":29,"key":"REST"},{"data":"Unpaved Way","floor":32,"key":"SMITH"},{"floor":40,"key":"REST"},{"floor":44,"key":"REST"},{"floor":49,"key":"REST"}],"circlet_count":0,"master_deck":["Fantasy Butterflies","Fantasy Butterflies","Fantasy Butterflies","Fantasy Butterflies","Dreamy Sakura","Dreamy Sakura+1","Dreamy Sakura+1","Dreamy Sakura","Dreamy Sakura","Deathly Ground","Faramita\u0027s Temptation+1","Steamed Phantom","Phantom Gift+1","Past Graveyard","Wandering Soul","Gather the Spring","Dancing Butterflies","Cerasus Subhirtella","Wandering Soul","Childlike","Sweet of Phantom+1","Unpaved Way+1","Dancing Butterflies+1","Gone+1","Apotheosis","Unborn Light","Unborn Light","Snow","Madness","Madness"],"relics":["Coronal","Yuyuko\u0027s fan","Anchor","War Paint","hubris:MysteriousPyramids","Boot","LetterFromLob","MawBank","construct:ClawGrip","Juzu Bracelet","Replay:Bandana","Blue Kimono (FullMoon)","Art of War","ReplayTheSpireMod:Shallot","DemoMod:MeatBun","FossilizedHelix","DemoMod:ClearGuonStone","Vajra","Hololive_LightStick"],"acts_visited":["Exordium","TheCity","TheBeyond"],"potions_floor_usage":[14,28,33,33,38,38,41,42,50],"damage_taken":[{"damage":27,"enemies":"Small Slimes","floor":1,"turns":3},{"damage":24,"enemies":"Cultist","floor":3,"turns":4},{"damage":32,"enemies":"Jaw Worm","floor":4,"turns":7},{"damage":55,"enemies":"Replay:BlueRogue","floor":7,"turns":10},{"damage":23,"enemies":"Exordium Thugs","floor":10,"turns":6},{"damage":34,"enemies":"3 Sentries","floor":11,"turns":7},{"damage":9,"enemies":"Large Slime","floor":13,"turns":4},{"damage":26,"enemies":"Lagavulin","floor":14,"turns":6},{"damage":32,"enemies":"Slime Boss","floor":16,"turns":9},{"damage":15,"enemies":"Spheric Guardian","floor":19,"turns":4},{"damage":49,"enemies":"2 Thieves","floor":24,"turns":4},{"damage":25,"enemies":"Centurion and Healer","floor":25,"turns":6},{"damage":18,"enemies":"3 Cultists","floor":27,"turns":4},{"damage":8,"enemies":"Snake Plant","floor":28,"turns":6},{"damage":30,"enemies":"Snecko","floor":30,"turns":5},{"damage":54,"enemies":"Champ","floor":33,"turns":10},{"damage":30,"enemies":"3 Darklings","floor":35,"turns":4},{"damage":12,"enemies":"2 Orb Walkers","floor":38,"turns":2},{"damage":25,"enemies":"3 Shapes","floor":39,"turns":4},{"damage":23,"enemies":"Spire Growth","floor":41,"turns":5},{"damage":7,"enemies":"Maw","floor":42,"turns":7},{"damage":47,"enemies":"hubris:GrandSnecko","floor":50,"turns":11}],"seed_played":"-4654381973244717669","potions_obtained":[{"floor":3,"key":"Energy Potion"},{"floor":4,"key":"Block Potion"},{"floor":7,"key":"hexamod:SoulburnPotion"},{"floor":14,"key":"champ:CounterPotion"},{"floor":28,"key":"ZuzhouPotion:ReiMu"},{"floor":33,"key":"SteroidPotion"},{"floor":35,"key":"Swift Potion"},{"floor":39,"key":"Pckles"},{"floor":41,"key":"Pckles"},{"floor":42,"key":"Pckles"}],"is_trial":false,"path_per_floor":["M","?","M","M","$","R","E","R","T","M","E","$","M","E","R","B",null,"M","M","?","$","?","R","M","M","T","M","M","R","M","?","R","B",null,"M","?","$","?","M","R","M","M","T","R","$","T","$","?","R","B",null],"character_chosen":"YUYOKO","items_purchased":["Anchor","Gather the Spring","Dancing Butterflies","Art of War","ReplayTheSpireMod:Shallot","DemoMod:MeatBun","Apotheosis","Vajra","Unborn Light","Snow"],"campfire_rested":7,"item_purchase_floors":[5,12,12,37,37,37,45,45,45,47],"current_hp_per_floor":[27,27,24,31,31,40,28,40,40,34,25,25,36,34,34,29,40,40,29,29,29,29,40,13,30,30,36,34,40,35,35,35,17,40,15,15,29,29,29,40,17,33,33,40,40,40,40,35,40,29],"gold":65,"neow_bonus":"RANDOM_EVENT","is_daily":false,"chose_seed":false,"campfire_upgraded":2,"win_rate":0.0,"timestamp":1612472002,"path_taken":["M","?","M","M","?","R","E","R","T","M","E","$","?","E","R","BOSS","M","M","?","$","?","R","M","M","T","M","M","R","M","?","R","BOSS","M","?","$","?","M","R","M","M","T","R","?","?","$","?","R","BOSS"],"items_purchased_type":["Relic","Card","Card","Relic","Relic","Relic","Card","Relic","Card","Card"],"build_version":"2020-12-22","purchased_purges":1,"victory":true,"max_hp_per_floor":[40,40,40,40,40,40,40,40,40,40,40,40,40,40,40,40,40,40,40,40,40,40,40,40,40,40,40,40,40,40,40,40,40,40,40,40,40,40,40,40,40,40,40,40,40,40,40,40,40,40],"card_choices":[{"not_picked":["Become Phantom","Full Moon"],"picked":"Steamed Phantom","floor":1},{"not_picked":["City of Death","Reverse The Screen"],"picked":"Phantom Gift","floor":3},{"not_picked":["Postpone Bloom","Unstable Ward","Unpaved Way"],"picked":"SKIP","floor":4},{"not_picked":["Bloom","Trap Lamp"],"picked":"Past Graveyard","floor":7},{"not_picked":["Showy Withering","Monster Cherry Tree","Dancing Soul"],"picked":"SKIP","floor":10},{"not_picked":["End of Faramita","Phantom Gift"],"picked":"Wandering Soul","floor":11},{"not_picked":["Open The Fan","Final of Final"],"picked":"Cerasus Subhirtella","floor":13},{"not_picked":["Full Moon","Monster Cherry Tree"],"picked":"Wandering Soul","floor":14},{"not_picked":["Sweet of Phantom","Unborn Light"],"picked":"Childlike","floor":19},{"not_picked":["Cerasus Subhirtella","Trap Lamp","Spear of Papilio"],"picked":"SKIP","floor":24},{"not_picked":["Become Phantom","Spear of Papilio"],"picked":"Sweet of Phantom","floor":25},{"not_picked":["The Forgotten Winter","Dying Butterflies","Showy Withering"],"picked":"SKIP","floor":27},{"not_picked":["Postpone Bloom","Wandering Soul"],"picked":"Bomb","floor":28},{"not_picked":["Bomb","Linger over Flower"],"picked":"Unpaved Way","floor":30},{"not_picked":["Stifle","Final of Final"],"picked":"Dancing Butterflies+1","floor":35},{"not_picked":["Past Graveyard","Infinite Sin+1"],"picked":"Gone+1","floor":38},{"not_picked":["Spear of Papilio+1","Bloom+1","Childlike"],"picked":"SKIP","floor":39},{"not_picked":["Wandering Soul+1","Phantom Gift","Unstable Ward"],"picked":"SKIP","floor":41},{"not_picked":["Unpaved Way+1","Final of Final","Become Phantom"],"picked":"SKIP","floor":42}],"player_experience":330760,"relics_obtained":[{"floor":7,"key":"War Paint"},{"floor":9,"key":"hubris:MysteriousPyramids"},{"floor":11,"key":"Boot"},{"floor":13,"key":"LetterFromLob"},{"floor":14,"key":"MawBank"},{"floor":26,"key":"Replay:Bandana"},{"floor":38,"key":"FossilizedHelix"},{"floor":43,"key":"DemoMod:ClearGuonStone"},{"floor":46,"key":"Hololive_LightStick"}],"event_choices":[{"cards_removed":["Fantasy Butterflies"],"damage_healed":0,"gold_gain":0,"player_choice":"Purged","damage_taken":0,"max_hp_gain":0,"max_hp_loss":0,"event_name":"Purifier","floor":2,"gold_loss":0},{"damage_healed":0,"gold_gain":0,"player_choice":"Obtained Relic","damage_taken":0,"relics_obtained":["Juzu Bracelet"],"max_hp_gain":0,"max_hp_loss":0,"event_name":"Addict","floor":20,"gold_loss":85},{"damage_healed":0,"gold_gain":100,"player_choice":"Pray","damage_taken":0,"max_hp_gain":0,"max_hp_loss":0,"event_name":"Golden Shrine","floor":22,"gold_loss":0},{"damage_healed":0,"gold_gain":0,"player_choice":"Fight","damage_taken":0,"max_hp_gain":0,"max_hp_loss":0,"event_name":"Mysterious Sphere","floor":38,"gold_loss":0},{"damage_healed":0,"gold_gain":0,"player_choice":"Embrace Madness","damage_taken":5,"max_hp_gain":0,"max_hp_loss":0,"event_name":"Winding Halls","floor":48,"gold_loss":0,"cards_obtained":["Madness","Madness"]}],"is_beta":false,"boss_relics":[{"not_picked":["Hololive_TopUpMoneyS","hubris:GrandSneckoEye"],"picked":"construct:ClawGrip"},{"not_picked":["SacredBark","Ring of Chaos"],"picked":"Blue Kimono"}],"items_purged_floors":[37],"is_endless":false,"potions_floor_spawned":[3,4,7,10,14,28,33,35,39],"ascension_level":0}}