{"host":"ox77rn1xcurm2t5a","time":1612477928,"event":{"mods":["2.2 Compatiblity","AchievementEnabler","Act Like it!","Aspiration","BaseMod","Best Route Mod","Better Match","Better Note","Better Sensory Stone","Block Reminder","Colored Map","Colored Powertips","Conjunction","Conspire","Custom Start","Energized Spire","GifTheSpireLib","Gold Saver","Gremlin Skip","Halation","Highlight Path","Hubris","Infinite Spire","Minty Spire (QoL Compilation)","Pale of the Ancients","Quick Restart","Replay The Spire","Reworked Bosses","ShortenTheSpire","Spire Exporter","StSLib","Stuff the Spire","Wandering Minibosses"],"gold_per_floor":[160,172,21,21,36,36,36,61,87,114,99,99,3719,3719,3719,3790,3790,3806,3822,3291,3291,3266,3266],"floor_reached":22,"language":"ENG","playtime":1336,"items_purged":["Strike_B","Strike_B"],"score":336,"play_id":"fa63aff3-39cd-47d0-a409-3713590072e7","local_time":"20210205003208","is_ascension_mode":true,"campfire_choices":[{"floor":6.0,"key":"RECALL"},{"data":"Zap","floor":12.0,"key":"SMITH"},{"data":"Lockon","floor":15.0,"key":"SMITH"}],"circlet_count":0,"master_deck":["AscendersBane","Strike_B+1","Strike_B+1","Defend_B+1","Defend_B+1","Defend_B+1","Defend_B+1","Zap+1","Dualcast","Ball Lightning","Gash","Gash","Capacitor+1","Ball Lightning","Lockon+1","Injury","Beam Cell+1","Creative AI+1"],"relics":["aspiration:EnhancedActuators","conspire:TopHat","Replay:Bottled Steam","PreservedInsect","Frozen Egg 2","conspire:SpecialSausage","ReplayTheSpireMod:Lightbulb"],"acts_visited":["Exordium","TheCity"],"potions_floor_usage":[22,22],"damage_taken":[{"damage":1.0,"enemies":"Cultist","floor":1.0,"turns":4.0},{"damage":0.0,"enemies":"2 Louse","floor":2.0,"turns":3.0},{"damage":0.0,"enemies":"Small Slimes","floor":5.0,"turns":2.0},{"damage":16.0,"enemies":"Gremlin Nob","floor":8.0,"turns":3.0},{"damage":10.0,"enemies":"3 Sentries","floor":10.0,"turns":4.0},{"damage":0.0,"enemies":"Looter","floor":11.0,"turns":5.0},{"damage":28.0,"enemies":"Hexaghost","floor":16.0,"turns":6.0},{"damage":15.0,"enemies":"conspire:FuzzyDice","floor":18.0,"turns":6.0},{"damage":30.0,"enemies":"Shell Parasite","floor":19.0,"turns":5.0},{"damage":16,"enemies":"Sentry and Sphere","floor":22,"turns":3}],"seed_played":"1775836883776501002","potions_obtained":[{"floor":5.0,"key":"SteroidPotion"},{"floor":8.0,"key":"DuplicationPotion"},{"floor":10.0,"key":"SkillPotion"}],"is_trial":false,"path_per_floor":["M","M","$","?","M","R","$","E","T","E","M","R","$","?","R","B",null,"M","M","$","?","M"],"character_chosen":"DEFECT","items_purchased":["Gash","Capacitor+1","Energy Potion","FocusPotion","PreservedInsect","Conjunction:LightningMarble","Creative AI+1","ReplayTheSpireMod:Lightbulb","Fire Potion","Energy Potion"],"campfire_rested":0,"item_purchase_floors":[3,3,3,13,13,13,20,20,20,20],"current_hp_per_floor":[63,63,63,67,67,67,67,51,51,41,41,41,41,41,41,13,57,42,12,12,12,0,0],"gold":3266,"neow_bonus":"RANDOM_COMMON_RELIC","is_daily":false,"chose_seed":false,"campfire_upgraded":2,"win_rate":0.0,"timestamp":1612477928,"path_taken":["M","M","$","?","M","R","?","E","T","E","M","R","$","?","R","BOSS","M","M","$","?","M"],"items_purchased_type":["Card","Card","Potion","Potion","Relic","Potion","Card","Relic","Potion","Potion"],"build_version":"2020-12-22","purchased_purges":2,"victory":false,"max_hp_per_floor":[71,71,71,71,71,71,71,71,71,71,71,71,71,71,71,71,71,71,71,71,71,71,71],"card_choices":[{"not_picked":["Panic Button","Streamline"],"picked":"Ball Lightning","floor":1.0},{"not_picked":["Force Field","BootSequence"],"picked":"Gash","floor":2.0},{"not_picked":["Streamline","Auto Shields"],"picked":"Ball Lightning","floor":5.0},{"not_picked":["StuffTheSpire:ForEach","Conserve Battery"],"picked":"Lockon","floor":8.0},{"not_picked":["Coolheaded","Hologram","StuffTheSpire:ForEach"],"picked":"SKIP","floor":10.0},{"not_picked":["Recycle","Cold Snap","Conserve Battery"],"picked":"SKIP","floor":11.0},{"not_picked":["Compile Driver","Beam Cell","Cold Snap+1"],"picked":"SKIP","floor":18.0},{"not_picked":["ReplayTheSpireMod:Omega Cannon","Barrage"],"picked":"Beam Cell+1","floor":19.0}],"player_experience":3014554,"relics_obtained":[{"floor":8.0,"key":"conspire:TopHat"},{"floor":10.0,"key":"Replay:Bottled Steam"}],"event_choices":[{"damage_healed":0.0,"max_hp_gain":0.0,"max_hp_loss":0.0,"gold_gain":0.0,"event_name":"Back to Basics","player_choice":"Simplicity","floor":21.0,"gold_loss":0.0,"damage_taken":0.0,"cards_upgraded":["Strike_B","Strike_B","Defend_B","Defend_B","Defend_B","Defend_B"]}],"is_beta":false,"boss_relics":[{"not_picked":["ReplayTheSpireMod:SealedPack","energizedSpire:DeadBattery"],"picked":"conspire:SpecialSausage"}],"items_purged_floors":[13,20],"is_endless":false,"potions_floor_spawned":[5,8,10],"killed_by":"Sentry and Sphere","ascension_level":15}}