{"host":"hk3n60c9tb8azi3z","time":1612475871,"event":{"mods":["AchievementEnabler","BaseMod","Minty Spire (QoL Compilation)","Relic Sorter","Relic Stats"],"gold_per_floor":[118,118,132,132,155,155,196,215,267,267,298,298,313,313,313,408,408,432,452,452,452],"floor_reached":20,"language":"ENG","playtime":1173,"items_purged":[],"score":368,"play_id":"fcad2187-fd61-4e89-9603-efb09f224bbb","local_time":"20210204225751","is_ascension_mode":true,"campfire_choices":[{"data":"Eruption","floor":6.0,"key":"SMITH"},{"floor":10,"key":"REST"},{"floor":12,"key":"REST"},{"floor":15,"key":"REST"}],"circlet_count":0,"master_deck":["AscendersBane","Strike_P","Strike_P","Strike_P","Strike_P","Defend_P","Defend_P+1","Defend_P","Defend_P","Eruption+1","Vigilance","Wallop","CutThroughFate","EmptyFist","CutThroughFate+1","ThirdEye+1","Meditate","Adaptation","Wireheading","LessonLearned+1","SashWhip+1"],"relics":["HolyWater","Golden Idol","Pantograph","Oddly Smooth Stone","Lantern"],"acts_visited":["Exordium","TheCity"],"potions_floor_usage":[8,11,16,16],"damage_taken":[{"damage":0.0,"enemies":"2 Louse","floor":1.0,"turns":2.0},{"damage":7.0,"enemies":"Small Slimes","floor":3.0,"turns":4.0},{"damage":0.0,"enemies":"Jaw Worm","floor":5.0,"turns":3.0},{"damage":51,"enemies":"Gremlin Nob","floor":7,"turns":6},{"damage":3,"enemies":"Looter","floor":8,"turns":3},{"damage":8,"enemies":"Lagavulin","floor":11,"turns":5},{"damage":0,"enemies":"Red Slaver","floor":13,"turns":3},{"damage":19,"enemies":"The Guardian","floor":16,"turns":14},{"damage":0,"enemies":"Spheric Guardian","floor":18,"turns":1},{"damage":25,"enemies":"2 Thieves","floor":19,"turns":3},{"damage":38,"enemies":"Sentry and Sphere","floor":20,"turns":4}],"seed_played":"598240290463887318","potions_obtained":[{"floor":1.0,"key":"Regen Potion"},{"floor":7,"key":"BottledMiracle"},{"floor":11,"key":"Block Potion"},{"floor":13,"key":"Weak Potion"}],"is_trial":false,"path_per_floor":["M","?","M","?","M","R","E","M","T","R","E","R","M","?","R","B",null,"M","M","M"],"character_chosen":"WATCHER","items_purchased":[],"campfire_rested":3,"item_purchase_floors":[],"current_hp_per_floor":[61,61,54,54,54,54,3,9,9,27,19,37,37,18,36,42,57,57,32,0,0],"gold":452,"neow_bonus":"THREE_CARDS","is_daily":false,"chose_seed":false,"campfire_upgraded":1,"win_rate":0.0,"timestamp":1612475871,"path_taken":["M","?","M","?","M","R","E","M","T","R","E","R","?","?","R","BOSS","M","M","M"],"items_purchased_type":[],"build_version":"2020-12-22","purchased_purges":0,"victory":false,"max_hp_per_floor":[68,68,68,62,62,62,62,62,62,62,62,62,62,62,62,62,62,62,62,62,62],"relic_stats":{"counters":[11,48],"Golden Idol":54,"Pantograph":25,"obtain_stats":[{"Lantern":11,"Golden Idol":4,"Pantograph":7,"Oddly Smooth Stone":9,"HolyWater":17,"PureWater":0},{"Lantern":6,"Golden Idol":2,"Pantograph":4,"Oddly Smooth Stone":5,"HolyWater":8,"PureWater":0},{"Lantern":23,"Golden Idol":6,"Pantograph":15,"Oddly Smooth Stone":18,"HolyWater":40,"PureWater":0}]},"card_choices":[{"not_picked":["FollowUp","WheelKick"],"picked":"Wallop","floor":0.0},{"not_picked":["SandsOfTime","Crescendo"],"picked":"CutThroughFate","floor":1.0},{"not_picked":["PathToVictory","Prostrate"],"picked":"EmptyFist","floor":3.0},{"not_picked":["ForeignInfluence","Crescendo"],"picked":"CutThroughFate","floor":5.0},{"not_picked":["Brilliance","Nirvana"],"picked":"ThirdEye","floor":7},{"not_picked":["FlyingSleeves","InnerPeace"],"picked":"Meditate","floor":8},{"not_picked":["Devotion","BattleHymn"],"picked":"Adaptation","floor":11},{"not_picked":["InnerPeace","FollowUp"],"picked":"Wireheading","floor":13},{"not_picked":["Brilliance","Devotion"],"picked":"LessonLearned","floor":16},{"not_picked":["Meditate","FollowUp"],"picked":"SashWhip+1","floor":18},{"not_picked":["ReachHeaven","Collect","JustLucky"],"picked":"SKIP","floor":19}],"player_experience":1656112,"relics_obtained":[{"floor":7,"key":"Pantograph"},{"floor":9,"key":"Oddly Smooth Stone"},{"floor":11,"key":"Lantern"}],"event_choices":[{"damage_healed":0.0,"max_hp_gain":0.0,"max_hp_loss":0.0,"gold_gain":0.0,"event_name":"Liars Game","player_choice":"Ignored","floor":2.0,"gold_loss":0.0,"damage_taken":0.0},{"damage_healed":0.0,"max_hp_gain":0.0,"max_hp_loss":6.0,"gold_gain":0.0,"event_name":"Golden Idol","player_choice":"Lose Max HP","floor":4.0,"gold_loss":0.0,"damage_taken":0.0,"relics_obtained":["Golden Idol"]},{"damage_healed":0,"gold_gain":0,"player_choice":"Entered Light","damage_taken":19,"max_hp_gain":0,"max_hp_loss":0,"event_name":"Shining Light","floor":14,"gold_loss":0,"cards_upgraded":["ThirdEye","CutThroughFate"]}],"is_beta":false,"boss_relics":[{"not_picked":["Velvet Choker","Tiny House"],"picked":"HolyWater"}],"items_purged_floors":[],"is_endless":false,"potions_floor_spawned":[1,7,11,13],"killed_by":"Sentry and Sphere","ascension_level":20}}