{"host":"i9wanet4r0ff4t9y","time":1612426682,"event":{"mods":["2.2 Compatiblity","Act Like it!","BaseMod","Bestiary","Better Altar","Better Match","Better Note","Better Sensory Stone","Better Skull","Better Third Choice","Better Vampires","BetterRewards","CapriCore","Colored Map","Curses Come First","Downfall","Hubris","Minty Spire (QoL Compilation)","Quick Restart","READ ME - Guardian Mod","READ ME - Snecko Mod","Relic Stats","Reliquary","Say the Spire","Spicy Shops","StSLib","The Gatherer","Waifu the Spire"],"gold_per_floor":[119,119,119,140,140,140,175,175,175,175,198,225,250,20,20,144,144,169,169,183,183,199,230,254,269,269,282,307,342,342,50,50,181,181,197,273,288,312,375,375,393,426,426,450,465,465,46,65,65,65],"floor_reached":51,"language":"POL","playtime":1866,"items_purged":[],"score":809,"play_id":"af0d8b98-37e1-4b80-8fac-d340c9e40474","local_time":"20210204091802","is_ascension_mode":false,"campfire_choices":[{"floor":6,"key":"REST"},{"floor":8,"key":"REST"},{"data":"Zap","floor":10,"key":"SMITH"},{"data":"Echo Form","floor":15,"key":"SMITH"},{"data":"Echo Form","floor":32,"key":"SMITH"},{"floor":40,"key":"REST"},{"floor":46,"key":"REST"},{"floor":49,"key":"REST"}],"circlet_count":0,"master_deck":["Strike_B","Strike_B","Strike_B","Strike_B","Defend_B","Defend_B","Defend_B","Defend_B","Zap+1","Dualcast","Melter","Scrape","Hologram","Cold Snap","Self Repair","Cold Snap","Echo Form+1","Conserve Battery","Defragment","Echo Form+1","Ball Lightning+1","Consume","Gatherer:Overflowing","Static Discharge","Capacitor","Clumsy","Barrage","Writhe","Ball Lightning","Tempest+1","Steam","Buffer","BootSequence+1","downfall:Bewildered","Glacier","Sweeping Beam+1","Ball Lightning+1","Turbo+1","Fusion+1","downfall:Bewildered","Defragment","Capacitor+1","White Noise","Fusion","Ball Lightning","Capacitor"],"relics":["Cracked Core","hubris:EmptyBottle","Ornamental Fan","Bronze Scales","Matryoshka","Golden Idol","MealTicket","Anchor","Odd Mushroom","reliquary:RoseTintedGlasses","Sundial","Tiny Chest","Blood Vial","Toolbox","Cursed Key","hubris:Metronome","reliquary:TuningFork","reliquary:PurpleTingedLeaf","Regal Pillow","reliquary:FerryPass","Lee\u0027s Waffle","ClockworkSouvenir","hubris:Stopwatch","White Beast Statue","hubris:BundleOfHerbs","reliquary:Aerogel","Strawberry","Runic Capacitor","Orichalcum"],"acts_visited":["Exordium","TheCity","TheBeyond"],"potions_floor_usage":[16,16,20,20,23,23,28,29,33,33,33,33,42,42,50,50,50,50],"damage_taken":[{"damage":1,"enemies":"Cultist","floor":1,"turns":3},{"damage":2,"enemies":"Jaw Worm","floor":4,"turns":3},{"damage":19,"enemies":"The Mushroom Lair","floor":7,"turns":5},{"damage":2,"enemies":"Small Slimes","floor":11,"turns":3},{"damage":2,"enemies":"3 Louse","floor":13,"turns":4},{"damage":35,"enemies":"The Guardian","floor":16,"turns":9},{"damage":5,"enemies":"Shell Parasite","floor":18,"turns":6},{"damage":17,"enemies":"3 Byrds","floor":20,"turns":3},{"damage":6,"enemies":"Snecko","floor":22,"turns":7},{"damage":10,"enemies":"Gremlin Leader","floor":23,"turns":5},{"damage":9,"enemies":"Snake Plant","floor":25,"turns":4},{"damage":11,"enemies":"Cultist and Chosen","floor":27,"turns":4},{"damage":0,"enemies":"Chosen and Byrds","floor":28,"turns":4},{"damage":33,"enemies":"Book of Stabbing","floor":29,"turns":4},{"damage":34,"enemies":"Collector","floor":33,"turns":9},{"damage":5,"enemies":"3 Shapes","floor":35,"turns":5},{"damage":39,"enemies":"3 Darklings","floor":37,"turns":4},{"damage":0,"enemies":"Sphere and 2 Shapes","floor":38,"turns":4},{"damage":19,"enemies":"Mind Bloom Boss Battle","floor":39,"turns":8},{"damage":18,"enemies":"4 Shapes","floor":41,"turns":4},{"damage":60,"enemies":"Giant Head","floor":42,"turns":9},{"damage":18,"enemies":"Spire Growth","floor":44,"turns":5},{"damage":11,"enemies":"Maw","floor":45,"turns":9},{"damage":27,"enemies":"Transient","floor":48,"turns":5},{"damage":72,"enemies":"Time Eater","floor":50,"turns":10}],"seed_played":"-3197393746712464254","potions_obtained":[{"floor":4,"key":"Dexterity Potion"},{"floor":7,"key":"PowerPotion"},{"floor":18,"key":"SkillPotion"},{"floor":22,"key":"DistilledChaos"},{"floor":23,"key":"DistilledChaos"},{"floor":28,"key":"hexamod:SoulburnPotion"},{"floor":29,"key":"PowerPotion"},{"floor":33,"key":"GamblersBrew"},{"floor":37,"key":"Regen Potion"},{"floor":38,"key":"FairyPotion"},{"floor":42,"key":"LiquidBronze"}],"is_trial":false,"path_per_floor":["M","?","?","M","?","R","?","R","T","R","M","T","M","$","R","B",null,"M","?","M","?","M","E","T","M","T","M","M","E","?","$","R","B",null,"M","T","M","M","?","R","M","E","T","M","M","R","$","M","R","B",null],"character_chosen":"DEFECT","items_purchased":["hubris:EmptyBottle","Ornamental Fan","Bronze Scales","Matryoshka","Melter","Scrape","Hologram","Toolbox","Defragment","Lee\u0027s Waffle","ClockworkSouvenir","Runic Capacitor","Orichalcum","White Noise","Fusion","Ball Lightning"],"campfire_rested":5,"item_purchase_floors":[0,0,0,0,0,0,0,14,14,31,31,47,47,47,47,47],"current_hp_per_floor":[39,39,39,37,25,47,35,57,57,57,55,55,62,75,75,47,75,75,75,65,65,68,74,74,66,66,58,75,57,57,82,82,49,82,77,77,41,43,34,73,57,47,54,53,52,89,89,62,89,17],"gold":65,"neow_bonus":"","is_daily":false,"chose_seed":false,"campfire_upgraded":3,"win_rate":0.0,"timestamp":1612426682,"path_taken":["M","?","?","M","?","R","?","R","T","R","M","?","M","$","R","BOSS","M","?","M","?","?","E","?","?","T","M","M","E","?","?","R","BOSS","M","?","M","M","?","R","M","E","T","M","M","R","$","M","R","BOSS"],"items_purchased_type":["Relic","Relic","Relic","Relic","Card","Card","Card","Relic","Card","Relic","Relic","Relic","Relic","Card","Card","Card"],"build_version":"2020-12-22","purchased_purges":0,"victory":true,"max_hp_per_floor":[75,75,75,75,75,75,75,75,75,75,75,75,75,75,75,75,75,75,75,75,75,75,75,75,75,75,75,75,75,75,82,82,82,82,82,82,82,82,82,82,82,82,89,89,89,89,89,89,89,89],"relic_stats":{"Regal Pillow":27,"Lee\u0027s Waffle":10,"counters":[284,1093],"Golden Idol":179,"Orichalcum":[36],"Cursed Key":4,"Blood Vial":25,"Ornamental Fan":[112],"Sundial":[8],"Bronze Scales":[422],"MealTicket":28,"Tiny Chest":2,"obtain_stats":[{"TwistedFunnel":0,"Replay:Accelerometer":42,"reliquary:Conveyor":38,"Spirit Poop":5,"Whetstone":24,"Sling":0,"Boot":23,"Old Coin":2,"reliquary:FerryPass":30,"Replay:Wanted Poster":17,"Blood Vial":12,"Sundial":43,"Replay:Bronze Core":17,"MealTicket":7,"Fusion Hammer":34,"Replay:Bottled Flurry":27,"HandDrill":30,"Pear":44,"ReplayTheSpireMod:Ring of Addiction":46,"Counterbalance":47,"Pen Nib":37,"Akabeko":13,"Cables":40,"reliquary:Bookmark":0,"Ring of the Serpent":17,"Lantern":14,"Regal Pillow":0,"hubris:Metronome":23,"Singing Bowl":9,"reliquary:Aerogel":42,"Painkiller Herb":34,"StoneCalendar":53,"Blue Doll":25,"Bag of Preparation":6,"Replay:Multitool":27,"hubris:EmptyBottle":0,"Ancient Tea Set":25,"Cursed Key":34,"Smiling Mask":45,"Pet Ghost":9,"BranchBurnRelic":15,"Ring of Fangs":46,"Matryoshka":27,"WristBlade":17,"Ninja Scroll":21,"Toolbox":3,"WingedGreaves":23,"Chemical X":37,"Ring of Panic":5,"InkBottle":44,"Ring of the Snake":0,"Lee\u0027s Waffle":0,"NeowsBlessing":0,"Golden Idol":2,"Circlet":0,"Thread and Needle":26,"betterThird:NestCultRelic":21,"The Courier":45,"PreservedInsect":0,"Omamori":9,"Ring of Greed":2,"Frozen Egg 2":26,"hubris:Towel":2,"MawBank":2,"Nuclear Battery":17,"reliquary:KinkedSpring":17,"sneckomod:BabySnecko":31,"Ornamental Fan":36,"hubris:Spice":28,"betterThird:SlimedRelic":2,"Bloody Idol":25,"Turnip":7,"Art of War":26,"Garlic":29,"ReplayTheSpireMod:Onyx Gauntlets":17,"hexamod:BolsterEngine":9,"Toy Ornithopter":46,"Ice Cream":0,"Divine Protection":9,"reliquary:FeatherDuster":25,"Tiny House":34,"Calipers":47,"Gremlin Horn":6,"reliquary:PartyBalloon":34,"CeramicFish":8,"Vajra":22,"Runic Capacitor":47,"reliquary:QuartzCube":12,"Centennial Puzzle":43,"Lizard Tail":47,"Replay:Frozen Program":0,"Strawberry":37,"Honey Jar":34,"Philosopher\u0027s Stone":17,"Prayer Wheel":0,"Toxic Egg 2":26,"Happy Flower":43,"ReplayTheSpireMod:CursedCoin":24,"reliquary:Sideboard":26,"Dead Branch":0,"Replay:Grab Bag":17,"Oddly Smooth Stone":20,"Ring of Chaos":34,"Replay:Kaleidoscope":0,"War Paint":26,"WarpedTongs":29,"reliquary:JackalopeAntler":10,"hubris:Zylophone":13,"Replay:Baseball":11,"Bottled Flame":30,"reliquary:PorcupineQuills":0,"ReplayTheSpireMod:Shallot":11,"Shuriken":9,"Bronze Scales":48,"Onion Ring":40,"Simple Rune":24,"Molten Egg 2":0,"hubris:PeanutButter":43,"Black Star":17,"ReplayTheSpireMod:TigerMarble":0,"reliquary:Knoch":10,"Symbiotic Virus":38,"Pocketwatch":44,"Darkstone Periapt":0,"Replay:PocketPolymizer":17,"reliquary:Boomerang":41,"SacredBark":46,"Mango":10,"Snake Skull":25,"Juzu Bracelet":0,"Incense Burner":28,"Empty Cage":0,"ClockworkSouvenir":25,"Nunchaku":9,"Replay:Bandana":43,"Tough Bandages":0,"Dream Catcher":8,"Emotion Chip":41,"Chameleon Ring":0,"hubris:Icosahedron":36,"Mummified Hand":37,"Pantograph":37,"Gambling Chip":36,"hubris:Stopwatch":34,"Tiny Chest":0,"reliquary:RoseTintedGlasses":9,"Red Mask":19,"Replay:Antivirus Software":26,"Cracked Core":0,"Gremlin Food":30,"BargainBundle":53,"ReplayTheSpireMod:Ninjato":7,"reliquary:LoveEmittingDiode":0,"Guide Book":37,"Quantum Egg":30,"hexamod:Sixitude":37,"Replay:WaspNest":37,"Orichalcum":5,"Odd Mushroom":10,"Medical Kit":47,"White Beast Statue":36,"Mercury Hourglass":23,"Calling Bell":17,"Peace Pipe":36,"Anchor":23,"CaptainsWheel":37,"Pondfish Scales":54,"DataDisk":38,"reliquary:Craggleroot":34,"hubris:BundleOfHerbs":39,"Bag of Marbles":44,"reliquary:TuningFork":24,"Membership Card":0,"reliquary:PurpleTingedLeaf":0,"ReplayTheSpireMod:ShopPack":0},{"TwistedFunnel":76,"Replay:Accelerometer":122,"reliquary:Conveyor":232,"Spirit Poop":172,"Whetstone":61,"Sling":26,"Boot":113,"Old Coin":171,"reliquary:FerryPass":273,"Replay:Wanted Poster":84,"Blood Vial":263,"Sundial":70,"Replay:Bronze Core":34,"MealTicket":53,"Fusion Hammer":186,"Replay:Bottled Flurry":39,"HandDrill":41,"Pear":71,"ReplayTheSpireMod:Ring of Addiction":48,"Counterbalance":150,"Pen Nib":66,"Akabeko":7,"Cables":190,"reliquary:Bookmark":192,"Ring of the Serpent":132,"Lantern":199,"Regal Pillow":214,"hubris:Metronome":269,"Singing Bowl":128,"reliquary:Aerogel":280,"Painkiller Herb":140,"StoneCalendar":152,"Blue Doll":166,"Bag of Preparation":3,"Replay:Multitool":39,"hubris:EmptyBottle":259,"Ancient Tea Set":15,"Cursed Key":18,"Smiling Mask":97,"Pet Ghost":105,"BranchBurnRelic":33,"Ring of Fangs":48,"Matryoshka":89,"WristBlade":58,"Ninja Scroll":59,"Toolbox":171,"WingedGreaves":204,"Chemical X":66,"Ring of Panic":104,"InkBottle":71,"Ring of the Snake":0,"Lee\u0027s Waffle":49,"NeowsBlessing":0,"Golden Idol":260,"Circlet":0,"Thread and Needle":37,"betterThird:NestCultRelic":36,"The Courier":48,"PreservedInsect":154,"Omamori":4,"Ring of Greed":171,"Frozen Egg 2":88,"hubris:Towel":240,"MawBank":1,"Nuclear Battery":200,"reliquary:KinkedSpring":245,"sneckomod:BabySnecko":229,"Ornamental Fan":93,"hubris:Spice":251,"betterThird:SlimedRelic":102,"Bloody Idol":249,"Turnip":128,"Art of War":15,"Garlic":137,"ReplayTheSpireMod:Onyx Gauntlets":58,"hexamod:BolsterEngine":220,"Toy Ornithopter":48,"Ice Cream":192,"Divine Protection":159,"reliquary:FeatherDuster":205,"Tiny House":43,"Calipers":257,"Gremlin Horn":158,"reliquary:PartyBalloon":254,"CeramicFish":80,"Vajra":12,"Runic Capacitor":282,"reliquary:QuartzCube":221,"Centennial Puzzle":22,"Lizard Tail":24,"Replay:Frozen Program":170,"Strawberry":45,"Honey Jar":117,"Philosopher\u0027s Stone":9,"Prayer Wheel":49,"Toxic Egg 2":113,"Happy Flower":122,"ReplayTheSpireMod:CursedCoin":113,"reliquary:Sideboard":205,"Dead Branch":26,"Replay:Grab Bag":58,"Oddly Smooth Stone":110,"Ring of Chaos":92,"Replay:Kaleidoscope":26,"War Paint":135,"WarpedTongs":62,"reliquary:JackalopeAntler":197,"hubris:Zylophone":244,"Replay:Baseball":31,"Bottled Flame":90,"reliquary:PorcupineQuills":192,"ReplayTheSpireMod:Shallot":31,"Shuriken":80,"Bronze Scales":191,"Onion Ring":69,"Simple Rune":165,"Molten Egg 2":239,"hubris:PeanutButter":257,"Black Star":58,"ReplayTheSpireMod:TigerMarble":101,"reliquary:Knoch":197,"Symbiotic Virus":256,"Pocketwatch":23,"Darkstone Periapt":49,"Replay:PocketPolymizer":162,"reliquary:Boomerang":212,"SacredBark":48,"Mango":220,"Snake Skull":37,"Juzu Bracelet":26,"Incense Burner":40,"Empty Cage":214,"ClockworkSouvenir":37,"Nunchaku":30,"Replay:Bandana":97,"Tough Bandages":126,"Dream Catcher":159,"Emotion Chip":257,"Chameleon Ring":76,"hubris:Icosahedron":255,"Mummified Hand":66,"Pantograph":66,"Gambling Chip":119,"hubris:Stopwatch":274,"Tiny Chest":76,"reliquary:RoseTintedGlasses":262,"Red Mask":11,"Replay:Antivirus Software":182,"Cracked Core":0,"Gremlin Food":41,"BargainBundle":75,"ReplayTheSpireMod:Ninjato":80,"reliquary:LoveEmittingDiode":214,"Guide Book":45,"Quantum Egg":63,"hexamod:Sixitude":210,"Replay:WaspNest":119,"Orichalcum":28,"Odd Mushroom":31,"Medical Kit":150,"White Beast Statue":275,"Mercury Hourglass":181,"Calling Bell":162,"Peace Pipe":209,"Anchor":13,"CaptainsWheel":20,"Pondfish Scales":76,"DataDisk":256,"reliquary:Craggleroot":230,"hubris:BundleOfHerbs":278,"Bag of Marbles":148,"reliquary:TuningFork":269,"Membership Card":26,"reliquary:PurpleTingedLeaf":239,"ReplayTheSpireMod:ShopPack":101},{"TwistedFunnel":283,"Replay:Accelerometer":422,"reliquary:Conveyor":854,"Spirit Poop":625,"Whetstone":237,"Sling":101,"Boot":394,"Old Coin":621,"reliquary:FerryPass":1021,"Replay:Wanted Poster":313,"Blood Vial":971,"Sundial":265,"Replay:Bronze Core":127,"MealTicket":209,"Fusion Hammer":676,"Replay:Bottled Flurry":144,"HandDrill":153,"Pear":268,"ReplayTheSpireMod:Ring of Addiction":186,"Counterbalance":534,"Pen Nib":253,"Akabeko":19,"Cables":695,"reliquary:Bookmark":711,"Ring of the Serpent":465,"Lantern":731,"Regal Pillow":792,"hubris:Metronome":1005,"Singing Bowl":446,"reliquary:Aerogel":1064,"Painkiller Herb":500,"StoneCalendar":544,"Blue Doll":600,"Bag of Preparation":3,"Replay:Multitool":144,"hubris:EmptyBottle":957,"Ancient Tea Set":54,"Cursed Key":66,"Smiling Mask":346,"Pet Ghost":367,"BranchBurnRelic":118,"Ring of Fangs":186,"Matryoshka":324,"WristBlade":230,"Ninja Scroll":232,"Toolbox":621,"WingedGreaves":754,"Chemical X":253,"Ring of Panic":365,"InkBottle":268,"Ring of the Snake":0,"Lee\u0027s Waffle":194,"NeowsBlessing":0,"Golden Idol":960,"Circlet":0,"Thread and Needle":137,"betterThird:NestCultRelic":133,"The Courier":186,"PreservedInsect":556,"Omamori":7,"Ring of Greed":621,"Frozen Egg 2":320,"hubris:Towel":883,"MawBank":1,"Nuclear Battery":738,"reliquary:KinkedSpring":903,"sneckomod:BabySnecko":839,"Ornamental Fan":335,"hubris:Spice":920,"betterThird:SlimedRelic":361,"Bloody Idol":915,"Turnip":446,"Art of War":54,"Garlic":486,"ReplayTheSpireMod:Onyx Gauntlets":230,"hexamod:BolsterEngine":809,"Toy Ornithopter":186,"Ice Cream":711,"Divine Protection":573,"reliquary:FeatherDuster":758,"Tiny House":164,"Calipers":948,"Gremlin Horn":570,"reliquary:PartyBalloon":938,"CeramicFish":298,"Vajra":42,"Runic Capacitor":1078,"reliquary:QuartzCube":813,"Centennial Puzzle":78,"Lizard Tail":88,"Replay:Frozen Program":616,"Strawberry":173,"Honey Jar":408,"Philosopher\u0027s Stone":30,"Prayer Wheel":194,"Toxic Egg 2":394,"Happy Flower":422,"ReplayTheSpireMod:CursedCoin":394,"reliquary:Sideboard":758,"Dead Branch":101,"Replay:Grab Bag":230,"Oddly Smooth Stone":381,"Ring of Chaos":332,"Replay:Kaleidoscope":101,"War Paint":477,"WarpedTongs":240,"reliquary:JackalopeAntler":725,"hubris:Zylophone":895,"Replay:Baseball":114,"Bottled Flame":326,"reliquary:PorcupineQuills":711,"ReplayTheSpireMod:Shallot":114,"Shuriken":298,"Bronze Scales":701,"Onion Ring":262,"Simple Rune":598,"Molten Egg 2":880,"hubris:PeanutButter":948,"Black Star":230,"ReplayTheSpireMod:TigerMarble":360,"reliquary:Knoch":725,"Symbiotic Virus":944,"Pocketwatch":83,"Darkstone Periapt":194,"Replay:PocketPolymizer":589,"reliquary:Boomerang":786,"SacredBark":186,"Mango":809,"Snake Skull":137,"Juzu Bracelet":101,"Incense Burner":148,"Empty Cage":792,"ClockworkSouvenir":137,"Nunchaku":111,"Replay:Bandana":346,"Tough Bandages":437,"Dream Catcher":573,"Emotion Chip":948,"Chameleon Ring":283,"hubris:Icosahedron":941,"Mummified Hand":253,"Pantograph":253,"Gambling Chip":415,"hubris:Stopwatch":1030,"Tiny Chest":283,"reliquary:RoseTintedGlasses":968,"Red Mask":38,"Replay:Antivirus Software":660,"Cracked Core":0,"Gremlin Food":153,"BargainBundle":280,"ReplayTheSpireMod:Ninjato":298,"reliquary:LoveEmittingDiode":792,"Guide Book":173,"Quantum Egg":243,"hexamod:Sixitude":781,"Replay:WaspNest":415,"Orichalcum":106,"Odd Mushroom":114,"Medical Kit":534,"White Beast Statue":1035,"Mercury Hourglass":657,"Calling Bell":589,"Peace Pipe":778,"Anchor":46,"CaptainsWheel":72,"Pondfish Scales":283,"DataDisk":944,"reliquary:Craggleroot":847,"hubris:BundleOfHerbs":1051,"Bag of Marbles":526,"reliquary:TuningFork":1005,"Membership Card":101,"reliquary:PurpleTingedLeaf":880,"ReplayTheSpireMod:ShopPack":360}]},"card_choices":[{"not_picked":["Conserve Battery","Rip and Tear"],"picked":"Cold Snap","floor":1},{"not_picked":["Steam","Heatsinks"],"picked":"Self Repair","floor":4},{"not_picked":["Stack","Rebound"],"picked":"Cold Snap","floor":7},{"not_picked":["Doom and Gloom","Conserve Battery"],"picked":"Echo Form","floor":11},{"not_picked":["Rebound","Barrage"],"picked":"Conserve Battery","floor":13},{"not_picked":["Core Surge","Rainbow"],"picked":"Echo Form","floor":16},{"not_picked":["Coolheaded","Go for the Eyes"],"picked":"Ball Lightning+1","floor":18},{"not_picked":["Compile Driver+1","Barrage"],"picked":"Consume","floor":20},{"not_picked":["Leap","FTL"],"picked":"Static Discharge","floor":22},{"not_picked":["Turbo","Barrage+1"],"picked":"Capacitor","floor":23},{"not_picked":["Sweeping Beam","Gash"],"picked":"Barrage","floor":25},{"not_picked":["Gash","Turbo"],"picked":"Ball Lightning","floor":27},{"not_picked":["Scrape","Redo+1"],"picked":"Tempest+1","floor":28},{"not_picked":["Redo+1","Cold Snap"],"picked":"Steam","floor":29},{"not_picked":["hubris:DoWhile","hubris:Prefetch"],"picked":"Buffer","floor":33},{"not_picked":["FTL+1","Turbo"],"picked":"BootSequence+1","floor":35},{"not_picked":["Go for the Eyes","Compile Driver+1"],"picked":"Glacier","floor":37},{"not_picked":["Fusion","Reprogram"],"picked":"Sweeping Beam+1","floor":38},{"not_picked":["Sweeping Beam+1","Auto Shields+1"],"picked":"Ball Lightning+1","floor":39},{"not_picked":["Compile Driver+1","Blizzard+1"],"picked":"Turbo+1","floor":41},{"not_picked":["Capacitor","Compile Driver"],"picked":"Fusion+1","floor":42},{"not_picked":["Go for the Eyes+1","Streamline+1"],"picked":"Defragment","floor":44},{"not_picked":["Darkness","Self Repair+1"],"picked":"Capacitor+1","floor":45},{"not_picked":["Rip and Tear","Heatsinks"],"picked":"Capacitor","floor":48}],"player_experience":460839,"relics_obtained":[{"floor":7,"key":"Odd Mushroom"},{"floor":9,"key":"reliquary:RoseTintedGlasses"},{"floor":9,"key":"Sundial"},{"floor":12,"key":"Tiny Chest"},{"floor":12,"key":"Blood Vial"},{"floor":23,"key":"hubris:Metronome"},{"floor":24,"key":"reliquary:TuningFork"},{"floor":26,"key":"reliquary:PurpleTingedLeaf"},{"floor":29,"key":"Regal Pillow"},{"floor":36,"key":"White Beast Statue"},{"floor":39,"key":"hubris:BundleOfHerbs"},{"floor":42,"key":"reliquary:Aerogel"},{"floor":43,"key":"Strawberry"}],"event_choices":[{"damage_healed":0,"gold_gain":0,"player_choice":"Take Wound","damage_taken":0,"relics_obtained":["Golden Idol"],"max_hp_gain":0,"max_hp_loss":0,"event_name":"Golden Idol","floor":2,"gold_loss":0,"cards_obtained":["Injury"]},{"damage_healed":0,"gold_gain":0,"player_choice":"Box","damage_taken":0,"relics_obtained":["MealTicket"],"max_hp_gain":0,"max_hp_loss":0,"event_name":"Big Fish","floor":3,"gold_loss":0,"cards_obtained":["Regret"]},{"damage_healed":0,"gold_gain":0,"player_choice":"Relic ","damage_taken":12,"max_hp_gain":0,"max_hp_loss":0,"event_name":"betterThird:BetterScrap","floor":5,"gold_loss":0,"cards_obtained":["Fiend Fire"]},{"damage_healed":0,"gold_gain":0,"player_choice":"Fought Mushrooms","damage_taken":0,"max_hp_gain":0,"max_hp_loss":0,"event_name":"Mushrooms","floor":7,"gold_loss":0},{"cards_removed":["Regret","Injury"],"damage_healed":0,"gold_gain":0,"player_choice":"Removed Curses","damage_taken":0,"max_hp_gain":0,"max_hp_loss":0,"event_name":"Fountain of Cleansing","floor":19,"gold_loss":0},{"cards_removed":["Echo Form"],"damage_healed":0,"gold_gain":0,"player_choice":"Take \u0026 Give","damage_taken":0,"max_hp_gain":0,"max_hp_loss":0,"event_name":"betterNote:BetterNote","floor":21,"gold_loss":0,"cards_obtained":["Gatherer:Overflowing"]},{"damage_healed":0,"gold_gain":0,"player_choice":"Opened","damage_taken":0,"relics_obtained":["reliquary:FerryPass"],"max_hp_gain":0,"max_hp_loss":0,"event_name":"The Mausoleum","floor":30,"gold_loss":0},{"damage_healed":0,"gold_gain":0,"player_choice":"Fight","damage_taken":0,"max_hp_gain":0,"max_hp_loss":0,"event_name":"MindBloom","floor":39,"gold_loss":0}],"is_beta":false,"boss_relics":[{"not_picked":["Astrolabe","hubris:CrackedHourglass"],"picked":"Cursed Key"},{"not_picked":["Pandora\u0027s Box","reliquary:RedCape"],"picked":"hubris:Stopwatch"}],"items_purged_floors":[],"is_endless":false,"potions_floor_spawned":[4,7,18,22,23,28,29,33,37,38,39,41,42,44,45,48],"ascension_level":0}}