{"host":"e8rlfedn69rz2s07","time":1612473224,"event":{"mods":["AchievementEnabler","BaseMod","Minty Spire (QoL Compilation)","Permanent Neow","Relic Stats"],"gold_per_floor":[119,131,148,168,93,123,123,148,201,219,247,261,292,12,12,100,100,127,97,109,138,160,160,202,224,233,274,274,302,336,536,536,620,620,647,671,680,738,753,753,783,783,783,203,214,243,269,301,301,301,301,301,301,40,74,74],"floor_reached":57,"language":"ENG","playtime":4914,"items_purged":["Strike_B","Decay","Parasite"],"score":2812,"play_id":"4dc89cd0-146a-4ea0-a9b0-03a0eb2b3444","local_time":"20210204231344","is_ascension_mode":true,"campfire_choices":[{"data":"Biased Cognition","floor":7.0,"key":"SMITH"},{"data":"Loop","floor":15.0,"key":"SMITH"},{"data":"Biased Cognition","floor":23.0,"key":"SMITH"},{"floor":28.0,"key":"REST"},{"floor":32.0,"key":"REST"},{"data":"Defragment","floor":40.0,"key":"SMITH"},{"data":"Defragment","floor":42.0,"key":"SMITH"},{"floor":49,"key":"RECALL"},{"data":"Consume","floor":53,"key":"SMITH"}],"circlet_count":0,"master_deck":["AscendersBane","Strike_B","Strike_B","Defend_B","Defend_B","Defend_B","Defend_B","Zap","Dualcast","CurseOfTheBell","Chaos","Ball Lightning","Cold Snap","Streamline","Biased Cognition+1","Loop+1","Cold Snap","White Noise","Reboot","Coolheaded","Electrodynamics","Doom and Gloom","Force Field","Biased Cognition+1","Genetic Algorithm+1","Defragment+1","Injury","Skim+1","Capacitor","Static Discharge","Creative AI","Consume+1","Auto Shields+1","Defragment+1","Capacitor","Capacitor+1","Conserve Battery","Echo Form","Buffer","Hologram+1","Buffer"],"relics":["Calling Bell","Centennial Puzzle","Sundial","TungstenRod","Tiny Chest","Pear","Vajra","Bag of Preparation","Toy Ornithopter","CeramicFish","Cursed Key","Question Card","Lizard Tail","Shovel","Art of War","Coffee Dripper","Bird Faced Urn","Bronze Scales","Emotion Chip","DollysMirror","Pen Nib","Orrery","Boot"],"acts_visited":["Exordium","TheCity","TheBeyond","TheEnding"],"potions_floor_usage":[56],"damage_taken":[{"damage":5.0,"enemies":"Cultist","floor":1.0,"turns":4.0},{"damage":1.0,"enemies":"2 Louse","floor":2.0,"turns":3.0},{"damage":3.0,"enemies":"Small Slimes","floor":3.0,"turns":3.0},{"damage":2.0,"enemies":"Red Slaver","floor":4.0,"turns":3.0},{"damage":24.0,"enemies":"Gremlin Nob","floor":6.0,"turns":4.0},{"damage":1.0,"enemies":"Lagavulin","floor":8.0,"turns":8.0},{"damage":1.0,"enemies":"Looter","floor":10.0,"turns":3.0},{"damage":4.0,"enemies":"Gremlin Nob","floor":11.0,"turns":5.0},{"damage":1.0,"enemies":"Exordium Thugs","floor":12.0,"turns":5.0},{"damage":12.0,"enemies":"3 Sentries","floor":13.0,"turns":5.0},{"damage":10.0,"enemies":"Hexaghost","floor":16.0,"turns":11.0},{"damage":1.0,"enemies":"Chosen","floor":18.0,"turns":4.0},{"damage":0.0,"enemies":"3 Byrds","floor":20.0,"turns":4.0},{"damage":0.0,"enemies":"Snake Plant","floor":21.0,"turns":4.0},{"damage":9.0,"enemies":"Chosen and Byrds","floor":22.0,"turns":6.0},{"damage":34.0,"enemies":"Book of Stabbing","floor":24.0,"turns":5.0},{"damage":0.0,"enemies":"Snecko","floor":25.0,"turns":5.0},{"damage":28.0,"enemies":"Gremlin Leader","floor":27.0,"turns":8.0},{"damage":0.0,"enemies":"3 Cultists","floor":29.0,"turns":6.0},{"damage":18.0,"enemies":"Book of Stabbing","floor":30.0,"turns":4.0},{"damage":23.0,"enemies":"Champ","floor":33.0,"turns":13.0},{"damage":0.0,"enemies":"Orb Walker","floor":35.0,"turns":5.0},{"damage":12.0,"enemies":"3 Shapes","floor":36.0,"turns":6.0},{"damage":43.0,"enemies":"2 Orb Walkers","floor":38.0,"turns":4.0},{"damage":5.0,"enemies":"Maw","floor":39.0,"turns":8.0},{"damage":80.0,"enemies":"Giant Head","floor":41.0,"turns":12.0},{"damage":14.0,"enemies":"3 Darklings","floor":45.0,"turns":9.0},{"damage":36,"enemies":"Nemesis","floor":46,"turns":15},{"damage":17,"enemies":"Jaw Worm Horde","floor":47,"turns":2},{"damage":10,"enemies":"Writhing Mass","floor":48,"turns":5},{"damage":31,"enemies":"Donu and Deca","floor":50,"turns":10},{"damage":36,"enemies":"Time Eater","floor":51,"turns":8},{"damage":51,"enemies":"Shield and Spear","floor":55,"turns":7},{"damage":56,"enemies":"The Heart","floor":56,"turns":15}],"seed_played":"2834144307642658611","potions_obtained":[{"floor":1.0,"key":"Fire Potion"},{"floor":4.0,"key":"Explosive Potion"},{"floor":6.0,"key":"Weak Potion"},{"floor":19.0,"key":"PotionOfCapacity"},{"floor":19.0,"key":"Block Potion"},{"floor":22.0,"key":"Strength Potion"},{"floor":25.0,"key":"Regen Potion"},{"floor":29.0,"key":"Fire Potion"},{"floor":47,"key":"SkillPotion"},{"floor":48,"key":"PowerPotion"}],"is_trial":false,"path_per_floor":["M","M","M","M","?","E","R","E","T","M","E","M","E","$","R","B",null,"M","?","M","M","M","R","E","M","T","E","R","M","E","?","R","B",null,"M","M","T","?","M","R","E","R","T","$","M","E","M","M","R","B","B",null,"R","$","E","B",null],"character_chosen":"DEFECT","items_purchased":["CeramicFish","Coolheaded","Emotion Chip","DollysMirror","Orrery"],"campfire_rested":2,"item_purchase_floors":[14,14,44,44,54],"current_hp_per_floor":[59,58,55,53,53,29,29,38,38,37,33,32,20,20,20,15,65,64,64,64,69,60,60,26,26,26,18,42,42,24,24,48,25,67,67,55,55,12,31,31,19,19,19,19,31,33,28,42,42,33,31,69,69,69,42,78],"gold":74,"neow_bonus":"BOSS_RELIC","is_daily":false,"chose_seed":false,"campfire_upgraded":6,"win_rate":0.0,"timestamp":1612473224,"path_taken":["M","M","?","M","?","E","R","E","T","M","E","M","E","$","R","BOSS","M","?","M","M","M","R","E","?","T","E","R","M","E","?","R","BOSS","M","M","?","?","M","R","E","R","T","$","M","E","M","M","R","BOSS","BOSS","R","$","E","BOSS"],"items_purchased_type":["Relic","Card","Relic","Relic","Relic"],"build_version":"2020-12-22","purchased_purges":3,"victory":true,"max_hp_per_floor":[71,71,71,71,71,71,71,81,81,81,81,81,81,81,81,81,81,81,81,81,81,81,81,81,81,81,81,81,81,81,81,81,81,81,81,81,81,81,81,81,81,81,81,81,81,81,81,81,81,81,81,81,81,78,78,78],"relic_stats":{"counters":[34,216],"CeramicFish":216,"Pen Nib":[3],"Bag of Preparation":[52],"Cursed Key":2,"Question Card":21,"Boot":[0],"Centennial Puzzle":[87],"Lizard Tail":40,"Emotion Chip":[80,46,26,7,1],"Shovel":0,"Sundial":[32],"Bird Faced Urn":[319],"Bronze Scales":[450],"Tiny Chest":1,"Art of War":[42],"obtain_stats":[{"Pear":8,"CeramicFish":14,"Vajra":9,"Pen Nib":46,"Bag of Preparation":11,"Cursed Key":17,"Question Card":24,"Boot":55,"Calling Bell":0,"Centennial Puzzle":0,"Lizard Tail":26,"Emotion Chip":44,"Shovel":27,"Sundial":0,"DollysMirror":44,"Bird Faced Urn":38,"Bronze Scales":41,"Orrery":54,"Tiny Chest":6,"Art of War":30,"Coffee Dripper":34,"Cracked Core":0,"TungstenRod":0,"Toy Ornithopter":13},{"Pear":6,"CeramicFish":10,"Vajra":6,"Pen Nib":28,"Bag of Preparation":8,"Cursed Key":11,"Question Card":16,"Boot":33,"Calling Bell":0,"Centennial Puzzle":0,"Lizard Tail":17,"Emotion Chip":26,"Shovel":18,"Sundial":0,"DollysMirror":26,"Bird Faced Urn":24,"Bronze Scales":26,"Orrery":32,"Tiny Chest":5,"Art of War":20,"Coffee Dripper":21,"Cracked Core":0,"TungstenRod":0,"Toy Ornithopter":10},{"Pear":25,"CeramicFish":43,"Vajra":25,"Pen Nib":169,"Bag of Preparation":33,"Cursed Key":53,"Question Card":75,"Boot":201,"Calling Bell":0,"Centennial Puzzle":0,"Lizard Tail":80,"Emotion Chip":145,"Shovel":88,"Sundial":0,"DollysMirror":145,"Bird Faced Urn":125,"Bronze Scales":145,"Orrery":194,"Tiny Chest":17,"Art of War":97,"Coffee Dripper":110,"Cracked Core":0,"TungstenRod":0,"Toy Ornithopter":43}],"TungstenRod":90,"Toy Ornithopter":20},"card_choices":[{"not_picked":["Turbo","Consume"],"picked":"Chaos","floor":1.0},{"not_picked":["Conserve Battery","Lockon"],"picked":"Ball Lightning","floor":2.0},{"not_picked":["Coolheaded","Leap"],"picked":"Cold Snap","floor":3.0},{"not_picked":["Gash","Turbo"],"picked":"Streamline","floor":4.0},{"not_picked":["Rebound","Ball Lightning"],"picked":"Biased Cognition","floor":6.0},{"not_picked":["Ball Lightning","Cold Snap","Rebound"],"picked":"SKIP","floor":8.0},{"not_picked":["FTL","Sweeping Beam"],"picked":"Loop","floor":10.0},{"not_picked":["Redo","Melter"],"picked":"Cold Snap","floor":11.0},{"not_picked":["Turbo","FTL"],"picked":"White Noise","floor":12.0},{"not_picked":["Sweeping Beam","Steam"],"picked":"Reboot","floor":13.0},{"not_picked":["Reboot","Core Surge"],"picked":"Electrodynamics","floor":16.0},{"not_picked":["Cold Snap","Rebound"],"picked":"Doom and Gloom","floor":18.0},{"not_picked":["Steam+1","Beam Cell","BootSequence"],"picked":"SKIP","floor":20.0},{"not_picked":["Ball Lightning","Steam"],"picked":"Force Field","floor":21.0},{"not_picked":["Ball Lightning","Go for the Eyes"],"picked":"Biased Cognition","floor":22.0},{"not_picked":["Barrage","Force Field"],"picked":"Genetic Algorithm+1","floor":24.0},{"not_picked":["Undo","Tempest","Sweeping Beam"],"picked":"Defragment","floor":25.0},{"not_picked":["Cold Snap+1","Rip and Tear","Gash"],"picked":"Skim+1","floor":27.0},{"not_picked":["Conserve Battery","Redo","Leap+1"],"picked":"Capacitor","floor":29.0},{"not_picked":["Auto Shields","Aggregate","Rebound"],"picked":"Static Discharge","floor":30.0},{"not_picked":["Fission","Hyperbeam","Reboot"],"picked":"Creative AI","floor":33.0},{"not_picked":["Turbo+1","White Noise","Conserve Battery"],"picked":"Consume","floor":35.0},{"not_picked":["FTL","Ball Lightning+1","Recycle"],"picked":"Auto Shields+1","floor":36.0},{"not_picked":["Tempest","Cold Snap+1","Leap"],"picked":"Defragment","floor":38.0},{"not_picked":["Scrape","Sweeping Beam","Stack+1","Compile Driver"],"picked":"SKIP","floor":39.0},{"not_picked":["Beam Cell","Reprogram","Gash","Streamline"],"picked":"SKIP","floor":41.0},{"not_picked":["Sweeping Beam","Rainbow","Barrage","Conserve Battery"],"picked":"SKIP","floor":45},{"not_picked":["Sweeping Beam","Rainbow","Barrage","Conserve Battery"],"picked":"SKIP","floor":45},{"not_picked":["Redo","Stack","Hologram","Beam Cell"],"picked":"SKIP","floor":46},{"not_picked":["Coolheaded","Loop","Redo"],"picked":"Capacitor+1","floor":47},{"not_picked":["Biased Cognition","Melter","Ball Lightning+1"],"picked":"Conserve Battery","floor":48},{"not_picked":["Steam","Beam Cell+1","Biased Cognition"],"picked":"Echo Form","floor":54},{"not_picked":["Streamline","Scrape","Barrage+1"],"picked":"Buffer","floor":54},{"not_picked":["Capacitor+1","Ball Lightning+1","Blizzard"],"picked":"Hologram+1","floor":54},{"not_picked":["Tempest","Steam","Steam Power+1"],"picked":"Buffer","floor":55}],"player_experience":1036289,"relics_obtained":[{"floor":0.0,"key":"Centennial Puzzle"},{"floor":0.0,"key":"Sundial"},{"floor":0.0,"key":"TungstenRod"},{"floor":6.0,"key":"Tiny Chest"},{"floor":8.0,"key":"Pear"},{"floor":9.0,"key":"Vajra"},{"floor":11.0,"key":"Bag of Preparation"},{"floor":13.0,"key":"Toy Ornithopter"},{"floor":24.0,"key":"Question Card"},{"floor":26.0,"key":"Lizard Tail"},{"floor":27.0,"key":"Shovel"},{"floor":30.0,"key":"Art of War"},{"floor":38.0,"key":"Bird Faced Urn"},{"floor":41.0,"key":"Bronze Scales"},{"floor":46,"key":"Pen Nib"},{"floor":55,"key":"Boot"}],"event_choices":[{"cards_removed":["Strike_B"],"damage_healed":0.0,"max_hp_gain":0.0,"max_hp_loss":0.0,"gold_gain":0.0,"event_name":"The Cleric","player_choice":"Card Removal","floor":5.0,"gold_loss":75.0,"damage_taken":0.0},{"damage_healed":0.0,"max_hp_gain":0.0,"max_hp_loss":0.0,"gold_gain":0.0,"event_name":"The Woman in Blue","player_choice":"Bought 2 Potions","floor":19.0,"gold_loss":0.0,"damage_taken":0.0},{"damage_healed":0.0,"max_hp_gain":0.0,"max_hp_loss":0.0,"gold_gain":200.0,"event_name":"Wheel of Change","player_choice":"Gold","floor":31.0,"gold_loss":0.0,"damage_taken":0.0},{"damage_healed":0.0,"max_hp_gain":0.0,"max_hp_loss":0.0,"gold_gain":0.0,"event_name":"Mysterious Sphere","player_choice":"Fight","floor":38.0,"gold_loss":0.0,"damage_taken":0.0}],"is_beta":false,"boss_relics":[{"not_picked":["SacredBark","Sozu"],"picked":"Cursed Key"},{"not_picked":["Fusion Hammer","Nuclear Battery"],"picked":"Coffee Dripper"}],"items_purged_floors":[14,44,54],"is_endless":false,"potions_floor_spawned":[1,4,6,8,12,20,22,25,29,33,36,46,47,48],"ascension_level":20}}