{"host":"bvc3bp2iol2n355r","time":1612414862,"event":{"mods":["AchievementEnabler","BaseMod","Dark Map","Downfall","Minty Spire (QoL Compilation)","Relic Stats","StSLib"],"gold_per_floor":[111,124,143,143,68,68,103,103,126,156,156,168,181,149,149,220,220,238,238,33,46,60,95,95,122,122,122,122],"floor_reached":27,"language":"ENG","playtime":1794,"items_purged":["Strike_R"],"score":444,"play_id":"abc7e7b9-5d10-4a54-a5d7-f1b25e73650a","local_time":"20210204000102","is_ascension_mode":true,"campfire_choices":[{"data":"Flame Barrier","floor":6.0,"key":"SMITH"},{"data":"Carnage","floor":15.0,"key":"SMITH"},{"data":"Body Slam","floor":24,"key":"SMITH"}],"circlet_count":0,"master_deck":["AscendersBane","Strike_R","Strike_R","Defend_R","Defend_R","Defend_R","Defend_R","Bash","Second Wind","Flame Barrier+1","Thunderclap","Carnage+1","Battle Trance","Sword Boomerang","Reaper","Metallicize","Pummel","Body Slam+1","Entrench","Offering"],"relics":["Burning Blood","Juzu Bracelet","Ornamental Fan","Happy Flower","Pen Nib","Coffee Dripper","Lantern","Kunai","MealTicket","Mummified Hand"],"acts_visited":["Exordium","TheCity"],"potions_floor_usage":[23,25],"damage_taken":[{"damage":2.0,"enemies":"2 Louse","floor":1.0,"turns":4.0},{"damage":10.0,"enemies":"Small Slimes","floor":2.0,"turns":5.0},{"damage":6.0,"enemies":"Jaw Worm","floor":3.0,"turns":5.0},{"damage":36.0,"enemies":"Gremlin Nob","floor":7.0,"turns":5.0},{"damage":20.0,"enemies":"3 Sentries","floor":10.0,"turns":7.0},{"damage":15.0,"enemies":"Gremlin Gang","floor":12.0,"turns":6.0},{"damage":11.0,"enemies":"3 Louse","floor":13.0,"turns":3.0},{"damage":14.0,"enemies":"Hexaghost","floor":16.0,"turns":9.0},{"damage":26,"enemies":"Shell Parasite","floor":18,"turns":8},{"damage":11,"enemies":"2 Thieves","floor":21,"turns":3},{"damage":21,"enemies":"Snecko","floor":22,"turns":5},{"damage":33,"enemies":"Book of Stabbing","floor":23,"turns":5},{"damage":40,"enemies":"Gremlin Leader","floor":25,"turns":5},{"damage":14,"enemies":"Sentry and Sphere","floor":27,"turns":7}],"seed_played":"-1759476782771821968","potions_obtained":[{"floor":1.0,"key":"SmokeBomb"},{"floor":2.0,"key":"Dexterity Potion"},{"floor":7.0,"key":"BlessingOfTheForge"},{"floor":12.0,"key":"Fruit Juice"},{"floor":22,"key":"SkillPotion"}],"is_trial":false,"path_per_floor":["M","M","M","?","$","R","E","?","T","E","?","M","M","?","R","B",null,"M","?","$","M","M","E","R","E","T","M"],"character_chosen":"IRONCLAD","items_purchased":["Lantern","SteroidPotion"],"campfire_rested":0,"item_purchase_floors":[20,20],"current_hp_per_floor":[79,75,75,68,68,68,38,38,38,24,29,25,20,20,20,12,72,58,58,58,65,56,36,36,12,12,0,0],"gold":122,"neow_bonus":"TEN_PERCENT_HP_BONUS","is_daily":false,"chose_seed":false,"campfire_upgraded":3,"win_rate":0.0,"timestamp":1612414862,"path_taken":["M","M","M","?","$","R","E","?","T","E","?","M","M","?","R","BOSS","M","?","$","M","M","E","R","E","T","M"],"items_purchased_type":["Relic","Potion"],"build_version":"2020-12-22","purchased_purges":1,"victory":false,"max_hp_per_floor":[82,82,82,82,82,82,82,82,82,82,87,92,92,92,92,92,92,92,92,92,92,92,92,92,92,92,92,92],"relic_stats":{"Happy Flower":[19],"counters":[14,77],"Ornamental Fan":[64],"Mummified Hand":[2],"MealTicket":0,"Pen Nib":[9],"Juzu Bracelet":0,"Kunai":[6],"obtain_stats":[{"Lantern":20,"Happy Flower":9,"Ornamental Fan":7,"Mummified Hand":26,"MealTicket":25,"Pen Nib":10,"Juzu Bracelet":4,"Coffee Dripper":17,"Kunai":23,"Burning Blood":0},{"Lantern":9,"Happy Flower":4,"Ornamental Fan":4,"Mummified Hand":13,"MealTicket":13,"Pen Nib":5,"Juzu Bracelet":3,"Coffee Dripper":8,"Kunai":12,"Burning Blood":0},{"Lantern":52,"Happy Flower":19,"Ornamental Fan":19,"Mummified Hand":70,"MealTicket":70,"Pen Nib":26,"Juzu Bracelet":14,"Coffee Dripper":44,"Kunai":65,"Burning Blood":0}],"Burning Blood":78},"card_choices":[{"not_picked":["Body Slam","Armaments"],"picked":"Second Wind","floor":1.0},{"not_picked":["Havoc","Heavy Blade"],"picked":"Flame Barrier","floor":2.0},{"not_picked":["Havoc","Dropkick"],"picked":"Thunderclap","floor":3.0},{"not_picked":["Intimidate","Cleave"],"picked":"Carnage","floor":7.0},{"not_picked":["Sentinel","Pummel"],"picked":"Battle Trance","floor":10.0},{"not_picked":["Havoc","Clothesline"],"picked":"Sword Boomerang","floor":12.0},{"not_picked":["Thunderclap","Anger","Perfected Strike"],"picked":"SKIP","floor":13.0},{"not_picked":["Impervious","Feed"],"picked":"Reaper","floor":16.0},{"not_picked":["Metallicize","Battle Trance","Heavy Blade"],"picked":"SKIP","floor":18},{"not_picked":["Battle Trance","Heavy Blade"],"picked":"Metallicize","floor":18},{"not_picked":["Ghostly Armor","Anger"],"picked":"Entrench","floor":21},{"not_picked":["Second Wind","Wild Strike","Sever Soul"],"picked":"SKIP","floor":22},{"not_picked":["Flex","Twin Strike","Sever Soul"],"picked":"SKIP","floor":23},{"not_picked":["Shrug It Off","Warcry"],"picked":"Offering","floor":25}],"player_experience":585244,"relics_obtained":[{"floor":7.0,"key":"Ornamental Fan"},{"floor":9.0,"key":"Happy Flower"},{"floor":10.0,"key":"Pen Nib"},{"floor":23,"key":"Kunai"},{"floor":25,"key":"MealTicket"},{"floor":26,"key":"Mummified Hand"}],"event_choices":[{"damage_healed":0.0,"max_hp_gain":0.0,"max_hp_loss":0.0,"gold_gain":0.0,"event_name":"Scrap Ooze","player_choice":"Success","floor":4.0,"gold_loss":0.0,"damage_taken":7.0,"relics_obtained":["Juzu Bracelet"]},{"damage_healed":0.0,"max_hp_gain":0.0,"max_hp_loss":0.0,"gold_gain":0.0,"event_name":"Liars Game","player_choice":"Ignored","floor":8.0,"gold_loss":0.0,"damage_taken":0.0},{"damage_healed":0.0,"max_hp_gain":5.0,"max_hp_loss":0.0,"gold_gain":0.0,"event_name":"Big Fish","player_choice":"Donut","floor":11.0,"gold_loss":0.0,"damage_taken":0.0},{"damage_healed":0.0,"max_hp_gain":0.0,"max_hp_loss":0.0,"gold_gain":0.0,"event_name":"World of Goop","player_choice":"Left Gold","floor":14.0,"gold_loss":32.0,"damage_taken":0.0},{"damage_healed":0,"gold_gain":0,"cards_transformed":["Strike_R","Strike_R"],"player_choice":"Became Test Subject","damage_taken":0,"max_hp_gain":0,"max_hp_loss":0,"event_name":"Drug Dealer","floor":19,"gold_loss":0,"cards_obtained":["Pummel","Body Slam"]}],"is_beta":false,"boss_relics":[{"not_picked":["Runic Pyramid","Runic Dome"],"picked":"Coffee Dripper"}],"items_purged_floors":[5],"is_endless":false,"potions_floor_spawned":[1,2,7,12,22],"killed_by":"Sentry and Sphere","ascension_level":14}}