{"host":"gc6vr5n3q8f0hswe","time":1612474661,"event":{"mods":["Act Like it!","Aspiration","BaseMod","Better Altar","Better Sensory Stone","Better Third Choice","Block Reminder","Conspire","Fox Events","Gensokyo","Hallownest","Highlight Path","Hubris","Infinite Spire","Jedi Mod","Lobotomy","LobotomyExtend","MarisaÅiñ∂âJÅ@ñÇóùçπÅj","Minty Spire (QoL Compilation)","Pale of the Ancients","Relic Stats","Reliquary","Replay The Spire","Somnambulant","StSLib","The Alterego","The Blue Laboratory","The Bug Knight","The Jungle","The Poker Player","The Wild Card","Uncapped","Wandering Minibosses"],"gold_per_floor":[369,12,31,31,2,30,43,43,43,275,288,94,94,113,113,215,215,233,244,244,47,47,47],"floor_reached":22,"language":"ENG","playtime":1719,"items_purged":["Strike_R"],"score":289,"play_id":"03329cad-32a4-4a13-93d1-03ef3ba82249","local_time":"20210204213741","is_ascension_mode":true,"campfire_choices":[{"floor":15,"key":"REST"}],"circlet_count":0,"master_deck":["Strike_R","Strike_R","Strike_R","Strike_R","Defend_R","Defend_R","Defend_R","Defend_R","Bash","HollowMod:QuickDashStart","somnambulantmod: SomnambulantStrike","Clothesline","ReplayTheSpireMod:Brewmster","Twin Strike","Twin Strike","Seeing Red","infinitespire:NeuralNetwork","Demon Form","Thunderclap","Apotheosis","Demon Form","Entrench"],"relics":["Burning Blood","LetterFromLob","PreservedInsect","Eternal Feather","Thread and Needle","reliquary:Ember","BargainBundle"],"acts_visited":["Exordium","TheCity"],"potions_floor_usage":[3,3,3,3,3,6,6,6,6,6,6,6,6,6,6,10,10,11,11,16,16,16,16,19,19,19,19,19,19,22],"damage_taken":[{"damage":19,"enemies":"Gensokyo:3_Fairies","floor":1,"turns":7},{"damage":21,"enemies":"Gensokyo:Gryphon","floor":3,"turns":8},{"damage":0,"enemies":"Gensokyo:Mamizou","floor":6,"turns":30},{"damage":11,"enemies":"Gensokyo:2_Kodama","floor":7,"turns":4},{"damage":25,"enemies":"Gensokyo:Cirno","floor":10,"turns":8},{"damage":0,"enemies":"Gensokyo:LivingMonolith","floor":11,"turns":7},{"damage":18,"enemies":"Gensokyo:3_Kodama","floor":14,"turns":5},{"damage":9,"enemies":"Gensokyo:Kokoro","floor":16,"turns":13},{"damage":46,"enemies":"Spheric Guardian","floor":18,"turns":8},{"damage":30,"enemies":"Shell Parasite","floor":19,"turns":8},{"damage":19,"enemies":"Centurion and Healer","floor":22,"turns":2}],"seed_played":"-3675101558388344711","potions_obtained":[{"floor":1,"key":"blueLaboratory:BottledHope"},{"floor":7,"key":"Languid Potion"}],"is_trial":false,"path_per_floor":["M","$","M","?","COS","E","M","$","T","E","M","$","?","M","R","B",null,"M","M","?","$","M"],"character_chosen":"IRONCLAD","items_purchased":["PreservedInsect","ReplayTheSpireMod:Brewmster","Twin Strike","Apotheosis","BargainBundle","BloodPotion","Milkshake"],"campfire_rested":1,"item_purchase_floors":[2,2,2,12,21,21,21],"current_hp_per_floor":[59,59,44,25,25,31,26,26,26,7,13,13,21,9,45,42,71,31,11,3,3,0,0],"gold":47,"neow_bonus":"TWO_FIFTY_GOLD","is_daily":false,"chose_seed":false,"campfire_upgraded":0,"win_rate":0.0,"timestamp":1612474661,"path_taken":["M","$","M","?","COS","E","M","?","T","E","M","?","?","M","R","BOSS","M","?","?","$","M"],"items_purchased_type":["Relic","Card","Card","Card","Relic","Potion","Potion"],"build_version":"2020-12-22","purchased_purges":1,"victory":false,"max_hp_per_floor":[80,80,80,80,80,80,80,80,80,80,80,80,80,80,80,80,80,80,84,84,84,84,84],"relic_stats":{"counters":[11,100],"Eternal Feather":12,"PreservedInsect":34,"obtain_stats":[{"BargainBundle":21,"Eternal Feather":6,"Thread and Needle":10,"PreservedInsect":2,"LetterFromLob":1,"reliquary:Ember":17,"Burning Blood":0},{"BargainBundle":10,"Eternal Feather":3,"Thread and Needle":5,"PreservedInsect":1,"LetterFromLob":1,"reliquary:Ember":8,"Burning Blood":0},{"BargainBundle":98,"Eternal Feather":45,"Thread and Needle":57,"PreservedInsect":7,"LetterFromLob":7,"reliquary:Ember":82,"Burning Blood":0}],"Burning Blood":60},"card_choices":[{"not_picked":["Anger","Wild Strike"],"picked":"Clothesline","floor":1},{"not_picked":["Cleave","Combust"],"picked":"Seeing Red","floor":3},{"not_picked":["infinitespire:TheBestDefense","hubris:Fate"],"picked":"infinitespire:NeuralNetwork","floor":4},{"not_picked":["Havoc","Wild Strike"],"picked":"Demon Form","floor":6},{"not_picked":["hubris:ReadiedAction","jedi:fear","Sword Boomerang"],"picked":"SKIP","floor":7},{"not_picked":["Wild Strike","Intimidate"],"picked":"Thunderclap","floor":10},{"not_picked":["ReplayTheSpireMod:Strike From Hell","Dark Embrace","Defy Death"],"picked":"SKIP","floor":11},{"not_picked":["ReplayTheSpireMod:Stacked","Pommel Strike","True Grit"],"picked":"SKIP","floor":14},{"not_picked":["Fiend Fire","conspire:HitWhereItHurts"],"picked":"Demon Form","floor":16},{"not_picked":["Rage+1","Shrug It Off"],"picked":"Entrench","floor":18},{"not_picked":["Infernal Blade+1","ReplayTheSpireMod:Strike From Hell+1","Iron Wave"],"picked":"SKIP","floor":19}],"player_experience":478067,"relics_obtained":[{"floor":1,"key":"LetterFromLob"},{"floor":6,"key":"Eternal Feather"},{"floor":10,"key":"Thread and Needle"}],"event_choices":[{"damage_healed":0,"gold_gain":0,"player_choice":"Damaged","damage_taken":8,"max_hp_gain":0,"max_hp_loss":0,"event_name":"Wheel of Change","floor":20,"gold_loss":0}],"is_beta":false,"boss_relics":[{"not_picked":["infinitespire:Burning Sword","ReplayTheSpireMod:SealedPack"],"picked":"reliquary:Ember"}],"items_purged_floors":[21],"is_endless":false,"potions_floor_spawned":[1,7,16],"killed_by":"Centurion and Healer","ascension_level":7}}