{"host":"oigynbtg272c19pw","time":1612460444,"event":{"mods":["BaseMod","Colored Map","Minty Spire (QoL Compilation)","Relic Stats","Slay the Relics Exporter","StSLib"],"gold_per_floor":[111,111,68,83,133,133,153,184,184,184,213,213,288,327,327,407,407,427,436,265,285,26,26,61,61,87,105,131,131,160,179,179,262,262,281,302,324,324,129,129,129],"floor_reached":40,"playtime":2691,"items_purged":["Writhe","Strike_G","Strike_G"],"score":930,"play_id":"39f84a85-45a0-4617-b5d4-b948a881712c","local_time":"20210204184044","is_ascension_mode":true,"campfire_choices":[{"data":"Dash","floor":6.0,"key":"SMITH"},{"data":"Bouncing Flask","floor":10.0,"key":"SMITH"},{"data":"Corpse Explosion","floor":12.0,"key":"SMITH"},{"data":"Neutralize","floor":15.0,"key":"SMITH"},{"data":"Noxious Fumes","floor":23.0,"key":"SMITH"},{"data":"Footwork","floor":25.0,"key":"SMITH"},{"data":"Catalyst","floor":29,"key":"SMITH"},{"data":"Footwork","floor":32,"key":"SMITH"}],"circlet_count":0,"master_deck":["AscendersBane","Strike_G","Strike_G","Defend_G","Defend_G","Defend_G","Defend_G","Defend_G","Survivor","Neutralize+1","Masterful Stab","Infinite Blades","Backstab","Dash+1","Bouncing Flask+1","Corpse Explosion+1","Calculated Gamble","Malaise","PiercingWail+1","PanicButton","Reflex","Noxious Fumes+1","Panacea","Footwork+1","Die Die Die","Catalyst+1","Footwork+1","Malaise","Tactician","Crippling Poison","Footwork+1","Catalyst"],"relics":["Ring of the Snake","Pen Nib","Pantograph","CeramicFish","Shuriken","Meat on the Bone","Runic Pyramid","Happy Flower","Oddly Smooth Stone","Orichalcum","Omamori","HoveringKite"],"acts_visited":["Exordium","TheCity","TheBeyond"],"potions_floor_usage":[30,33,40,40,40,40],"damage_taken":[{"damage":2.0,"enemies":"Small Slimes","floor":1.0,"turns":5.0},{"damage":0.0,"enemies":"2 Louse","floor":4.0,"turns":2.0},{"damage":0.0,"enemies":"Cultist","floor":7.0,"turns":3.0},{"damage":6.0,"enemies":"Gremlin Nob","floor":8.0,"turns":3.0},{"damage":12.0,"enemies":"Lagavulin","floor":11.0,"turns":5.0},{"damage":7.0,"enemies":"3 Sentries","floor":14.0,"turns":4.0},{"damage":14.0,"enemies":"The Guardian","floor":16.0,"turns":8.0},{"damage":0.0,"enemies":"Chosen","floor":18.0,"turns":3.0},{"damage":5.0,"enemies":"2 Thieves","floor":21.0,"turns":3.0},{"damage":10.0,"enemies":"Book of Stabbing","floor":24.0,"turns":7.0},{"damage":23,"enemies":"Slavers","floor":28,"turns":2},{"damage":0,"enemies":"Cultist and Chosen","floor":30,"turns":5},{"damage":0,"enemies":"Snake Plant","floor":31,"turns":3},{"damage":34,"enemies":"Collector","floor":33,"turns":9},{"damage":33,"enemies":"3 Darklings","floor":35,"turns":5},{"damage":0,"enemies":"Orb Walker","floor":36,"turns":5},{"damage":0,"enemies":"Maw","floor":37,"turns":8},{"damage":100,"enemies":"Giant Head","floor":40,"turns":10}],"seed_played":"-9000178004416484415","potions_obtained":[{"floor":1.0,"key":"SpeedPotion"},{"floor":4.0,"key":"Poison Potion"},{"floor":14.0,"key":"SteroidPotion"},{"floor":21.0,"key":"GamblersBrew"},{"floor":28,"key":"AttackPotion"},{"floor":31,"key":"SneckoOil"},{"floor":33,"key":"EntropicBrew"}],"is_trial":false,"path_per_floor":["M","?","$","M","?","R","M","E","T","R","E","R","?","E","R","B",null,"M","?","$","M","$","R","E","R","T","?","E","R","M","M","R","B",null,"M","M","M","?","$","E"],"character_chosen":"THE_SILENT","items_purchased":["Backstab","PanicButton","Noxious Fumes","Panacea","Catalyst"],"campfire_rested":0,"item_purchase_floors":[3,20,22,22,39],"current_hp_per_floor":[57,57,57,57,51,51,51,45,45,45,33,33,22,15,15,38,59,59,59,59,54,54,54,44,44,44,44,33,33,45,45,45,44,61,40,40,40,40,40,0,0],"gold":129,"neow_bonus":"RANDOM_COMMON_RELIC","is_daily":false,"chose_seed":false,"campfire_upgraded":8,"win_rate":0.0,"timestamp":1612460444,"path_taken":["M","?","$","M","?","R","?","E","T","R","E","R","?","E","R","BOSS","M","?","$","M","$","R","E","R","T","?","E","R","?","M","R","BOSS","M","M","M","?","$","E"],"items_purchased_type":["Card","Card","Card","Card","Card"],"build_version":"2020-12-13","purchased_purges":3,"victory":false,"max_hp_per_floor":[66,66,66,66,66,66,66,66,66,66,66,66,66,66,66,66,66,66,66,66,66,66,66,66,66,66,66,66,66,66,66,66,66,66,66,66,66,66,66,66,66],"relic_stats":{"Happy Flower":[19],"counters":[18,90],"Shuriken":[11],"Pantograph":46,"CeramicFish":153,"HoveringKite":[10],"Pen Nib":[14],"Orichalcum":[114],"obtain_stats":[{"Happy Flower":19,"Shuriken":11,"Pantograph":8,"CeramicFish":9,"Oddly Smooth Stone":24,"HoveringKite":34,"Pen Nib":0,"Omamori":28,"Orichalcum":26,"Ring of the Snake":0,"Meat on the Bone":14,"Runic Pyramid":17},{"Happy Flower":8,"Shuriken":5,"Pantograph":4,"CeramicFish":4,"Oddly Smooth Stone":10,"HoveringKite":14,"Pen Nib":0,"Omamori":11,"Orichalcum":10,"Ring of the Snake":0,"Meat on the Bone":6,"Runic Pyramid":7},{"Happy Flower":33,"Shuriken":18,"Pantograph":13,"CeramicFish":13,"Oddly Smooth Stone":43,"HoveringKite":62,"Pen Nib":0,"Omamori":45,"Orichalcum":43,"Ring of the Snake":0,"Meat on the Bone":22,"Runic Pyramid":30}],"Ring of the Snake":[36],"Meat on the Bone":60},"card_choices":[{"not_picked":["Heel Hook","Endless Agony"],"picked":"Masterful Stab","floor":1.0},{"not_picked":["Dagger Throw","Cloak And Dagger"],"picked":"Dash","floor":4.0},{"not_picked":["Backflip","Flying Knee"],"picked":"Bouncing Flask","floor":7.0},{"not_picked":["Expertise","All Out Attack"],"picked":"Corpse Explosion","floor":8.0},{"not_picked":["Dodge and Roll","Sucker Punch","Expertise"],"picked":"SKIP","floor":11.0},{"not_picked":["Backflip","Bane"],"picked":"Calculated Gamble","floor":14.0},{"not_picked":["Doppelganger","A Thousand Cuts"],"picked":"Malaise","floor":16.0},{"not_picked":["Outmaneuver","Reflex"],"picked":"PiercingWail+1","floor":18.0},{"not_picked":["Backflip","PiercingWail"],"picked":"Reflex","floor":21.0},{"not_picked":["Bane","Underhanded Strike"],"picked":"Footwork","floor":24.0},{"not_picked":["Poisoned Stab","Dagger Spray","Cloak And Dagger"],"picked":"SKIP","floor":28},{"not_picked":["Choke","Backflip"],"picked":"Footwork","floor":30},{"not_picked":["Riddle With Holes","Dagger Throw+1","Heel Hook+1"],"picked":"SKIP","floor":31},{"not_picked":["Glass Knife","Doppelganger"],"picked":"Malaise","floor":33},{"not_picked":["Dagger Spray","Prepared"],"picked":"Tactician","floor":35},{"not_picked":["Cloak And Dagger","Quick Slash+1"],"picked":"Crippling Poison","floor":36},{"not_picked":["Underhanded Strike+1","Flying Knee"],"picked":"Footwork+1","floor":37}],"player_experience":1537997,"relics_obtained":[{"floor":8.0,"key":"Pantograph"},{"floor":9.0,"key":"CeramicFish"},{"floor":11.0,"key":"Shuriken"},{"floor":14.0,"key":"Meat on the Bone"},{"floor":24.0,"key":"Oddly Smooth Stone"},{"floor":26.0,"key":"Orichalcum"},{"floor":28,"key":"Omamori"}],"event_choices":[{"damage_healed":0.0,"max_hp_gain":0.0,"max_hp_loss":0.0,"gold_gain":0.0,"cards_transformed":["Strike_G"],"event_name":"Living Wall","player_choice":"Change","floor":2.0,"gold_loss":0.0,"damage_taken":0.0,"cards_obtained":["Infinite Blades"]},{"damage_healed":0.0,"max_hp_gain":0.0,"max_hp_loss":0.0,"gold_gain":50.0,"event_name":"FaceTrader","player_choice":"Touch","floor":5.0,"gold_loss":0.0,"damage_taken":6.0},{"damage_healed":0.0,"max_hp_gain":0.0,"max_hp_loss":0.0,"gold_gain":75.0,"event_name":"World of Goop","player_choice":"Gather Gold","floor":13.0,"gold_loss":0.0,"damage_taken":11.0},{"damage_healed":0.0,"max_hp_gain":0.0,"max_hp_loss":0.0,"gold_gain":0.0,"event_name":"The Mausoleum","player_choice":"Opened","floor":19.0,"gold_loss":0.0,"damage_taken":0.0,"relics_obtained":["Happy Flower"],"cards_obtained":["Writhe"]},{"damage_healed":0.0,"max_hp_gain":0.0,"max_hp_loss":0.0,"gold_gain":0.0,"event_name":"Match and Keep!","player_choice":"2 cards matched","floor":27.0,"gold_loss":0.0,"damage_taken":0.0,"cards_obtained":["Die Die Die","Catalyst"]},{"damage_healed":0,"gold_gain":0,"player_choice":"0 cards matched","damage_taken":0,"max_hp_gain":0,"max_hp_loss":0,"event_name":"Match and Keep!","floor":38,"gold_loss":0,"cards_obtained":[]}],"is_beta":false,"boss_relics":[{"not_picked":["SacredBark","Busted Crown"],"picked":"Runic Pyramid"},{"not_picked":["Pandora\u0027s Box","Ring of the Serpent"],"picked":"HoveringKite"}],"items_purged_floors":[20,22,39],"is_endless":false,"potions_floor_spawned":[1,4,7,14,21,28,31,33,36],"killed_by":"Giant Head","ascension_level":20}}