{"host":"x5w9zppki4gdwvc7","time":1612476238,"event":{"mods":["AchievementEnabler","BaseMod","Colored Powertips","DeckTracker","Minty Spire (QoL Compilation)"],"gold_per_floor":[12,22,37,54,54,54,85,85,108,120,155,165,340,440,440,535,535,550,563,304,229,166,199,199,210,210,142,157,17,17,33,33,138,138,166,166,178,200,3,3,31,31,54,76,46,46,46,16,16,16],"floor_reached":51,"language":"ENG","playtime":2447,"items_purged":["Doubt","Defend_R","Defend_R","Defend_R"],"score":884,"play_id":"5c6d1b0c-e34d-4fec-bf16-3e4bc68b1015","local_time":"20210204230358","is_ascension_mode":true,"campfire_choices":[{"data":"Bash","floor":6,"key":"SMITH"},{"data":"Whirlwind","floor":8,"key":"SMITH"},{"data":"Dual Wield","floor":15,"key":"SMITH"},{"floor":24,"key":"REST"},{"data":"True Grit","floor":30,"key":"SMITH"},{"floor":32,"key":"REST"},{"data":"Anger","floor":40,"key":"SMITH"},{"data":"Clash","floor":42,"key":"SMITH"},{"data":"Seeing Red","floor":47,"key":"SMITH"},{"data":"Rage","floor":49,"key":"SMITH"}],"circlet_count":0,"master_deck":["Strike_R","Strike_R","Strike_R","Strike_R","Defend_R","Bash+1","Iron Wave","Anger+1","Whirlwind+1","Clash+1","Inflame","Dual Wield+1","Ghostly Armor","Feed","Shrug It Off","True Grit+1","Fiend Fire","Burning Pact+1","Clash+1","Inflame+1","Clash+1","Seeing Red+1","Rage+1"],"relics":["Burning Blood","Unceasing Top","PreservedInsect","Oddly Smooth Stone","Centennial Puzzle","Runic Dome","Membership Card","Lantern","CeramicFish","Singing Bowl","Art of War","Juzu Bracelet","Sozu","Pear","MealTicket"],"acts_visited":["Exordium","TheCity","TheBeyond"],"potions_floor_usage":[23,33,33,33,37],"damage_taken":[{"damage":1,"enemies":"Cultist","floor":1,"turns":4},{"damage":10,"enemies":"Small Slimes","floor":2,"turns":3},{"damage":6,"enemies":"2 Louse","floor":3,"turns":2},{"damage":13,"enemies":"Exordium Thugs","floor":4,"turns":4},{"damage":10,"enemies":"3 Sentries","floor":7,"turns":5},{"damage":15,"enemies":"2 Fungi Beasts","floor":10,"turns":3},{"damage":8,"enemies":"Lagavulin","floor":11,"turns":3},{"damage":0,"enemies":"Gremlin Gang","floor":12,"turns":1},{"damage":30,"enemies":"Slime Boss","floor":16,"turns":10},{"damage":31,"enemies":"Chosen","floor":18,"turns":5},{"damage":5,"enemies":"Spheric Guardian","floor":19,"turns":3},{"damage":22,"enemies":"Book of Stabbing","floor":23,"turns":4},{"damage":6,"enemies":"Centurion and Healer","floor":25,"turns":5},{"damage":30,"enemies":"Snake Plant","floor":28,"turns":5},{"damage":15,"enemies":"Snecko","floor":31,"turns":4},{"damage":23,"enemies":"Champ","floor":33,"turns":10},{"damage":18,"enemies":"3 Shapes","floor":35,"turns":2},{"damage":0,"enemies":"Orb Walker","floor":37,"turns":2},{"damage":15,"enemies":"Transient","floor":38,"turns":5},{"damage":0,"enemies":"Sphere and 2 Shapes","floor":41,"turns":3},{"damage":22,"enemies":"Writhing Mass","floor":44,"turns":3},{"damage":104,"enemies":"Awakened One","floor":50,"turns":7}],"seed_played":"4043934545299198985","potions_obtained":[{"floor":2,"key":"SpeedPotion"},{"floor":3,"key":"BlessingOfTheForge"},{"floor":7,"key":"Ancient Potion"},{"floor":19,"key":"ColorlessPotion"},{"floor":23,"key":"Dexterity Potion"},{"floor":33,"key":"Energy Potion"}],"is_trial":false,"path_per_floor":["M","M","M","M","$","R","E","R","T","M","E","M","?","?","R","B",null,"M","M","$","?","?","E","R","M","T","$","M","$","R","M","R","B",null,"M","?","M","M","$","R","M","R","T","M","$","?","R","$","R","B",null],"character_chosen":"IRONCLAD","items_purchased":["Membership Card","Lantern","True Grit","Juzu Bracelet","Pear","Seeing Red","Rage"],"campfire_rested":2,"item_purchase_floors":[20,20,27,29,39,45,48],"current_hp_per_floor":[80,76,76,69,69,69,65,65,65,56,54,60,60,60,60,36,69,44,48,48,48,48,34,59,64,64,64,42,42,42,38,67,50,85,76,76,84,75,85,85,94,94,94,78,93,95,95,110,110,12],"gold":16,"neow_bonus":"ONE_RARE_RELIC","is_daily":false,"chose_seed":false,"campfire_upgraded":8,"win_rate":0.0,"timestamp":1612476238,"path_taken":["M","?","M","M","$","R","E","R","T","M","E","?","?","?","R","BOSS","M","M","$","?","?","E","R","?","T","?","M","$","R","M","R","BOSS","M","?","M","M","$","R","M","R","T","M","$","?","R","$","R","BOSS"],"items_purchased_type":["Relic","Relic","Card","Relic","Relic","Card","Card"],"build_version":"2020-12-22","purchased_purges":4,"victory":true,"max_hp_per_floor":[80,80,80,80,80,80,80,80,80,80,80,80,80,80,80,80,80,80,83,83,83,83,85,85,90,90,90,92,92,92,97,97,97,97,100,100,102,102,112,112,115,115,115,115,115,117,117,117,117,117],"card_choices":[{"not_picked":["Power Through","Warcry"],"picked":"Iron Wave","floor":1},{"not_picked":["Sever Soul","Wild Strike"],"picked":"Anger","floor":2},{"not_picked":["Blood for Blood","Clothesline"],"picked":"Whirlwind","floor":3},{"not_picked":["Intimidate","Headbutt"],"picked":"Clash","floor":4},{"not_picked":["Sword Boomerang","Heavy Blade"],"picked":"Inflame","floor":7},{"not_picked":["Shockwave","Heavy Blade"],"picked":"Dual Wield","floor":10},{"not_picked":["Anger","Havoc"],"picked":"Ghostly Armor","floor":11},{"not_picked":["Juggernaut","Armaments","Warcry"],"picked":"SKIP","floor":12},{"not_picked":["Corruption","Brutality"],"picked":"Feed","floor":16},{"not_picked":["Pommel Strike","Sword Boomerang","Bloodletting"],"picked":"SKIP","floor":18},{"not_picked":["Iron Wave","Pommel Strike"],"picked":"Shrug It Off","floor":19},{"not_picked":["Pummel+1","Perfected Strike+1","Body Slam"],"picked":"Singing Bowl","floor":23},{"not_picked":["Heavy Blade+1","Wild Strike","Metallicize"],"picked":"Singing Bowl","floor":25},{"not_picked":["Perfected Strike","Heavy Blade","Sentinel"],"picked":"Singing Bowl","floor":28},{"not_picked":["Feel No Pain","Power Through","Rupture+1"],"picked":"Singing Bowl","floor":31},{"not_picked":["Immolate","Feed"],"picked":"Fiend Fire","floor":33},{"not_picked":["Flex+1","Anger"],"picked":"Burning Pact+1","floor":35},{"not_picked":["Body Slam","Fire Breathing","Armaments+1"],"picked":"Singing Bowl","floor":37},{"not_picked":["Rupture","Armaments"],"picked":"Clash+1","floor":38},{"not_picked":["Twin Strike+1","Body Slam+1"],"picked":"Inflame+1","floor":41},{"not_picked":["Rampage","Feed"],"picked":"Clash+1","floor":44},{"not_picked":["Finesse","PanicButton","Dark Shackles"],"picked":"Singing Bowl","floor":46}],"player_experience":492757,"relics_obtained":[{"floor":7,"key":"PreservedInsect"},{"floor":9,"key":"Oddly Smooth Stone"},{"floor":11,"key":"Centennial Puzzle"},{"floor":23,"key":"Singing Bowl"},{"floor":26,"key":"Art of War"},{"floor":43,"key":"MealTicket"}],"event_choices":[{"damage_healed":0,"gold_gain":175,"player_choice":"AGREE","damage_taken":0,"max_hp_gain":0,"max_hp_loss":0,"event_name":"Liars Game","floor":13,"gold_loss":0,"cards_obtained":["Doubt"]},{"damage_healed":0,"gold_gain":100,"player_choice":"Pray","damage_taken":0,"max_hp_gain":0,"max_hp_loss":0,"event_name":"Golden Shrine","floor":14,"gold_loss":0},{"cards_removed":["Strike_R"],"damage_healed":0,"gold_gain":0,"player_choice":"Gave Gold","damage_taken":0,"max_hp_gain":0,"max_hp_loss":0,"event_name":"Beggar","floor":21,"gold_loss":75},{"damage_healed":0,"gold_gain":0,"player_choice":"Paid Gold","damage_taken":0,"relics_obtained":["CeramicFish"],"max_hp_gain":0,"max_hp_loss":0,"event_name":"WeMeetAgain","floor":22,"gold_loss":63},{"damage_healed":0,"gold_gain":0,"player_choice":"Ignored","damage_taken":0,"max_hp_gain":0,"max_hp_loss":0,"event_name":"SecretPortal","floor":36,"gold_loss":0},{"damage_healed":0,"gold_gain":0,"player_choice":"Memory 1","damage_taken":0,"max_hp_gain":0,"max_hp_loss":0,"event_name":"SensoryStone","floor":46,"gold_loss":0}],"is_beta":false,"boss_relics":[{"not_picked":["Velvet Choker","Fusion Hammer"],"picked":"Runic Dome"},{"not_picked":["Astrolabe","SacredBark"],"picked":"Sozu"}],"items_purged_floors":[20,27,29,39],"is_endless":false,"potions_floor_spawned":[2,3,7,19,23,25,31,33,35,41],"ascension_level":5}}