{"host":"3a1ypf1irl30q4k8","time":1612461361,"event":{"mods":["AchievementEnabler","BaseMod","Bestiary","Colored Map","Minty Spire (QoL Compilation)","Relic Stats","ojb\u0027s Info Mod"],"gold_per_floor":[119,79,89,103,114,147,157,157,157,157,157,175,175,175,175,295,295,318,318,59,59,59,85,85,98,152,170,170,188,188,223,223,223,223],"floor_reached":33,"language":"ENG","playtime":1376,"items_purged":["Strike_R"],"score":381,"play_id":"98d91219-f38c-471c-a13b-7cab2b89c195","local_time":"20210204175601","is_ascension_mode":true,"campfire_choices":[{"data":"Inflame","floor":11,"key":"SMITH"},{"data":"Sever Soul","floor":13,"key":"SMITH"},{"data":"Thunderclap","floor":15,"key":"SMITH"},{"floor":24,"key":"RECALL"},{"data":"Cleave","floor":28,"key":"SMITH"},{"data":"Flame Barrier","floor":32,"key":"SMITH"}],"circlet_count":0,"master_deck":["Strike_R","Strike_R","Strike_R","Strike_R","Defend_R","Defend_R","Defend_R","Defend_R","Bash","Twin Strike","Inflame+1","Flame Barrier+1","Second Wind","Offering","Thunderclap+1","Parasite","Sever Soul+1","Reaper","Flex+1","Ghostly+1","Ghostly","Ghostly","Ghostly","Ghostly+1","Seeing Red","Writhe","Shockwave+1","Seeing Red","Cleave+1","Flex+1","RitualDagger"],"relics":["Burning Blood","Mummified Hand","Bag of Marbles","InkBottle","Runic Pyramid","Strange Spoon","War Paint","Nloth\u0027s Gift","Kunai","Pen Nib"],"acts_visited":["Exordium","TheCity"],"potions_floor_usage":[3,6,12,16,18,23,23,25,25,31],"damage_taken":[{"damage":7,"enemies":"Jaw Worm","floor":1,"turns":3},{"damage":0,"enemies":"Cultist","floor":3,"turns":2},{"damage":7,"enemies":"Small Slimes","floor":4,"turns":3},{"damage":14,"enemies":"Blue Slaver","floor":5,"turns":4},{"damage":23,"enemies":"Gremlin Nob","floor":6,"turns":4},{"damage":11,"enemies":"Exordium Wildlife","floor":7,"turns":4},{"damage":8,"enemies":"2 Fungi Beasts","floor":12,"turns":3},{"damage":71,"enemies":"Slime Boss","floor":16,"turns":11},{"damage":6,"enemies":"Chosen","floor":18,"turns":3},{"damage":8,"enemies":"Slavers","floor":23,"turns":6},{"damage":0,"enemies":"3 Byrds","floor":25,"turns":1},{"damage":17,"enemies":"Snecko","floor":27,"turns":7},{"damage":11,"enemies":"Shelled Parasite and Fungi","floor":29,"turns":9},{"damage":4,"enemies":"Gremlin Leader","floor":31,"turns":5},{"damage":79,"enemies":"Collector","floor":33,"turns":9}],"seed_played":"1613301620007895615","potions_obtained":[{"floor":2,"key":"BloodPotion"},{"floor":2,"key":"LiquidMemories"},{"floor":2,"key":"ElixirPotion"},{"floor":5,"key":"Dexterity Potion"},{"floor":6,"key":"LiquidBronze"},{"floor":12,"key":"Ancient Potion"},{"floor":16,"key":"Fruit Juice"},{"floor":18,"key":"GamblersBrew"},{"floor":23,"key":"DistilledChaos"},{"floor":27,"key":"CultistPotion"}],"is_trial":false,"path_per_floor":["M","?","M","M","M","E","M","?","T","?","R","M","R","T","R","B",null,"M","?","$","?","?","E","R","M","T","M","R","M","?","E","R","B"],"character_chosen":"IRONCLAD","items_purchased":["Strange Spoon","Seeing Red"],"campfire_rested":0,"item_purchase_floors":[20,20],"current_hp_per_floor":[87,87,88,87,79,62,57,79,79,57,57,72,72,72,72,7,68,79,46,46,46,46,46,46,46,46,46,46,46,40,46,46,0,0],"gold":223,"neow_bonus":"TEN_PERCENT_HP_BONUS","is_daily":false,"chose_seed":false,"campfire_upgraded":5,"win_rate":0.0,"timestamp":1612461361,"path_taken":["M","?","M","?","M","E","M","?","T","?","R","M","R","?","R","BOSS","M","?","$","?","?","E","R","M","T","?","R","M","?","E","R","BOSS"],"items_purchased_type":["Relic","Card"],"build_version":"2020-12-22","purchased_purges":1,"victory":false,"max_hp_per_floor":[88,88,88,88,88,88,88,88,88,88,88,88,88,88,88,88,88,93,46,46,46,46,46,46,46,46,46,46,46,46,46,46,46,46],"relic_stats":{"Strange Spoon":[22],"counters":[15,74],"Mummified Hand":[11],"Pen Nib":[1],"Nloth\u0027s Gift":3,"Kunai":[1],"War Paint":["Ghostly","Ghostly"],"obtain_stats":[{"Strange Spoon":20,"Mummified Hand":6,"Golden Idol":10,"Pen Nib":31,"Bag of Marbles":9,"Nloth\u0027s Gift":22,"Kunai":23,"War Paint":21,"Burning Blood":0,"InkBottle":14,"Runic Pyramid":17},{"Strange Spoon":9,"Mummified Hand":5,"Golden Idol":6,"Pen Nib":14,"Bag of Marbles":6,"Nloth\u0027s Gift":9,"Kunai":10,"War Paint":9,"Burning Blood":0,"InkBottle":7,"Runic Pyramid":8},{"Strange Spoon":37,"Mummified Hand":16,"Golden Idol":20,"Pen Nib":65,"Bag of Marbles":20,"Nloth\u0027s Gift":37,"Kunai":43,"War Paint":37,"Burning Blood":0,"InkBottle":23,"Runic Pyramid":34}],"Burning Blood":61,"InkBottle":[15]},"card_choices":[{"not_picked":["Body Slam","Flex"],"picked":"Twin Strike","floor":1},{"not_picked":["Flame Barrier","Heavy Blade"],"picked":"Inflame","floor":3},{"not_picked":["Iron Wave","Headbutt"],"picked":"Flame Barrier","floor":4},{"not_picked":["Combust","Clash"],"picked":"Second Wind","floor":5},{"not_picked":["Intimidate","Reckless Charge"],"picked":"Offering","floor":6},{"not_picked":["Wild Strike","Heavy Blade"],"picked":"Thunderclap","floor":7},{"not_picked":["Wild Strike","Metallicize"],"picked":"Sever Soul","floor":12},{"not_picked":["Offering","Juggernaut"],"picked":"Reaper","floor":16},{"not_picked":["Sever Soul","Clash"],"picked":"Flex+1","floor":18},{"not_picked":["Fiend Fire","Juggernaut"],"picked":"Shockwave+1","floor":23},{"not_picked":["Thunderclap","Shockwave+1"],"picked":"Seeing Red","floor":25},{"not_picked":["Headbutt","Thunderclap"],"picked":"Cleave","floor":27},{"not_picked":["Cleave+1","Anger+1"],"picked":"Flex+1","floor":29},{"not_picked":["Brutality","Shockwave","Searing Blow"],"picked":"SKIP","floor":31}],"player_experience":1321980,"relics_obtained":[{"floor":6,"key":"Mummified Hand"},{"floor":9,"key":"Bag of Marbles"},{"floor":14,"key":"InkBottle"},{"floor":23,"key":"Kunai"},{"floor":31,"key":"Pen Nib"}],"event_choices":[{"damage_healed":0,"gold_gain":0,"player_choice":"Bought 3 Potions","damage_taken":0,"max_hp_gain":0,"max_hp_loss":0,"event_name":"The Woman in Blue","floor":2,"gold_loss":0},{"damage_healed":22,"gold_gain":0,"player_choice":"Healed and dodged fight","damage_taken":0,"max_hp_gain":0,"max_hp_loss":0,"event_name":"Mushrooms","floor":8,"gold_loss":0,"cards_obtained":["Parasite"]},{"damage_healed":0,"gold_gain":0,"player_choice":"Take Damage","damage_taken":22,"relics_obtained":["Golden Idol"],"max_hp_gain":0,"max_hp_loss":0,"event_name":"Golden Idol","floor":10,"gold_loss":0},{"damage_healed":0,"gold_gain":0,"player_choice":"Became a Ghost","damage_taken":0,"max_hp_gain":0,"max_hp_loss":47,"event_name":"Ghosts","floor":19,"gold_loss":0,"cards_obtained":["Ghostly","Ghostly","Ghostly","Ghostly","Ghostly"]},{"damage_healed":0,"gold_gain":0,"player_choice":"Opened","damage_taken":0,"relics_obtained":["War Paint"],"max_hp_gain":0,"max_hp_loss":0,"event_name":"The Mausoleum","floor":21,"gold_loss":0,"cards_obtained":["Writhe"]},{"damage_healed":0,"gold_gain":0,"player_choice":"Traded Relic","damage_taken":0,"relics_obtained":["Nloth\u0027s Gift"],"max_hp_gain":0,"max_hp_loss":0,"event_name":"N\u0027loth","floor":22,"relics_lost":["Golden Idol"],"gold_loss":0},{"damage_healed":0,"gold_gain":0,"player_choice":"Joined the Cult","damage_taken":6,"max_hp_gain":0,"max_hp_loss":0,"event_name":"Nest","floor":30,"gold_loss":0,"cards_obtained":["RitualDagger"]}],"is_beta":false,"boss_relics":[{"not_picked":["Runic Cube","Black Star"],"picked":"Runic Pyramid"}],"items_purged_floors":[20],"is_endless":false,"potions_floor_spawned":[5,6,12,16,18,23,27],"killed_by":"Collector","ascension_level":5}}