{"host":"l4am8ae7vj09bp0g","time":1612436752,"event":{"mods":["Act Like it!","BaseMod","Colored Powertips","Conspire","LagranYue(¿≠∏Ò¿ °§‘¬)","Minty Spire (QoL Compilation)","Quick Restart","Relic Filter","Reliquary","Replay The Spire","Shop Mod","StSLib","SuperFastMode","TestMod"],"gold_per_floor":[118,12,12,25,39,139,173,173,200,218,229,262,35,61,118,218,218,237,8,8,8],"floor_reached":20,"language":"ZHS","playtime":849,"items_purged":[],"score":359,"play_id":"0cbedc91-5b40-4269-a6d5-cf29058d9661","local_time":"20210204190552","daily_mods":["SealedDeck","Heirloom","DeadlyEvents","Elite Swarm","Uncertain Future"],"is_ascension_mode":true,"campfire_choices":[],"circlet_count":0,"master_deck":["Flame Barrier","Pommel Strike+1","Rage","Body Slam+1","Pommel Strike+1","Infernal Blade","Shrug It Off","Shrug It Off","Ghostly Armor","Shrug It Off","Offering+1","Offering+1","Barricade","Entrench","True Grit"],"relics":["Burning Blood","testmod-TestBox","LagranYue:RandomDrawCardRelic","testmod-Maize","Replay:Multitool","Art of War","MerchantsRug","Guide Book","Whetstone","reliquary:TridentHead"],"acts_visited":["Exordium","TheCity"],"potions_floor_usage":[14],"damage_taken":[{"damage":0.0,"enemies":"Jaw Worm","floor":1.0,"turns":4.0},{"damage":0.0,"enemies":"Cultist","floor":4.0,"turns":4.0},{"damage":0.0,"enemies":"2 Louse","floor":5.0,"turns":2.0},{"damage":0.0,"enemies":"3 Sentries","floor":7.0,"turns":8.0},{"damage":0.0,"enemies":"Exordium Wildlife","floor":10.0,"turns":4.0},{"damage":0.0,"enemies":"Looter","floor":11.0,"turns":3.0},{"damage":0,"enemies":"Lagavulin","floor":12,"turns":8},{"damage":0,"enemies":"Gremlin Nob","floor":14,"turns":2},{"damage":0,"enemies":"Fading Forest","floor":16,"turns":11},{"damage":0,"enemies":"Shell Parasite","floor":18,"turns":10},{"damage":0,"enemies":"Chosen","floor":20,"turns":6}],"seed_played":"-3685120685586200691","potions_obtained":[{"floor":1.0,"key":"Adrenaline Potion"},{"floor":12,"key":"LifebloodPotion"},{"floor":14,"key":"BloodPotion"},{"floor":16,"key":"Strength Potion"}],"is_trial":true,"path_per_floor":["M","$","?","M","M","R","E","R","T","M","M","E","$","E","R","B",null,"M","$","M"],"character_chosen":"IRONCLAD","items_purchased":["Offering","MerchantsRug","Guide Book","reliquary:TridentHead"],"campfire_rested":0,"item_purchase_floors":[2,13,13,19],"current_hp_per_floor":[1,1,1,1,1,1,1,1,1,1,1,1,1,1,1,1,1,1,1,1,1],"gold":8,"neow_bonus":"","is_daily":false,"chose_seed":false,"campfire_upgraded":0,"win_rate":0.0,"timestamp":1612436752,"path_taken":["M","$","?","M","M","R","E","R","T","M","?","E","?","E","R","BOSS","M","?","M"],"items_purchased_type":["Card","Relic","Relic","Relic"],"build_version":"2020-12-22","purchased_purges":0,"victory":false,"max_hp_per_floor":[1,1,1,1,1,1,1,1,1,1,1,1,1,1,1,1,1,1,1,1,1],"card_choices":[{"not_picked":["Twin Strike","Blood for Blood"],"picked":"Shrug It Off","floor":1.0},{"not_picked":["ReplayTheSpireMod:LeadingStrike","Hemokinesis","Intimidate"],"picked":"SKIP","floor":4.0},{"not_picked":["Flex","Wild Strike","Anger"],"picked":"SKIP","floor":5.0},{"not_picked":["Brutality","Demonic Infusion"],"picked":"Barricade","floor":7.0},{"not_picked":["Flex","Headbutt","Flame Barrier"],"picked":"SKIP","floor":10.0},{"not_picked":["Dual Wield","Heavy Blade","Replay:Undeath\u0027s Touch"],"picked":"SKIP","floor":11.0},{"not_picked":["Limit Break","Bludgeon","Hemogenesis"],"picked":"SKIP","floor":12},{"not_picked":["Double Tap","Exhume","Offering"],"picked":"SKIP","floor":14},{"not_picked":["Iron Wave+1","Headbutt"],"picked":"True Grit","floor":18}],"player_experience":58763,"relics_obtained":[{"floor":7.0,"key":"MealTicket"},{"floor":9.0,"key":"Replay:Mystery Machine"},{"floor":12,"key":"Art of War"},{"floor":14,"key":"Whetstone"}],"event_choices":[{"damage_healed":0.0,"max_hp_gain":0.0,"max_hp_loss":0.0,"gold_gain":0.0,"event_name":"Upgrade Shrine","player_choice":"Upgraded","floor":3.0,"gold_loss":0.0,"damage_taken":0.0,"cards_upgraded":["Body Slam"]},{"damage_healed":0.0,"max_hp_gain":0.0,"max_hp_loss":0.0,"gold_gain":100.0,"event_name":"Wheel of Change","player_choice":"Gold","floor":6.0,"gold_loss":0.0,"damage_taken":0.0},{"damage_healed":0,"gold_gain":57,"player_choice":"Gained Gold","damage_taken":0,"max_hp_gain":0,"max_hp_loss":0,"event_name":"Golden Wing","floor":15,"gold_loss":0}],"is_beta":false,"boss_relics":[{"not_picked":["testmod-DeterminationOfClimber","Snecko Heart","testmod-PortableAltar"]}],"items_purged_floors":[],"is_endless":true,"potions_floor_spawned":[1,12,14,16],"killed_by":"Chosen","ascension_level":1}}