{"host":"avjwtc49fhlk6kym","time":1612460769,"event":{"mods":["AchievementEnabler","BaseMod","Better Match","Better Note","Better Third Choice","Colored Map","Colored Powertips","Displayed Cursed Tome","Highlight Path","Minty Spire (QoL Compilation)","Permanent Neow","Quick Restart","StSLib"],"gold_per_floor":[109,125,200,200,213,241,241,267,267,267,280,280,300,4,4,105,105,125,138,157,157,157,157],"floor_reached":22,"language":"ENG","playtime":694,"items_purged":[],"score":196,"play_id":"ae8506e9-217a-444c-8e55-dfd9bfd127f6","local_time":"20210204124609","is_ascension_mode":false,"campfire_choices":[{"floor":7.0,"key":"REST"},{"floor":12.0,"key":"REST"},{"data":"CrushJoints","floor":15,"key":"SMITH"}],"circlet_count":0,"master_deck":["Strike_P","Strike_P","Strike_P","Strike_P","Defend_P","Defend_P","Defend_P","Eruption","Vigilance","Panacea","FearNoEvil","Wallop","CrushJoints+1","ReachHeaven","PathToVictory","Consecrate","Brilliance","LessonLearned","BattleHymn","CrushJoints"],"relics":["PureWater","Mummified Hand","Shuriken","Question Card","Incense Burner","HandDrill","Omamori"],"acts_visited":["Exordium","TheCity"],"potions_floor_usage":[16,18,19],"damage_taken":[{"damage":6.0,"enemies":"Jaw Worm","floor":1.0,"turns":3.0},{"damage":4.0,"enemies":"2 Louse","floor":2.0,"turns":2.0},{"damage":0.0,"enemies":"Cultist","floor":5.0,"turns":2.0},{"damage":13.0,"enemies":"3 Sentries","floor":6.0,"turns":9.0},{"damage":25.0,"enemies":"Gremlin Nob","floor":8.0,"turns":5.0},{"damage":0.0,"enemies":"Blue Slaver","floor":11.0,"turns":2.0},{"damage":8,"enemies":"Red Slaver","floor":13,"turns":2},{"damage":22,"enemies":"Hexaghost","floor":16,"turns":9},{"damage":17,"enemies":"Spheric Guardian","floor":18,"turns":4},{"damage":11,"enemies":"Shell Parasite","floor":19,"turns":4},{"damage":32,"enemies":"Centurion and Healer","floor":20,"turns":5},{"damage":18,"enemies":"Shelled Parasite and Fungi","floor":22,"turns":1}],"seed_played":"-39768507927990048","potions_obtained":[{"floor":1.0,"key":"Block Potion"},{"floor":11.0,"key":"Block Potion"},{"floor":16,"key":"PowerPotion"},{"floor":18,"key":"DuplicationPotion"}],"is_trial":false,"path_per_floor":["M","M","?","?","M","E","R","E","T","?","M","R","M","$","R","B",null,"M","M","M","?","M"],"character_chosen":"WATCHER","items_purchased":["HandDrill","Omamori"],"campfire_rested":2,"item_purchase_floors":[14,14],"current_hp_per_floor":[66,62,51,44,44,31,52,27,27,27,27,48,40,40,40,18,72,55,44,12,12,0,0],"gold":157,"neow_bonus":"RANDOM_COLORLESS","is_daily":false,"chose_seed":false,"campfire_upgraded":1,"win_rate":0.0,"timestamp":1612460769,"path_taken":["M","M","?","?","M","E","R","E","T","?","M","R","M","$","R","BOSS","M","M","?","?","M"],"items_purchased_type":["Relic","Relic"],"build_version":"2020-12-22","purchased_purges":0,"victory":false,"max_hp_per_floor":[72,72,72,72,72,72,72,72,72,72,72,72,72,72,72,72,72,72,72,72,72,72,72],"card_choices":[{"not_picked":["Madness","Impatience"],"picked":"Panacea","floor":0.0},{"not_picked":["Crescendo","SashWhip"],"picked":"FearNoEvil","floor":1.0},{"not_picked":["ClearTheMind","BowlingBash"],"picked":"Wallop","floor":2.0},{"not_picked":["Swivel","ClearTheMind"],"picked":"CrushJoints","floor":5.0},{"not_picked":["EmptyBody","Crescendo"],"picked":"ReachHeaven","floor":6.0},{"not_picked":["Collect","Fasting2"],"picked":"PathToVictory","floor":8.0},{"not_picked":["DeceiveReality","Protect","EmptyBody"],"picked":"Consecrate","floor":11.0},{"not_picked":["BowlingBash","Consecrate","CarveReality"],"picked":"Brilliance","floor":13},{"not_picked":["ConjureBlade","Brilliance","Scrawl"],"picked":"LessonLearned","floor":16},{"not_picked":["MentalFortress","EmptyMind","Tantrum"],"picked":"BattleHymn","floor":18},{"not_picked":["EmptyMind","EmptyFist","Crescendo","Nirvana"],"picked":"SKIP","floor":19},{"not_picked":["EmptyFist","BowlingBash+1","PathToVictory"],"picked":"CrushJoints","floor":20}],"player_experience":430565,"relics_obtained":[{"floor":6.0,"key":"Mummified Hand"},{"floor":8.0,"key":"Shuriken"},{"floor":9.0,"key":"Question Card"},{"floor":10.0,"key":"Incense Burner"}],"event_choices":[{"damage_healed":0.0,"max_hp_gain":0.0,"max_hp_loss":0.0,"gold_gain":75.0,"event_name":"betterThird:BetterGoop","player_choice":"Gold","floor":3.0,"gold_loss":0.0,"damage_taken":11.0},{"cards_removed":["Defend_P"],"damage_healed":0.0,"max_hp_gain":0.0,"max_hp_loss":0.0,"gold_gain":0.0,"event_name":"Golden Wing","player_choice":"Card Removal","floor":4.0,"gold_loss":0.0,"damage_taken":7.0},{"damage_healed":0.0,"max_hp_gain":0.0,"max_hp_loss":0.0,"gold_gain":0.0,"event_name":"Wheel of Change","player_choice":"Relic","floor":10.0,"gold_loss":0.0,"damage_taken":0.0},{"cards_removed":["Strike_P"],"damage_healed":0,"gold_gain":0,"player_choice":"Give","damage_taken":0,"max_hp_gain":0,"max_hp_loss":0,"event_name":"betterNote:BetterNote","floor":21,"gold_loss":0,"cards_obtained":["Strike_P"]}],"is_beta":false,"boss_relics":[{"not_picked":["Fusion Hammer","Ectoplasm","Coffee Dripper"]}],"items_purged_floors":[],"is_endless":false,"potions_floor_spawned":[1,11,16,18],"killed_by":"Shelled Parasite and Fungi","ascension_level":0}}