{"host":"8fnghcq8tvbg6z9e","time":1612437635,"event":{"mods":["Ascension Reborn","BaseMod","Conspire","Downfall","Minty Spire (QoL Compilation)","Quick Restart","StSLib"],"gold_per_floor":[99,99,49,98,18,18,94,94,130,156,192,192,92,25,51,209,209,109,114,114,114],"floor_reached":19,"language":"ZHS","playtime":770,"items_purged":["sneckomod:Strike"],"score":186,"play_id":"2ccf0924-ac68-4fcb-9a65-11ff83c93f44","local_time":"20210204192035","is_ascension_mode":true,"campfire_choices":[{"floor":1.0,"key":"RECALL"},{"data":"sneckomod:TailWhip","floor":6.0,"key":"SMITH"},{"data":"sneckomod:UnendingSupply","floor":8.0,"key":"SMITH"},{"data":"sneckomod:SnekBite","floor":13.0,"key":"SMITH"},{"data":"sneckomod:UnknownRareSkill","floor":18,"key":"SMITH"}],"circlet_count":0,"master_deck":["sneckomod:Strike","sneckomod:Strike","sneckomod:Defend","sneckomod:Defend","sneckomod:TailWhip+1","sneckomod:SnekBite+1","sneckomod:Unknown","sneckomod:Unknown","conspire:SpireCoStock","sneckomod:UnendingSupply+1","sneckomod:DiceCrush","sneckomod:DiceBlock","sneckomod:UnknownBlock","sneckomod:UnknownClassGREEN","sneckomod:UnknownClassSLIMEBOUND","sneckomod:QuickBite","sneckomod:UnknownUncommonPower","sneckomod:Unknown1Cost","sneckomod:UnknownRareSkill+1"],"relics":["sneckomod:SneckoSoul","downfall:HeartsMalice","CeramicFish","Ancient Tea Set","downfall:HeartBlessingRed","Sozu","downfall:HeartBlessingBlue"],"acts_visited":["Exordium","TheCity"],"potions_floor_usage":[16],"damage_taken":[{"damage":0.0,"enemies":"2 Louse","floor":2.0,"turns":1.0},{"damage":0.0,"enemies":"downfall:FleeingMerchant","floor":5.0,"turns":1.0},{"damage":0.0,"enemies":"Gremlin Nob","floor":9.0,"turns":1.0},{"damage":10.0,"enemies":"Jaw Worm","floor":10.0,"turns":5.0},{"damage":0.0,"enemies":"Cultist","floor":11.0,"turns":4.0},{"damage":0.0,"enemies":"downfall:FleeingMerchant","floor":14.0,"turns":4.0},{"damage":15.0,"enemies":"Exordium Wildlife","floor":15.0,"turns":2.0},{"damage":50,"enemies":"DF_ARCHETYPE_STREAMLINE","floor":16,"turns":11},{"damage":1,"enemies":"3 Byrds","floor":19,"turns":2}],"seed_played":"-9016063776675039510","potions_obtained":[{"floor":10.0,"key":"BlessingOfTheForge"},{"floor":11.0,"key":"FearPotion"},{"floor":15.0,"key":"sneckomod:DiceRollPotion"},{"floor":16,"key":"FearPotion"}],"is_trial":false,"path_per_floor":["R","M","?","T","$","R","T","R","E","M","M","?","R","$","M","B",null,"R","M"],"character_chosen":"THE_SNECKO","items_purchased":["sneckomod:DiceCrush","sneckomod:QuickBite","sneckomod:UnknownUncommonPower"],"campfire_rested":0,"item_purchase_floors":[5,14,14],"current_hp_per_floor":[90,90,90,90,90,90,90,90,90,80,80,80,80,80,65,30,90,100,99,99,99],"gold":114,"neow_bonus":"THREE_ENEMY_KILL","is_daily":false,"chose_seed":false,"campfire_upgraded":4,"win_rate":0.0,"timestamp":1612437635,"path_taken":["R","M","?","?","?","R","T","R","E","?","?","?","R","?","M","BOSS","R","M"],"items_purchased_type":["Card","Card","Card"],"build_version":"2020-12-22","purchased_purges":1,"victory":false,"max_hp_per_floor":[90,90,90,90,90,90,90,90,90,90,90,90,90,90,90,90,90,100,100,100,100],"card_choices":[{"not_picked":["sneckomod:Nope","sneckomod:SoulCleanse","sneckomod:SoulRoll"],"picked":"SKIP","floor":2.0},{"not_picked":["sneckomod:MasterEye","sneckomod:SoulCleanse"],"picked":"sneckomod:UnendingSupply","floor":5.0},{"not_picked":["sneckomod:SoulRoll","sneckomod:TrashToTreasure"],"picked":"sneckomod:DiceBlock","floor":9.0},{"not_picked":["sneckomod:ImprovisedGuard","sneckomod:SnakeSap"],"picked":"sneckomod:UnknownBlock","floor":10.0},{"not_picked":["sneckomod:Memorize","sneckomod:ImprovisedGuard"],"picked":"sneckomod:UnknownClassGREEN","floor":11.0},{"not_picked":["sneckomod:Unknown1Cost","sneckomod:UnknownUncommonPower"],"picked":"sneckomod:UnknownClassSLIMEBOUND","floor":14.0},{"not_picked":["sneckomod:DefensiveFlair","sneckomod:UnknownCommonSkill"],"picked":"sneckomod:Unknown1Cost","floor":15.0},{"not_picked":["sneckomod:SoulExchange","sneckomod:Unknown3Cost"],"picked":"sneckomod:UnknownRareSkill","floor":16}],"player_experience":177003,"relics_obtained":[{"floor":4.0,"key":"CeramicFish"},{"floor":9.0,"key":"Ancient Tea Set"}],"event_choices":[{"damage_healed":0.0,"max_hp_gain":0.0,"max_hp_loss":0.0,"gold_gain":0.0,"event_name":"conspire:Investor","player_choice":"Invest 1","floor":3.0,"gold_loss":0.0,"damage_taken":0.0},{"cards_removed":["sneckomod:Defend"],"damage_healed":0.0,"max_hp_gain":0.0,"max_hp_loss":0.0,"gold_gain":0.0,"event_name":"Living Wall","player_choice":"Forget","floor":12.0,"gold_loss":0.0,"damage_taken":0.0}],"is_beta":false,"boss_relics":[{"not_picked":["Cursed Key","Runic Dome"],"picked":"Sozu"}],"items_purged_floors":[5],"is_endless":false,"potions_floor_spawned":[10,11,15,16],"killed_by":"3 Byrds","ascension_level":0}}