{"host":"pmmuxs046gii331m","time":1612447523,"event":{"mods":["AchievementEnabler","BaseMod","Colored Powertips","Downfall","Gold Saver","Infinite Spire","Minty Spire (QoL Compilation)","Permanent Neow","Quick Restart","StSLib"],"gold_per_floor":[3210,3224,3224,3324,3339,3339,3386,3403,3403,3417,3444,3456,3456,3141,3161,3161,3161],"floor_reached":16,"language":"ENG","playtime":1369,"items_purged":["hexamod:Strike"],"score":102,"play_id":"da85255d-9985-4aac-9e98-3d380d0c8b54","local_time":"20210204090523","is_ascension_mode":false,"campfire_choices":[{"data":"hexamod:Float","floor":1,"key":"SMITH"},{"data":"hexamod:HexaLevel","floor":9,"key":"SMITH"},{"floor":13,"key":"REST"}],"circlet_count":0,"master_deck":["hexamod:Strike","hexamod:Strike","hexamod:Strike","hexamod:Defend","hexamod:Defend","hexamod:Defend","hexamod:Sear","hexamod:Float+1","hexamod:AdvancingGuard","hexamod:FlamesFromBeyond","hexamod:FastForward","hexamod:HexaLevel+1","hexamod:ExtraCrispy","hexamod:RadiantFlame","hexamod:BurningTouch","hexamod:StepThrough"],"relics":["hexamod:SpiritBrand","InkBottle","Tiny Chest","Shuriken","Ancient Tea Set"],"acts_visited":["Exordium"],"potions_floor_usage":[11,16,16,16],"damage_taken":[{"damage":2,"enemies":"2 Louse","floor":2,"turns":4},{"damage":0,"enemies":"Small Slimes","floor":5,"turns":3},{"damage":8,"enemies":"infinitespire:Voidling","floor":8,"turns":3},{"damage":0,"enemies":"3 Louse","floor":10,"turns":3},{"damage":30,"enemies":"3 Sentries","floor":11,"turns":6},{"damage":10,"enemies":"Red Slaver","floor":12,"turns":4},{"damage":0,"enemies":"downfall:FleeingMerchant","floor":14,"turns":4},{"damage":8,"enemies":"Exordium Wildlife","floor":15,"turns":4},{"damage":24,"enemies":"DF_ARCHETYPE_STREAMLINE","floor":16,"turns":3}],"seed_played":"-8973133679020761386","potions_obtained":[{"floor":6,"key":"hexamod:InfernoChargePotion"},{"floor":6,"key":"Strength Potion"},{"floor":6,"key":"DistilledChaos"},{"floor":11,"key":"Dexterity Potion"}],"is_trial":false,"path_per_floor":["R","M","?","?","M","?","T","M","R","M","E","M","R","$","M","B"],"character_chosen":"THE_SPIRIT","items_purchased":["Ancient Tea Set","hexamod:StepThrough"],"campfire_rested":1,"item_purchase_floors":[14,14],"current_hp_per_floor":[70,68,50,50,50,50,50,42,42,42,12,2,23,23,15,0,0],"gold":3161,"neow_bonus":"TRANSFORM_CARD","is_daily":false,"chose_seed":false,"campfire_upgraded":2,"win_rate":0.0,"timestamp":1612447523,"path_taken":["R","M","?","?","?","?","T","M","R","?","E","M","R","$","M","BOSS"],"items_purchased_type":["Relic","Card"],"build_version":"2020-12-22","purchased_purges":1,"victory":false,"max_hp_per_floor":[70,70,70,70,70,70,70,70,70,70,70,70,70,70,70,70,70],"card_choices":[{"not_picked":["hexamod:HeatMetal","hexamod:AdvancingGuard"],"picked":"hexamod:FlamesFromBeyond","floor":2},{"not_picked":["hexamod:Hexaguard","hexamod:GhostLash"],"picked":"hexamod:FastForward","floor":5},{"not_picked":["hexamod:GhostShield","hexamod:Incineration"],"picked":"hexamod:HexaLevel","floor":8},{"not_picked":["hexamod:GhostLash","hexamod:NightmareStrike"],"picked":"hexamod:ExtraCrispy","floor":10},{"not_picked":["hexamod:NightmareGuise","hexamod:SecondSeal"],"picked":"hexamod:RadiantFlame","floor":11},{"not_picked":["hexamod:EtherealExpedition","hexamod:PhantomCloak"],"picked":"hexamod:BurningTouch","floor":12},{"not_picked":["hexamod:BacktrackSmack","hexamod:Hexaguard","hexamod:Toasty"],"picked":"SKIP","floor":14},{"not_picked":["hexamod:BacktrackSmack","hexamod:NightmareStrike","hexamod:GhostOfSpirePast"],"picked":"SKIP","floor":15}],"player_experience":457373,"relics_obtained":[{"floor":7,"key":"Tiny Chest"},{"floor":11,"key":"Shuriken"}],"event_choices":[{"damage_healed":0,"gold_gain":0,"player_choice":"Success","damage_taken":18,"relics_obtained":["InkBottle"],"max_hp_gain":0,"max_hp_loss":0,"event_name":"Scrap Ooze","floor":3,"gold_loss":0},{"damage_healed":0,"gold_gain":0,"player_choice":"Got Potions","damage_taken":0,"max_hp_gain":0,"max_hp_loss":0,"event_name":"Lab","floor":6,"gold_loss":0}],"is_beta":false,"boss_relics":[],"items_purged_floors":[14],"is_endless":false,"potions_floor_spawned":[11,12,15],"killed_by":"DF_ARCHETYPE_STREAMLINE","ascension_level":0}}