{"host":"kq5z4hx2798lxd5l","time":1612482731,"event":{"mods":["BaseMod","Better Note","BetterRewards","Colored Map","Colored Powertips","Downfall","Hermit","Hubris","Infinite Spire","Jorbs\u0027s Wanderer Trilogy","Marisa????????","Minty Spire (QoL Compilation)","Rare Cards Sparkle","Reliquary","Replay The Spire","StSLib","The Cursed","The Disciple","The Hierophant","The Necromancer","The Runesmith","The Servant 0.9.4"],"gold_per_floor":[164,175,190,209,229,259,259,274,297,312,312,326,326,339,339,438,438,438,438],"floor_reached":18,"language":"SPA","playtime":1023,"items_purged":[],"score":168,"play_id":"f6137c04-8ce5-49c2-96a3-68a8666b2b0b","local_time":"20210204235211","is_ascension_mode":false,"campfire_choices":[{"data":"hermit:EternalForm","floor":11,"key":"SMITH"},{"data":"hermit:Glare","floor":15,"key":"SMITH"}],"circlet_count":0,"master_deck":["hermit:Strike_Hermit+1","hermit:Strike_Hermit","hermit:Strike_Hermit","hermit:Strike_Hermit","hermit:Defend_Hermit","hermit:Defend_Hermit","hermit:Defend_Hermit","hermit:Defend_Hermit","hermit:Snapshot","hermit:Covet","hermit:Showdown+1","hermit:Dive","hermit:GhostlyPresence","hermit:GhostlyPresence","hermit:EternalForm+1","hermit:BigShot","hermit:TrackingShot","hermit:TrackingShot","hermit:TrackingShot","hermit:Glare+1","hermit:RoundhouseKick"],"relics":["Tiny House","ReplayTheSpireMod:Lightbulb","hubris:Towel","hubris:TenFootPole","hubris:BlackHole"],"acts_visited":["Exordium","TheCity"],"potions_floor_usage":[6,16,16],"damage_taken":[{"damage":0,"enemies":"Small Slimes","floor":1,"turns":2},{"damage":0,"enemies":"Jaw Worm","floor":2,"turns":3},{"damage":1,"enemies":"2 Louse","floor":3,"turns":3},{"damage":7,"enemies":"Exordium Thugs","floor":4,"turns":6},{"damage":0,"enemies":"Looter","floor":5,"turns":4},{"damage":23,"enemies":"Gremlin Nob","floor":6,"turns":4},{"damage":9,"enemies":"Large Slime","floor":8,"turns":4},{"damage":12,"enemies":"Exordium Thugs","floor":10,"turns":5},{"damage":6,"enemies":"Blue Slaver","floor":12,"turns":4},{"damage":2,"enemies":"3 Louse","floor":14,"turns":4},{"damage":18,"enemies":"Hexaghost","floor":16,"turns":12},{"damage":0,"enemies":"Shell Parasite","floor":18,"turns":4}],"seed_played":"2636677216331469819","potions_obtained":[{"floor":0,"key":"FearPotion"},{"floor":1,"key":"Explosive Potion"},{"floor":2,"key":"SpeedPotion"},{"floor":8,"key":"Swift Potion"},{"floor":12,"key":"sneckomod:MuddlingPotion"}],"is_trial":false,"path_per_floor":["M","M","M","M","M","E","?","M","T","M","R","M","?","M","R","B",null,"M"],"character_chosen":"HERMIT","items_purchased":[],"campfire_rested":0,"item_purchase_floors":[],"current_hp_per_floor":[80,80,79,72,72,49,49,40,40,28,28,22,22,20,20,2,80,80,80],"gold":438,"neow_bonus":"BOSS_RELIC","is_daily":false,"chose_seed":false,"campfire_upgraded":2,"win_rate":0.0,"timestamp":1612482731,"path_taken":["M","M","M","M","M","E","?","M","T","M","R","M","?","M","R","BOSS","M"],"items_purchased_type":[],"build_version":"2020-12-22","purchased_purges":0,"victory":false,"max_hp_per_floor":[80,80,80,80,80,80,80,80,80,80,80,80,80,80,80,80,80,80,80],"card_choices":[{"not_picked":["hermit:Cheat","hermit:Horror"],"picked":"hermit:Showdown","floor":0},{"not_picked":["hermit:Coalescence","hermit:Feint"],"picked":"hermit:Dive","floor":1},{"not_picked":["hermit:LowProfile","hermit:DeadMansHand"],"picked":"hermit:GhostlyPresence","floor":2},{"not_picked":["hermit:TakeCover","hermit:Snipe"],"picked":"hermit:GhostlyPresence","floor":3},{"not_picked":["hermit:Coalescence","hermit:HoleUp"],"picked":"hermit:EternalForm","floor":4},{"not_picked":["hermit:HighCaliber","hermit:Headshot"],"picked":"hermit:BigShot","floor":5},{"not_picked":["hermit:PistolWhip","hermit:Gestalt"],"picked":"hermit:TrackingShot","floor":6},{"not_picked":["hermit:TakeAim","hermit:TakeCover"],"picked":"hermit:TrackingShot","floor":8},{"not_picked":["hermit:OverwhelmingPower","hermit:Misfire"],"picked":"hermit:TrackingShot","floor":10},{"not_picked":["hermit:BodyArmor","hermit:Glare","hermit:TrackingShot"],"picked":"SKIP","floor":12},{"not_picked":["hermit:Ricochet","hermit:TrackingShot"],"picked":"hermit:Glare","floor":14},{"not_picked":["hermit:Reprieve","hermit:Adapt"],"picked":"hermit:RoundhouseKick","floor":16}],"player_experience":494913,"relics_obtained":[{"floor":6,"key":"ReplayTheSpireMod:Lightbulb"},{"floor":9,"key":"hubris:TenFootPole"}],"event_choices":[],"is_beta":false,"boss_relics":[{"not_picked":["hubris:GrandSneckoEye","Ectoplasm"],"picked":"hubris:BlackHole"}],"items_purged_floors":[],"is_endless":false,"potions_floor_spawned":[1,2,8,12],"killed_by":"Shell Parasite","ascension_level":0}}