{"host":"sav7uxregyirlf69","time":1612436066,"event":{"mods":["AchievementEnabler","BaseMod","Colored Map","DeckTracker","Keyboard Shortcuts","Minty Spire (QoL Compilation)","READ ME - Guardian Mod","StSLib","SuperFastMode"],"gold_per_floor":[113,113,113,8,29,73,94,112,112,148,148,223,266,285,285,285,285],"floor_reached":16,"language":"KOR","playtime":270,"items_purged":["Strike_R"],"score":340,"play_id":"8c713485-0860-42fc-b3a2-214c58fd6e81","local_time":"20210204195426","is_ascension_mode":true,"campfire_choices":[{"data":"Bash","floor":15,"key":"SMITH"}],"circlet_count":0,"master_deck":["AscendersBane","Strike_R","Strike_R","Strike_R","Defend_R","Defend_R","Defend_R","Defend_R","Bash+1","Pommel Strike","Pommel Strike","Bludgeon","Flame Barrier","Shrug It Off","Offering"],"relics":["Burning Blood","NeowsBlessing","Golden Idol","Regal Pillow","HornCleat","Lizard Tail","Paper Frog"],"acts_visited":["Exordium"],"potions_floor_usage":[10],"damage_taken":[{"damage":0,"enemies":"Cultist","floor":1,"turns":1},{"damage":0,"enemies":"Small Slimes","floor":5,"turns":2},{"damage":0,"enemies":"Lagavulin","floor":6,"turns":1},{"damage":6,"enemies":"2 Louse","floor":7,"turns":3},{"damage":9,"enemies":"2 Fungi Beasts","floor":8,"turns":3},{"damage":0,"enemies":"Gremlin Nob","floor":10,"turns":3},{"damage":40,"enemies":"Lagavulin","floor":13,"turns":6},{"damage":0,"enemies":"Blue Slaver","floor":14,"turns":4},{"damage":18,"enemies":"Hexaghost","floor":16,"turns":6}],"seed_played":"-3907104672337095670","potions_obtained":[{"floor":1,"key":"Fire Potion"},{"floor":6,"key":"Explosive Potion"},{"floor":13,"key":"SneckoOil"},{"floor":14,"key":"SpeedPotion"}],"is_trial":false,"path_per_floor":["M","?","?","$","M","E","M","M","T","E","?","?","E","M","R","B"],"character_chosen":"IRONCLAD","items_purchased":["Pommel Strike"],"campfire_rested":0,"item_purchase_floors":[4],"current_hp_per_floor":[74,74,48,48,54,60,60,57,57,63,56,45,11,17,17,37,37],"gold":285,"neow_bonus":"THREE_ENEMY_KILL","is_daily":false,"chose_seed":false,"campfire_upgraded":1,"win_rate":0.0,"timestamp":1612436066,"path_taken":["M","?","?","$","M","E","M","M","T","E","?","?","E","M","R","BOSS"],"items_purchased_type":["Card"],"build_version":"2020-12-22","purchased_purges":1,"victory":false,"max_hp_per_floor":[75,75,75,75,75,75,75,75,75,75,75,75,75,75,75,75,75],"card_choices":[{"not_picked":["Metallicize","Entrench"],"picked":"Pommel Strike","floor":1},{"not_picked":["Clothesline","Sentinel","Headbutt"],"picked":"SKIP","floor":5},{"not_picked":["Combust","Searing Blow"],"picked":"Bludgeon","floor":6},{"not_picked":["Havoc","Rampage","Thunderclap"],"picked":"SKIP","floor":7},{"not_picked":["Heavy Blade","Clash","Armaments"],"picked":"SKIP","floor":8},{"not_picked":["Cleave","Twin Strike"],"picked":"Flame Barrier","floor":10},{"not_picked":["Perfected Strike","Clothesline"],"picked":"Shrug It Off","floor":13},{"not_picked":["Headbutt","Wild Strike"],"picked":"Offering","floor":14}],"player_experience":1485564,"relics_obtained":[{"floor":6,"key":"Regal Pillow"},{"floor":9,"key":"HornCleat"},{"floor":10,"key":"Lizard Tail"},{"floor":13,"key":"Paper Frog"}],"event_choices":[{"damage_healed":0,"gold_gain":0,"player_choice":"Ignored","damage_taken":0,"max_hp_gain":0,"max_hp_loss":0,"event_name":"Liars Game","floor":2,"gold_loss":0},{"damage_healed":0,"gold_gain":0,"player_choice":"Take Damage","damage_taken":26,"relics_obtained":["Golden Idol"],"max_hp_gain":0,"max_hp_loss":0,"event_name":"Golden Idol","floor":3,"gold_loss":0},{"cards_removed":["Strike_R"],"damage_healed":0,"gold_gain":0,"player_choice":"Card Removal","damage_taken":7,"max_hp_gain":0,"max_hp_loss":0,"event_name":"Golden Wing","floor":11,"gold_loss":0},{"damage_healed":0,"gold_gain":75,"player_choice":"Gather Gold","damage_taken":11,"max_hp_gain":0,"max_hp_loss":0,"event_name":"World of Goop","floor":12,"gold_loss":0}],"is_beta":false,"boss_relics":[],"items_purged_floors":[4],"is_endless":false,"potions_floor_spawned":[1,6,13,14],"killed_by":"Hexaghost","ascension_level":20}}