{"host":"d2y4rmbezebiv8aj","time":1612438965,"event":{"mods":["AchievementEnabler","BaseMod","Bestiary","BetterRewards","Colored Map","Colored Powertips","Custom Start","Highlight Path","Minty Spire (QoL Compilation)","Quick Restart","Rare Cards Sparkle","Relic Sorter","Relic Stats","Shop Mod","Slay-I","StSLib","SuperFastMode"],"gold_per_floor":[112,112,59,78,78,78,78],"floor_reached":6,"language":"DEU","playtime":124,"items_purged":[],"score":58,"play_id":"e9c8a6a4-9cd4-4413-b0ef-5b1188600a25","local_time":"20210204124245","is_ascension_mode":true,"campfire_choices":[],"circlet_count":0,"master_deck":["AscendersBane","Strike_G","Strike_G","Strike_G","Strike_G","Strike_G","Defend_G","Defend_G","Defend_G","Defend_G","Defend_G","Survivor","Neutralize","Cloak And Dagger","Poisoned Stab","Sucker Punch","Cloak And Dagger"],"relics":["Ring of the Snake"],"acts_visited":["Exordium"],"potions_floor_usage":[6],"damage_taken":[{"damage":5,"enemies":"Small Slimes","floor":1,"turns":6},{"damage":0,"enemies":"Cultist","floor":4,"turns":4},{"damage":63,"enemies":"Gremlin Nob","floor":6,"turns":5}],"seed_played":"7923050203159635005","potions_obtained":[{"floor":4,"key":"ColorlessPotion"}],"is_trial":false,"path_per_floor":["M","?","$","M","?","E"],"character_chosen":"THE_SILENT","items_purchased":["Cloak And Dagger","Sucker Punch"],"campfire_rested":0,"item_purchase_floors":[0,3],"current_hp_per_floor":[54,54,54,54,54,0,0],"gold":78,"neow_bonus":"","is_daily":false,"chose_seed":false,"campfire_upgraded":0,"win_rate":0.0,"timestamp":1612438965,"path_taken":["M","?","?","M","?","E"],"items_purchased_type":["Card","Card"],"build_version":"2020-12-22","purchased_purges":0,"victory":false,"max_hp_per_floor":[66,66,66,66,66,66,66],"relic_stats":{"counters":[17,77],"obtain_stats":[{"NeowsBlessing":0,"Blue Candle":5,"Juzu Bracelet":9,"Ring of the Snake":0,"Meat on the Bone":6},{"NeowsBlessing":0,"Blue Candle":4,"Juzu Bracelet":6,"Ring of the Snake":0,"Meat on the Bone":5},{"NeowsBlessing":0,"Blue Candle":8,"Juzu Bracelet":18,"Ring of the Snake":0,"Meat on the Bone":15}],"Ring of the Snake":[34]},"card_choices":[{"not_picked":["Slice","Flying Knee"],"picked":"Poisoned Stab","floor":1},{"not_picked":["Dagger Spray","Tactician"],"picked":"Cloak And Dagger","floor":4}],"player_experience":411662,"relics_obtained":[],"event_choices":[{"damage_healed":0,"gold_gain":0,"player_choice":"Ignored","damage_taken":0,"max_hp_gain":0,"max_hp_loss":0,"event_name":"Transmorgrifier","floor":2,"gold_loss":0},{"damage_healed":0,"gold_gain":0,"player_choice":"Bought 0 Potions","damage_taken":0,"max_hp_gain":0,"max_hp_loss":0,"event_name":"The Woman in Blue","floor":5,"gold_loss":0}],"is_beta":false,"boss_relics":[],"items_purged_floors":[],"is_endless":false,"potions_floor_spawned":[4],"killed_by":"Gremlin Nob","ascension_level":14}}