{"host":"nwd160me4iqdtr8u","time":1612432675,"event":{"mods":["AchievementEnabler","Act Like it!","BaseMod","Colored Map","DeckTracker","Hallownest","Keyboard Shortcuts","Minty Spire (QoL Compilation)","Quick Restart","Rare Cards Sparkle","Smile Girya","StSLib","SuperFastMode","The Bug Knight","everything is the same but u backflip on backflip"],"gold_per_floor":[117,117,22,122,135,135,195,222,275,291,291,169,180,195,195,296,296,309,319,319,319],"floor_reached":20,"language":"KOR","playtime":746,"items_purged":["Strike_B"],"score":218,"play_id":"aae1490b-b6a1-48ff-a210-c2b0bbdebbfc","local_time":"20210204185755","is_ascension_mode":true,"campfire_choices":[{"data":"Dualcast","floor":6,"key":"SMITH"},{"data":"Rip and Tear","floor":11,"key":"SMITH"},{"data":"Streamline","floor":15,"key":"SMITH"}],"circlet_count":0,"master_deck":["Strike_B","Strike_B","Defend_B","Defend_B","Defend_B","Defend_B","Zap","Dualcast+1","Coolheaded","Steam","Flash of Steel","Rip and Tear+1","Beam Cell","Streamline+1","Aggregate","Consume","Ball Lightning","Echo Form","Leap+1","Redo"],"relics":["Cracked Core","NeowsBlessing","Bottled Flame","Vajra","Smiling Mask","Coffee Dripper"],"acts_visited":["Exordium","TheCity"],"potions_floor_usage":[16,19],"damage_taken":[{"damage":0,"enemies":"Jaw Worm","floor":1,"turns":1},{"damage":0,"enemies":"2 Louse","floor":5,"turns":1},{"damage":0,"enemies":"Gremlin Nob","floor":7,"turns":1},{"damage":24,"enemies":"Lagavulin","floor":8,"turns":6},{"damage":0,"enemies":"Cultist","floor":10,"turns":2},{"damage":8,"enemies":"Blue Slaver","floor":13,"turns":3},{"damage":2,"enemies":"Exordium Thugs","floor":14,"turns":4},{"damage":30,"enemies":"Slime Boss","floor":16,"turns":10},{"damage":18,"enemies":"Spheric Guardian","floor":18,"turns":4},{"damage":23,"enemies":"3 Byrds","floor":19,"turns":4},{"damage":19,"enemies":"Centurion and Healer","floor":20,"turns":7}],"seed_played":"-6319874173119829815","potions_obtained":[{"floor":1,"key":"DuplicationPotion"},{"floor":8,"key":"Energy Potion"},{"floor":10,"key":"BlessingOfTheForge"},{"floor":13,"key":"Dexterity Potion"}],"is_trial":false,"path_per_floor":["M","?","$","?","M","R","?","E","T","M","R","$","M","M","R","B",null,"M","M","M"],"character_chosen":"DEFECT","items_purchased":["Flash of Steel","Consume"],"campfire_rested":0,"item_purchase_floors":[3,12],"current_hp_per_floor":[75,75,75,75,75,75,75,51,51,51,51,51,43,41,41,11,59,41,18,0,0],"gold":319,"neow_bonus":"THREE_ENEMY_KILL","is_daily":false,"chose_seed":false,"campfire_upgraded":3,"win_rate":0.0,"timestamp":1612432675,"path_taken":["M","?","$","?","?","R","?","E","T","M","R","?","M","M","R","BOSS","M","M","M"],"items_purchased_type":["Card","Card"],"build_version":"2020-12-22","purchased_purges":1,"victory":false,"max_hp_per_floor":[75,75,75,75,75,75,75,75,75,75,75,75,75,75,75,75,75,75,75,75,75],"card_choices":[{"not_picked":["Conserve Battery","Sweeping Beam"],"picked":"Coolheaded","floor":1},{"not_picked":["Coolheaded","Sweeping Beam"],"picked":"Rip and Tear","floor":5},{"not_picked":["Barrage","Hello World"],"picked":"Beam Cell","floor":7},{"not_picked":["Beam Cell","Reinforced Body"],"picked":"Streamline","floor":8},{"not_picked":["Barrage","Gash"],"picked":"Aggregate","floor":10},{"not_picked":["Go for the Eyes","Biased Cognition"],"picked":"Ball Lightning","floor":13},{"not_picked":["Compile Driver","Steam","Beam Cell"],"picked":"SKIP","floor":14},{"not_picked":["Thunder Strike","Creative AI"],"picked":"Echo Form","floor":16},{"not_picked":["Compile Driver","Darkness+1"],"picked":"Leap+1","floor":18},{"not_picked":["Melter","Gash"],"picked":"Redo","floor":19}],"player_experience":416588,"relics_obtained":[{"floor":7,"key":"Bottled Flame"},{"floor":8,"key":"Vajra"},{"floor":9,"key":"Smiling Mask"}],"event_choices":[{"damage_healed":0,"gold_gain":0,"cards_transformed":["Strike_B"],"player_choice":"Change","damage_taken":0,"max_hp_gain":0,"max_hp_loss":0,"event_name":"Living Wall","floor":2,"gold_loss":0,"cards_obtained":["Steam"]},{"damage_healed":0,"gold_gain":100,"player_choice":"Pray","damage_taken":0,"max_hp_gain":0,"max_hp_loss":0,"event_name":"Golden Shrine","floor":4,"gold_loss":0},{"damage_healed":0,"gold_gain":0,"player_choice":"Searched \u00271\u0027 times","damage_taken":0,"max_hp_gain":0,"max_hp_loss":0,"event_name":"Dead Adventurer","floor":7,"gold_loss":0}],"is_beta":false,"boss_relics":[{"not_picked":["Tiny House","Sozu"],"picked":"Coffee Dripper"}],"items_purged_floors":[12],"is_endless":false,"potions_floor_spawned":[1,8,10,13],"killed_by":"Centurion and Healer","ascension_level":5}}