{"host":"9kesdg97wkrx2bva","time":1612478768,"event":{"mods":["AchievementEnabler","BaseMod","Colored Map","GifTheSpireLib","Infinite Spire","Minty Spire (QoL Compilation)","Replay The Spire","StSLib"],"gold_per_floor":[115,115,10,10,25,61,61,84,84,9,9,9,36,49,49,135,135,161,186,186,186,186],"floor_reached":21,"language":"ENG","playtime":419,"items_purged":["Strike_B"],"score":388,"play_id":"bf15cb7c-df9e-4fb0-bbd5-62736766e1ea","local_time":"20210204164608","is_ascension_mode":true,"campfire_choices":[{"data":"Zap","floor":7,"key":"SMITH"},{"data":"Dualcast","floor":12,"key":"SMITH"},{"data":"Strike_B","floor":15,"key":"PURGE"}],"circlet_count":0,"master_deck":["AscendersBane","Defend_B","Defend_B","Defend_B","Zap+1","Dualcast+1","Rebound","Streamline","Skim","Scrape","Streamline","All For One","Panic Button","Go for the Eyes"],"relics":["Cracked Core","NeowsBlessing","CeramicFish","TungstenRod","Anchor","Replay:Drink Me"],"acts_visited":["Exordium","TheCity"],"potions_floor_usage":[13,14,16,19,19],"damage_taken":[{"damage":0,"enemies":"2 Louse","floor":1,"turns":1},{"damage":0,"enemies":"Jaw Worm","floor":5,"turns":1},{"damage":0,"enemies":"Gremlin Nob","floor":6,"turns":1},{"damage":0,"enemies":"Cultist","floor":8,"turns":2},{"damage":0,"enemies":"Exordium Thugs","floor":13,"turns":3},{"damage":0,"enemies":"Lots of Slimes","floor":14,"turns":1},{"damage":31,"enemies":"The Guardian","floor":16,"turns":10},{"damage":14,"enemies":"Chosen","floor":18,"turns":4},{"damage":10,"enemies":"2 Thieves","floor":19,"turns":3},{"damage":29,"enemies":"Shelled Parasite and Fungi","floor":21,"turns":3}],"seed_played":"-3823851555407915015","potions_obtained":[{"floor":1,"key":"Weak Potion"},{"floor":6,"key":"Fire Potion"},{"floor":13,"key":"AttackPotion"},{"floor":16,"key":"EssenceOfDarkness"},{"floor":18,"key":"Strength Potion"}],"is_trial":false,"path_per_floor":["M","?","$","?","M","E","R","M","T","$","?","R","M","M","R_BF","B",null,"M","M","?","M"],"character_chosen":"DEFECT","items_purchased":["Streamline","Sweeping Beam"],"campfire_rested":0,"item_purchase_floors":[3,3],"current_hp_per_floor":[64,69,69,64,64,64,64,64,64,64,64,64,64,64,64,33,51,37,27,27,0,0],"gold":186,"neow_bonus":"THREE_ENEMY_KILL","is_daily":false,"chose_seed":false,"campfire_upgraded":2,"win_rate":0.0,"timestamp":1612478768,"path_taken":["M","?","$","?","M","E","R","M","T","?","?","R","M","M","R_BF","BOSS","M","M","?","?"],"items_purchased_type":["Card","Card"],"build_version":"2020-12-22","purchased_purges":1,"victory":false,"max_hp_per_floor":[71,76,76,76,76,76,76,76,76,76,76,76,76,76,76,76,57,57,57,57,57,57],"card_choices":[{"not_picked":["Doom and Gloom","Storm"],"picked":"Rebound","floor":1},{"not_picked":["Cold Snap","Sweeping Beam","BasicCrystalCard"],"picked":"SKIP","floor":5},{"not_picked":["Genetic Algorithm","Reboot"],"picked":"Skim","floor":6},{"not_picked":["Rip and Tear","Streamline"],"picked":"Scrape","floor":8},{"not_picked":["BasicCrystalCard","Rebound"],"picked":"Streamline","floor":13},{"not_picked":["Skim","Stack","Panic Button"],"picked":"SKIP","floor":14},{"not_picked":["Creative AI","Thunder Strike"],"picked":"All For One","floor":16},{"not_picked":["Turbo+1","Ball Lightning"],"picked":"Panic Button","floor":18},{"not_picked":["Blizzard","Chill"],"picked":"Go for the Eyes","floor":19}],"player_experience":1009941,"relics_obtained":[{"floor":6,"key":"TungstenRod"},{"floor":9,"key":"Anchor"}],"event_choices":[{"damage_healed":0,"gold_gain":0,"player_choice":"Donut","damage_taken":0,"max_hp_gain":5,"max_hp_loss":0,"event_name":"Big Fish","floor":2,"gold_loss":0},{"damage_healed":0,"gold_gain":0,"player_choice":"Success","damage_taken":5,"relics_obtained":["CeramicFish"],"max_hp_gain":0,"max_hp_loss":0,"event_name":"Scrap Ooze","floor":4,"gold_loss":0},{"cards_removed":["Defend_B"],"damage_healed":0,"gold_gain":0,"player_choice":"Purged","damage_taken":0,"max_hp_gain":0,"max_hp_loss":0,"event_name":"Purifier","floor":20,"gold_loss":0}],"is_beta":false,"boss_relics":[{"not_picked":["Runic Dome","Inserter"],"picked":"Replay:Drink Me"}],"items_purged_floors":[10],"is_endless":false,"potions_floor_spawned":[1,6,13,16,18],"killed_by":"Shelled Parasite and Fungi","ascension_level":18}}