{"host":"8is2j71l4wmybkoi","time":1612455428,"event":{"mods":["AchievementEnabler","BaseMod","Colored Map","Minty Spire (QoL Compilation)","Rare Cards Sparkle","StSLib","SuperFastMode"],"gold_per_floor":[109,109,109,122,137,137,165,176,203,203,217,251,35,35,35,114,114,125,142,161,175,175,175,191,201,201,234,244,244,244,276,276,353,403,422,433,35,46,64,64,64],"floor_reached":40,"language":"KOR","playtime":2078,"items_purged":["Strike_B","Defend_B"],"score":799,"play_id":"5e4dcf51-1ec3-403d-bfbf-1185e6810b40","local_time":"20210205011708","is_ascension_mode":true,"campfire_choices":[{"data":"Zap","floor":6.0,"key":"SMITH"},{"data":"Dualcast","floor":10.0,"key":"SMITH"},{"data":"Defragment","floor":15.0,"key":"SMITH"},{"data":"Double Energy","floor":23.0,"key":"SMITH"},{"data":"Darkness","floor":29,"key":"SMITH"},{"data":"Hologram","floor":32,"key":"SMITH"}],"circlet_count":0,"master_deck":["AscendersBane","Strike_B+1","Defend_B","Defend_B","Defend_B","Zap+1","Dualcast+1","Ball Lightning","Sweeping Beam","Barrage","Coolheaded","Meteor Strike","Hologram+1","Undo","Double Energy+1","Defragment+1","Reinforced Body","Compile Driver","Cold Snap","Compile Driver","Rebound","Darkness+1","Conserve Battery","Buffer","Glacier","Redo+1","Self Repair","Beam Cell+1"],"relics":["Cracked Core","NeowsBlessing","Centennial Puzzle","Orichalcum","Oddly Smooth Stone","Nuclear Battery","Singing Bowl","Akabeko","TungstenRod","Tiny House","Medical Kit"],"acts_visited":["Exordium","TheCity","TheBeyond"],"potions_floor_usage":[27,31,36,38,39,40],"damage_taken":[{"damage":0.0,"enemies":"2 Louse","floor":1.0,"turns":1.0},{"damage":0.0,"enemies":"Cultist","floor":4.0,"turns":1.0},{"damage":0.0,"enemies":"Jaw Worm","floor":5.0,"turns":1.0},{"damage":21.0,"enemies":"Gremlin Nob","floor":7.0,"turns":4.0},{"damage":7.0,"enemies":"Exordium Wildlife","floor":8.0,"turns":3.0},{"damage":0.0,"enemies":"Gremlin Gang","floor":11.0,"turns":2.0},{"damage":17.0,"enemies":"3 Sentries","floor":12.0,"turns":6.0},{"damage":3.0,"enemies":"Slime Boss","floor":16.0,"turns":10.0},{"damage":2.0,"enemies":"Chosen","floor":18.0,"turns":4.0},{"damage":13.0,"enemies":"Shell Parasite","floor":19.0,"turns":5.0},{"damage":12.0,"enemies":"Snake Plant","floor":20.0,"turns":3.0},{"damage":5.0,"enemies":"Shelled Parasite and Fungi","floor":21.0,"turns":6.0},{"damage":0.0,"enemies":"Snecko","floor":24.0,"turns":3.0},{"damage":2.0,"enemies":"Snake Plant","floor":25.0,"turns":4.0},{"damage":6,"enemies":"Book of Stabbing","floor":27,"turns":3},{"damage":3,"enemies":"Centurion and Healer","floor":28,"turns":4},{"damage":2,"enemies":"Slavers","floor":31,"turns":4},{"damage":62,"enemies":"Champ","floor":33,"turns":13},{"damage":0,"enemies":"3 Shapes","floor":35,"turns":5},{"damage":8,"enemies":"Orb Walker","floor":36,"turns":5},{"damage":18,"enemies":"Maw","floor":38,"turns":10},{"damage":10,"enemies":"Jaw Worm Horde","floor":39,"turns":5},{"damage":51,"enemies":"Reptomancer","floor":40,"turns":7}],"seed_played":"-5851703275951694825","potions_obtained":[{"floor":4.0,"key":"EssenceOfSteel"},{"floor":5.0,"key":"Dexterity Potion"},{"floor":7.0,"key":"SneckoOil"},{"floor":19.0,"key":"EssenceOfSteel"},{"floor":20.0,"key":"AttackPotion"},{"floor":24.0,"key":"Fire Potion"},{"floor":28,"key":"Block Potion"},{"floor":33,"key":"Swift Potion"},{"floor":34,"key":"Ancient Potion"},{"floor":38,"key":"SkillPotion"},{"floor":39,"key":"Block Potion"}],"is_trial":false,"path_per_floor":["M","?","?","M","M","R","E","M","T","R","M","E","$","?","R","B",null,"M","M","M","M","?","R","M","M","T","E","M","R","?","E","R","B",null,"M","M","$","M","M","E"],"character_chosen":"DEFECT","items_purchased":["Defragment","Reinforced Body","Medical Kit","Self Repair","DuplicationPotion"],"campfire_rested":0,"item_purchase_floors":[13,13,37,37,37],"current_hp_per_floor":[64,64,64,64,64,64,43,36,36,36,36,19,19,19,19,16,57,55,42,30,25,81,81,81,79,79,73,70,70,70,70,70,8,69,69,63,63,52,51,0,0],"gold":64,"neow_bonus":"THREE_ENEMY_KILL","is_daily":false,"chose_seed":false,"campfire_upgraded":6,"win_rate":0.0,"timestamp":1612455428,"path_taken":["M","?","?","?","M","R","E","M","T","R","?","E","$","?","R","BOSS","M","M","M","M","?","R","M","M","T","E","?","R","?","E","R","BOSS","M","M","$","?","?","E"],"items_purchased_type":["Card","Card","Relic","Card","Potion"],"build_version":"2020-12-22","purchased_purges":2,"victory":false,"max_hp_per_floor":[71,71,71,71,71,71,71,71,71,71,71,71,71,71,71,71,71,71,71,71,71,81,81,81,81,81,81,81,81,81,83,83,83,88,88,90,90,90,92,92,92],"card_choices":[{"not_picked":["Streamline","Defragment"],"picked":"Ball Lightning","floor":1.0},{"not_picked":["Auto Shields","Redo"],"picked":"Barrage","floor":4.0},{"not_picked":["Hello World","Beam Cell"],"picked":"Coolheaded","floor":5.0},{"not_picked":["Melter","Double Energy"],"picked":"Meteor Strike","floor":7.0},{"not_picked":["Barrage","Compile Driver"],"picked":"Hologram","floor":8.0},{"not_picked":["Beam Cell","Leap"],"picked":"Undo","floor":11.0},{"not_picked":["Steam Power","Coolheaded"],"picked":"Double Energy","floor":12.0},{"not_picked":["Thunder Strike","Fission"],"picked":"Buffer","floor":16.0},{"not_picked":["Gash","Auto Shields"],"picked":"Compile Driver","floor":18.0},{"not_picked":["Ball Lightning","FTL","Compile Driver"],"picked":"SKIP","floor":19.0},{"not_picked":["Go for the Eyes","Barrage"],"picked":"Cold Snap","floor":20.0},{"not_picked":["Ball Lightning","Steam+1"],"picked":"Compile Driver","floor":21.0},{"not_picked":["Rip and Tear","Blizzard","Steam"],"picked":"SKIP","floor":24.0},{"not_picked":["Barrage","Steam Power"],"picked":"Rebound","floor":25.0},{"not_picked":["All For One","Barrage"],"picked":"Darkness","floor":27},{"not_picked":["Cold Snap","Beam Cell"],"picked":"Conserve Battery","floor":28},{"not_picked":["Blizzard","Beam Cell","Ball Lightning+1"],"picked":"Singing Bowl","floor":31},{"not_picked":["Seek","Thunder Strike"],"picked":"Buffer","floor":33},{"not_picked":["Barrage","Steam"],"picked":"Glacier","floor":34},{"not_picked":["Leap","Beam Cell"],"picked":"Redo+1","floor":35},{"not_picked":["Beam Cell","Steam","Gash+1"],"picked":"Singing Bowl","floor":36},{"not_picked":["Glacier","Rip and Tear"],"picked":"Beam Cell+1","floor":38},{"not_picked":["Beam Cell+1","Self Repair","Redo"],"picked":"Singing Bowl","floor":39}],"player_experience":971046,"relics_obtained":[{"floor":7.0,"key":"Centennial Puzzle"},{"floor":9.0,"key":"Orichalcum"},{"floor":12.0,"key":"Oddly Smooth Stone"},{"floor":26.0,"key":"Singing Bowl"},{"floor":27,"key":"Akabeko"},{"floor":31,"key":"TungstenRod"}],"event_choices":[{"cards_removed":["Strike_B"],"damage_healed":0.0,"max_hp_gain":0.0,"max_hp_loss":0.0,"gold_gain":0.0,"event_name":"Living Wall","player_choice":"Forget","floor":2.0,"gold_loss":0.0,"damage_taken":0.0},{"damage_healed":0.0,"max_hp_gain":0.0,"max_hp_loss":0.0,"gold_gain":0.0,"cards_transformed":["Strike_B"],"event_name":"Transmorgrifier","player_choice":"Transformed","floor":3.0,"gold_loss":0.0,"damage_taken":0.0,"cards_obtained":["Sweeping Beam"]},{"damage_healed":0.0,"max_hp_gain":0.0,"max_hp_loss":0.0,"gold_gain":0.0,"event_name":"Shining Light","player_choice":"Ignored","floor":14.0,"gold_loss":0.0,"damage_taken":0.0},{"cards_removed":["Buffer"],"damage_healed":46.0,"max_hp_gain":10.0,"max_hp_loss":0.0,"gold_gain":0.0,"event_name":"Bonfire Elementals","player_choice":"Offered Rare","floor":22.0,"gold_loss":0.0,"damage_taken":0.0},{"damage_healed":0,"gold_gain":0,"player_choice":"0 cards matched","damage_taken":0,"max_hp_gain":0,"max_hp_loss":0,"event_name":"Match and Keep!","floor":30,"gold_loss":0,"cards_obtained":[]}],"is_beta":false,"boss_relics":[{"not_picked":["Busted Crown","SacredBark"],"picked":"Nuclear Battery"},{"not_picked":["Velvet Choker","Runic Dome"],"picked":"Tiny House"}],"items_purged_floors":[13,37],"is_endless":false,"potions_floor_spawned":[4,5,7,19,20,24,28,33,35,38,39],"killed_by":"Reptomancer","ascension_level":15}}