{"host":"344lv32hnei0mdhu","time":1612411710,"event":{"mods":["Act Like it!","BaseMod","Better Match","Better Sensory Stone","Better Skull","Better Third Choice","Better Vampires","Colored Powertips","Highlight Path","Minty Spire (QoL Compilation)","Quick Restart","Random Character Button","Rare Cards Sparkle","StSLib"],"gold_per_floor":[109,109,128,128,128,128,160,180,180,194,45,55,55,65,65,170,170,186,186,204,204,217,217,142,142,142],"floor_reached":25,"language":"ENG","playtime":1262,"items_purged":[],"score":318,"play_id":"cef0bb92-20e4-4713-864b-ce9644bf5e1e","local_time":"20210203220830","is_ascension_mode":true,"campfire_choices":[{"data":"ForeignInfluence","floor":6.0,"key":"SMITH"},{"data":"Judgement","floor":15.0,"key":"SMITH"},{"floor":23.0,"key":"REST"}],"circlet_count":0,"master_deck":["AscendersBane","Strike_P","Defend_P+1","Defend_P","Defend_P","Eruption","Vigilance","PathToVictory","ForeignInfluence+1","Judgement+1","CarveReality","Consecrate","WaveOfTheHand","DevaForm","LessonLearned","SpiritShield","Vault","SignatureMove+1","Halt+1","Alpha+1","Ragnarok+1","ConjureBlade+1"],"relics":["PureWater","NeowsBlessing","Letter Opener","WarpedTongs","Kunai","Meat on the Bone","MealTicket","Empty Cage"],"acts_visited":["Exordium","TheCity"],"potions_floor_usage":[25],"damage_taken":[{"damage":0.0,"enemies":"2 Louse","floor":1.0,"turns":1.0},{"damage":0.0,"enemies":"Cultist","floor":3.0,"turns":1.0},{"damage":0.0,"enemies":"Jaw Worm","floor":5.0,"turns":1.0},{"damage":27.0,"enemies":"3 Sentries","floor":7.0,"turns":10.0},{"damage":4.0,"enemies":"Red Slaver","floor":8.0,"turns":2.0},{"damage":12.0,"enemies":"Exordium Thugs","floor":10.0,"turns":3.0},{"damage":0.0,"enemies":"Lots of Slimes","floor":12.0,"turns":1.0},{"damage":0.0,"enemies":"Large Slime","floor":14.0,"turns":2.0},{"damage":50.0,"enemies":"The Guardian","floor":16.0,"turns":8.0},{"damage":49.0,"enemies":"Chosen","floor":18.0,"turns":6.0},{"damage":10.0,"enemies":"3 Byrds","floor":20.0,"turns":5.0},{"damage":0.0,"enemies":"Shelled Parasite and Fungi","floor":22.0,"turns":3.0},{"damage":67,"enemies":"Gremlin Leader","floor":25,"turns":5}],"seed_played":"8729020989116776668","potions_obtained":[{"floor":3.0,"key":"GamblersBrew"},{"floor":8.0,"key":"Strength Potion"},{"floor":10.0,"key":"EntropicBrew"},{"floor":22.0,"key":"BottledMiracle"}],"is_trial":false,"path_per_floor":["M","?","M","?","M","R","E","M","T","M","$","M","$","M","R","B",null,"M","?","M","?","M","R","?","E"],"character_chosen":"WATCHER","items_purchased":["MealTicket"],"campfire_rested":1,"item_purchase_floors":[11],"current_hp_per_floor":[65,65,65,65,65,65,38,34,34,34,34,46,61,61,61,23,60,23,23,25,25,37,58,58,0,0],"gold":142,"neow_bonus":"THREE_ENEMY_KILL","is_daily":false,"chose_seed":false,"campfire_upgraded":2,"win_rate":0.0,"timestamp":1612411710,"path_taken":["M","?","?","?","?","R","E","M","T","M","?","?","$","M","R","BOSS","M","?","M","?","M","R","?","E"],"items_purchased_type":["Relic"],"build_version":"2020-12-22","purchased_purges":0,"victory":false,"max_hp_per_floor":[72,72,72,72,72,72,72,72,72,72,72,72,72,72,72,72,72,72,72,72,72,72,72,72,72,72],"card_choices":[{"not_picked":["SashWhip","FollowUp"],"picked":"Consecrate","floor":1.0},{"not_picked":["ThirdEye","EmptyBody"],"picked":"PathToVictory","floor":3.0},{"not_picked":["WreathOfFlame","Sanctity"],"picked":"ForeignInfluence","floor":5.0},{"not_picked":["PathToVictory","BowlingBash"],"picked":"Judgement","floor":7.0},{"not_picked":["Study","WreathOfFlame"],"picked":"CarveReality","floor":8.0},{"not_picked":["Crescendo","EmptyBody"],"picked":"Consecrate","floor":10.0},{"not_picked":["WreathOfFlame","Vengeance"],"picked":"WaveOfTheHand","floor":12.0},{"not_picked":["Halt","Collect"],"picked":"DevaForm","floor":14.0},{"not_picked":["Blasphemy","ConjureBlade"],"picked":"LessonLearned","floor":16.0},{"not_picked":["FlyingSleeves","ThirdEye+1","EmptyBody"],"picked":"SKIP","floor":18.0},{"not_picked":["PathToVictory","ReachHeaven+1"],"picked":"SignatureMove+1","floor":20.0},{"not_picked":["Consecrate","ThirdEye"],"picked":"Halt+1","floor":22.0},{"not_picked":["DeusExMachina+1","Establishment+1"],"picked":"Alpha+1","floor":24.0},{"not_picked":["SpiritShield+1","Vault+1"],"picked":"Ragnarok+1","floor":24.0},{"not_picked":["Alpha+1","MasterReality+1"],"picked":"ConjureBlade+1","floor":24.0}],"player_experience":399717,"relics_obtained":[{"floor":7.0,"key":"Kunai"},{"floor":9.0,"key":"Meat on the Bone"}],"event_choices":[{"cards_removed":["Consecrate"],"damage_healed":0.0,"max_hp_gain":0.0,"max_hp_loss":0.0,"gold_gain":0.0,"event_name":"WeMeetAgain","player_choice":"Gave Card","floor":2.0,"gold_loss":0.0,"damage_taken":0.0,"relics_obtained":["Letter Opener"]},{"damage_healed":0.0,"max_hp_gain":0.0,"max_hp_loss":0.0,"gold_gain":0.0,"event_name":"Accursed Blacksmith","player_choice":"Rummage","floor":4.0,"gold_loss":0.0,"damage_taken":0.0,"relics_obtained":["WarpedTongs"],"cards_obtained":["Pain"]},{"damage_healed":0.0,"max_hp_gain":0.0,"max_hp_loss":0.0,"gold_gain":0.0,"cards_transformed":["Defend_P","Strike_P"],"event_name":"Drug Dealer","player_choice":"Became Test Subject","floor":19.0,"gold_loss":0.0,"damage_taken":0.0,"cards_obtained":["SpiritShield","Vault"]},{"cards_removed":["Pain"],"damage_healed":0.0,"max_hp_gain":0.0,"max_hp_loss":0.0,"gold_gain":0.0,"event_name":"betterThird:BetterWriting","player_choice":"Elegance","floor":21.0,"gold_loss":0.0,"damage_taken":0.0},{"damage_healed":0.0,"max_hp_gain":0.0,"max_hp_loss":0.0,"gold_gain":0.0,"event_name":"betterMatch:BetterMatch","player_choice":"3","floor":24.0,"gold_loss":0.0,"damage_taken":0.0,"cards_obtained":["betterMatch:RareCard"]}],"is_beta":false,"boss_relics":[{"not_picked":["VioletLotus","Runic Dome"],"picked":"Empty Cage"}],"items_purged_floors":[],"is_endless":false,"potions_floor_spawned":[3,8,10,14,22],"killed_by":"Gremlin Leader","ascension_level":11}}