{"host":"1y3caoxlf2txzqg0","time":1612431047,"event":{"mods":["Alarm Clock","BaseMod","Clockwork Mod","Colored Map","DeckTracker","GifTheSpireLib","Minty Spire (QoL Compilation)","Rare Cards Sparkle","Relic Stats","Spire Birthday Party","StSLib"],"gold_per_floor":[115,115,133,153,167,167,187,221,221,1,18,28,28,28,28,28,28],"floor_reached":16,"language":"DEU","playtime":2807,"items_purged":[],"score":104,"play_id":"4f9bedaf-8e9e-462c-96bd-79fed1c21d84","local_time":"20210204103047","is_ascension_mode":false,"campfire_choices":[{"floor":6,"key":"RECALL"},{"floor":13,"key":"REST"},{"floor":15,"key":"REST"}],"circlet_count":0,"master_deck":["Clockwork:Strike","Clockwork:Strike","Clockwork:Strike","Clockwork:Strike","Clockwork:Shield","Clockwork:Shield","Clockwork:Shield","Clockwork:Shield","Clockwork:Tinker","Clockwork:WarmUp","Clockwork:ForgeStrike","Clockwork:CogToss","Clockwork:SiegeStrike","Clockwork:Efficiency","Clockwork:TimeOut","Clockwork:AssemblyLine","Clockwork:CogToss","Enlightenment","Clockwork:StasisBreak"],"relics":["Clockwork:MomentumEngine","Clockwork:BloodPhial","Singing Bowl","Darkstone Periapt"],"acts_visited":["Exordium"],"potions_floor_usage":[1,3,7,8,11,16],"damage_taken":[{"damage":7,"enemies":"Cultist","floor":1,"turns":5},{"damage":7,"enemies":"Small Slimes","floor":3,"turns":5},{"damage":8,"enemies":"2 Louse","floor":4,"turns":4},{"damage":11,"enemies":"2 Fungi Beasts","floor":5,"turns":4},{"damage":5,"enemies":"Large Slime","floor":7,"turns":8},{"damage":57,"enemies":"3 Sentries","floor":8,"turns":12},{"damage":0,"enemies":"3 Louse","floor":11,"turns":5},{"damage":0,"enemies":"Lots of Slimes","floor":12,"turns":5},{"damage":67,"enemies":"Hexaghost","floor":16,"turns":11}],"seed_played":"-6711405384433216149","potions_obtained":[{"floor":0,"key":"Weak Potion"},{"floor":0,"key":"EssenceOfSteel"},{"floor":0,"key":"Fire Potion"},{"floor":1,"key":"ColorlessPotion"},{"floor":8,"key":"SpeedPotion"},{"floor":11,"key":"Energy Potion"},{"floor":12,"key":"AttackPotion"}],"is_trial":false,"path_per_floor":["M","?","M","M","M","R","M","E","T","$","M","M","R","?","R","B"],"character_chosen":"CLOCKWORK","items_purchased":["Clockwork:AssemblyLine","Clockwork:CogToss","Enlightenment"],"campfire_rested":2,"item_purchase_floors":[10,10,10],"current_hp_per_floor":[78,78,73,69,60,60,57,2,2,2,4,8,34,34,60,0,0],"gold":28,"neow_bonus":"THREE_SMALL_POTIONS","is_daily":false,"chose_seed":false,"campfire_upgraded":0,"win_rate":0.0,"timestamp":1612431047,"path_taken":["M","?","M","?","M","R","M","E","T","$","M","M","R","?","R","BOSS"],"items_purchased_type":["Card","Card","Card"],"build_version":"2020-12-22","purchased_purges":0,"victory":false,"max_hp_per_floor":[85,85,85,85,85,85,85,85,85,85,85,87,87,87,87,87,87],"relic_stats":{"Darkstone Periapt":0,"Singing Bowl":2,"counters":[9,59],"obtain_stats":[{"Clockwork:MomentumEngine":0,"Darkstone Periapt":9,"Clockwork:BloodPhial":4,"Singing Bowl":8},{"Clockwork:MomentumEngine":0,"Darkstone Periapt":6,"Clockwork:BloodPhial":3,"Singing Bowl":6},{"Clockwork:MomentumEngine":0,"Darkstone Periapt":38,"Clockwork:BloodPhial":14,"Singing Bowl":38}]},"card_choices":[{"not_picked":["Clockwork:Enhance","Clockwork:ReserveSystems"],"picked":"Clockwork:CraftBloodPhial","floor":1},{"not_picked":["Clockwork:SnapKeep","Clockwork:ChargingBlade"],"picked":"Clockwork:ForgeStrike","floor":3},{"not_picked":["Clockwork:SearingStrike","Clockwork:SpurOn"],"picked":"Clockwork:CogToss","floor":4},{"not_picked":["Clockwork:CogShield","Clockwork:SystemScan"],"picked":"Clockwork:SiegeStrike","floor":5},{"not_picked":["Clockwork:FalseStart","Clockwork:Selectivity"],"picked":"Clockwork:Efficiency","floor":7},{"not_picked":["Clockwork:AdaptiveShield","Clockwork:QuantumStrike"],"picked":"Clockwork:TimeOut","floor":8},{"not_picked":["Clockwork:CogToss","Clockwork:HoardingStrike"],"picked":"Clockwork:StasisBreak","floor":11},{"not_picked":["Clockwork:Downsize","Clockwork:ReserveSystems","Clockwork:ChargingBlade"],"picked":"Singing Bowl","floor":12}],"player_experience":934512,"relics_obtained":[{"floor":8,"key":"Singing Bowl"},{"floor":9,"key":"Darkstone Periapt"}],"event_choices":[{"damage_healed":0,"gold_gain":0,"player_choice":"Upgraded","damage_taken":0,"max_hp_gain":0,"max_hp_loss":0,"event_name":"Upgrade Shrine","floor":2,"gold_loss":0,"cards_upgraded":["Clockwork:CraftBloodPhial"]},{"damage_healed":0,"gold_gain":0,"player_choice":"Searched \u00271\u0027 times","damage_taken":0,"max_hp_gain":0,"max_hp_loss":0,"event_name":"Dead Adventurer","floor":14,"gold_loss":0}],"is_beta":false,"boss_relics":[],"items_purged_floors":[],"is_endless":false,"potions_floor_spawned":[1,8,11,12],"killed_by":"Hexaghost","ascension_level":0}}