{"host":"92wx9z21c4p52du4","time":1612407911,"event":{"mods":["BaseMod","Downfall","Hermit","Minty Spire (QoL Compilation)","Reliquary","StSLib","The Hierophant"],"gold_per_floor":[99,118,129,139,149,166,191,208,208,228,241,258,258,8,27,123,123,123,133,148,158,158,172,224,174,174,9,9,39,39,49,64,193,193,193,207,207,282,299,12,39,71,71,84,84,84,84,134,148,148],"floor_reached":51,"language":"ENG","playtime":4629,"items_purged":["sneckomod:Unknown"],"score":770,"play_id":"7198332b-4bbd-4ebd-9dee-d5091ba66aad","local_time":"20210203210511","is_ascension_mode":false,"campfire_choices":[{"data":"sneckomod:UnknownBoss","floor":1,"key":"SMITH"},{"floor":13,"key":"REST"},{"data":"sneckomod:PureSnecko","floor":18,"key":"SMITH"},{"data":"sneckomod:DefensiveFlair","floor":35,"key":"SMITH"},{"data":"sneckomod:Restock","floor":43,"key":"SMITH"},{"data":"sneckomod:Unknown3Cost","floor":45,"key":"SMITH"},{"data":"sneckomod:SerpentMind","floor":47,"key":"SMITH"}],"circlet_count":0,"master_deck":["sneckomod:TailWhip","sneckomod:SnekBite","sneckomod:IronFang","sneckomod:UnknownDraw","sneckomod:QuickMove","sneckomod:UnknownBoss+1","sneckomod:MorePower","sneckomod:Unknown0Cost","sneckomod:QuickMove","ConjureBlade+1","sneckomod:UnknownBlock+1","sneckomod:UnknownDraw","sneckomod:UnknownBoss+1","sneckomod:SoulExchange","sneckomod:UnknownRareAttack+1","sneckomod:RainOfDice","sneckomod:UnknownRareAttack+1","sneckomod:SlitherStrike","bronze:Library+1","sneckomod:UnknownRareAttack+1","sneckomod:UnknownExhaust","sneckomod:Unknown3Cost+1","sneckomod:UnknownBlock","sneckomod:UnknownStrength+1","sneckomod:QuickBite","sneckomod:UnknownDraw","sneckomod:PureSnecko+1","sneckomod:QuickBite","sneckomod:Unknown0Cost","sneckomod:UnknownBlock","sneckomod:Restock+1","CurseOfTheBell","sneckomod:UnknownRarePower+1","sneckomod:UnknownUncommonPower+1","sneckomod:SoulRoll+1","sneckomod:UnknownRarePower+1","sneckomod:DefensiveFlair+1","sneckomod:UnknownExhaust+1","sneckomod:Unknown0Cost+1","downfall:Bewildered","sneckomod:UnknownRarePower+1","sneckomod:UnknownColorless","sneckomod:Rotation","sneckomod:MasterEye+1","sneckomod:UnknownStrength+1","sneckomod:QuickMove","sneckomod:Unknown3Cost+1","sneckomod:QuickBite","expansioncontent:LastStand","sneckomod:ImprovisedGuard+1","bronze:FunctionCard","sneckomod:UnknownX+1","sneckomod:SerpentMind+1","sneckomod:Rotation+1","sneckomod:Unknown0Cost+1"],"relics":["Pandora\u0027s Box","Bronze Scales","Calling Bell","reliquary:TatteredRug","reliquary:BallBearing","CaptainsWheel","Enchiridion","reliquary:TuningFork","Boot","sneckomod:BabySnecko","Strawberry","Eternal Feather","Philosopher\u0027s Stone","Ginger","Bag of Marbles","reliquary:SharkskinSheath","Calipers"],"acts_visited":["Exordium","TheCity","TheBeyond"],"potions_floor_usage":[6,14,19,19,21,29,32,33,39,39,42,48,49],"damage_taken":[{"damage":0,"enemies":"Cultist","floor":2,"turns":3},{"damage":8,"enemies":"Jaw Worm","floor":3,"turns":4},{"damage":8,"enemies":"2 Louse","floor":4,"turns":5},{"damage":0,"enemies":"Large Slime","floor":5,"turns":5},{"damage":8,"enemies":"2 Fungi Beasts","floor":6,"turns":3},{"damage":5,"enemies":"Lots of Slimes","floor":8,"turns":4},{"damage":12,"enemies":"3 Louse","floor":10,"turns":4},{"damage":21,"enemies":"Red Slaver","floor":11,"turns":3},{"damage":37,"enemies":"Exordium Thugs","floor":12,"turns":11},{"damage":2,"enemies":"downfall:FleeingMerchant","floor":14,"turns":4},{"damage":5,"enemies":"Looter","floor":15,"turns":3},{"damage":30,"enemies":"IC_STATUS_ARCHETYPE","floor":16,"turns":5},{"damage":13,"enemies":"Shell Parasite","floor":19,"turns":6},{"damage":12,"enemies":"Snake Plant","floor":20,"turns":4},{"damage":0,"enemies":"Snecko","floor":21,"turns":4},{"damage":15,"enemies":"Centurion and Healer","floor":23,"turns":4},{"damage":7,"enemies":"downfall:FleeingMerchant","floor":27,"turns":4},{"damage":28,"enemies":"Slavers","floor":29,"turns":4},{"damage":0,"enemies":"downfall:FleeingMerchant","floor":30,"turns":4},{"damage":0,"enemies":"Cultist and Chosen","floor":31,"turns":2},{"damage":1,"enemies":"Snecko","floor":32,"turns":4},{"damage":15,"enemies":"WA_ARCHETYPE_CALM","floor":33,"turns":10},{"damage":3,"enemies":"Orb Walker","floor":36,"turns":3},{"damage":34,"enemies":"3 Darklings","floor":39,"turns":3},{"damage":21,"enemies":"Nemesis","floor":42,"turns":5},{"damage":0,"enemies":"Spire Growth","floor":44,"turns":2},{"damage":0,"enemies":"Spire Growth","floor":48,"turns":3},{"damage":0,"enemies":"4 Shapes","floor":49,"turns":4},{"damage":53,"enemies":"SI_POISON_ARCHETYPE","floor":50,"turns":9}],"seed_played":"-3081393403415691787","potions_obtained":[{"floor":5,"key":"Energy Potion"},{"floor":10,"key":"Dexterity Potion"},{"floor":12,"key":"DistilledChaos"},{"floor":15,"key":"DuplicationPotion"},{"floor":16,"key":"Explosive Potion"},{"floor":20,"key":"AttackPotion"},{"floor":23,"key":"ColorlessPotion"},{"floor":29,"key":"SpeedPotion"},{"floor":32,"key":"AttackPotion"},{"floor":33,"key":"Weak Potion"},{"floor":38,"key":"downfall:CursedFountainPotion"},{"floor":44,"key":"SkillPotion"},{"floor":48,"key":"SneckoOil"}],"is_trial":false,"path_per_floor":["R","M","M","M","M","M","T","M","?","M","M","M","R","$","M","B",null,"R","M","M","M","?","M","T","?","?","$","?","E","$","M","M","B",null,"R","M","?","?","M","$","T","E","R","M","R","$","R","?","M","B",null],"character_chosen":"THE_SNECKO","items_purchased":["sneckomod:PureSnecko","sneckomod:QuickBite","sneckomod:Unknown0Cost","Boot","Eternal Feather","sneckomod:Rotation","Ginger"],"campfire_rested":1,"item_purchase_floors":[14,14,14,27,30,30,40],"current_hp_per_floor":[90,90,82,74,80,72,72,67,67,55,34,30,58,56,51,21,96,96,83,71,71,55,40,40,74,74,67,67,46,46,46,55,40,103,103,100,100,100,66,66,66,45,75,75,103,103,103,103,103,62],"gold":148,"neow_bonus":"BOSS_RELIC","is_daily":false,"chose_seed":false,"campfire_upgraded":6,"win_rate":0.0,"timestamp":1612407911,"path_taken":["R","M","M","M","M","M","T","?","?","M","M","M","R","?","M","BOSS","R","M","M","M","?","M","T","?","?","$","?","E","?","?","M","BOSS","R","M","?","?","M","$","T","E","R","?","R","$","R","?","M","BOSS"],"items_purchased_type":["Card","Card","Card","Relic","Relic","Card","Relic"],"build_version":"2020-12-22","purchased_purges":1,"victory":true,"max_hp_per_floor":[90,90,90,90,96,96,96,96,96,96,96,96,96,96,96,96,96,96,96,96,96,96,96,96,96,96,96,96,103,103,103,103,103,103,103,103,103,103,103,103,103,103,103,103,103,103,103,103,103,103],"card_choices":[{"not_picked":["sneckomod:UnknownCommonSkill+1","sneckomod:UnknownBoss+1"],"picked":"sneckomod:UnknownRarePower+1","floor":2},{"not_picked":["sneckomod:UnknownCommonSkill","sneckomod:CheapStock"],"picked":"sneckomod:QuickMove","floor":2},{"not_picked":["sneckomod:UnknownCommonSkill+1","sneckomod:UnknownExhaust+1"],"picked":"sneckomod:UnknownRareSkill+1","floor":3},{"not_picked":["sneckomod:MasterEye","sneckomod:QuickBite"],"picked":"sneckomod:Memorize","floor":3},{"not_picked":["sneckomod:Unknown0Cost+1","sneckomod:UnknownStrike+1"],"picked":"sneckomod:UnknownBlock+1","floor":4},{"not_picked":["sneckomod:SoulRoll","sneckomod:Unknown1Cost"],"picked":"sneckomod:UnknownDraw","floor":4},{"not_picked":["sneckomod:UnknownVulnerable+1","sneckomod:UnknownX+1"],"picked":"sneckomod:UnknownBoss+1","floor":5},{"not_picked":["sneckomod:RainOfDice","sneckomod:Rotation"],"picked":"sneckomod:SoulExchange","floor":5},{"not_picked":["sneckomod:UnknownVulnerable+1","sneckomod:UnknownStrength+1"],"picked":"sneckomod:UnknownRareAttack+1","floor":6},{"not_picked":["sneckomod:UnknownStrike","sneckomod:QuickMove"],"picked":"sneckomod:RainOfDice","floor":6},{"not_picked":["sneckomod:UnknownRarePower+1","sneckomod:UnknownWeak+1"],"picked":"sneckomod:UnknownRareAttack+1","floor":8},{"not_picked":["sneckomod:SoulDraw","sneckomod:QuickMove"],"picked":"sneckomod:SlitherStrike","floor":8},{"not_picked":["sneckomod:UnknownUncommonAttack+1","sneckomod:UnknownUncommonPower+1"],"picked":"sneckomod:UnknownRareAttack+1","floor":10},{"not_picked":["sneckomod:RainOfDice","sneckomod:Memorize"],"picked":"sneckomod:UnknownExhaust","floor":10},{"not_picked":["sneckomod:UnknownVulnerable+1","sneckomod:UnknownStrike+1"],"picked":"sneckomod:Unknown3Cost+1","floor":11},{"not_picked":["sneckomod:UnknownColorless","sneckomod:UnknownRarePower"],"picked":"sneckomod:UnknownBlock","floor":11},{"not_picked":["sneckomod:UnknownUncommonPower+1","sneckomod:UnknownCommonSkill+1"],"picked":"sneckomod:UnknownStrength+1","floor":12},{"not_picked":["sneckomod:RainOfDice","sneckomod:ImprovisedGuard"],"picked":"sneckomod:QuickBite","floor":12},{"not_picked":["sneckomod:DiceCrush","sneckomod:SoulDraw"],"picked":"sneckomod:UnknownDraw","floor":14},{"not_picked":["sneckomod:UnknownCommonSkill","sneckomod:DiceBoulder"],"picked":"sneckomod:UnknownBlock","floor":15},{"not_picked":["sneckomod:DangerNoodle","sneckomod:UnknownBoss"],"picked":"sneckomod:Restock","floor":16},{"not_picked":["sneckomod:UnknownCommonSkill+1","sneckomod:UnknownDexterity+1"],"picked":"sneckomod:UnknownRarePower+1","floor":19},{"not_picked":["sneckomod:UnknownStrength+1","sneckomod:UnknownStrike+1"],"picked":"sneckomod:UnknownUncommonPower+1","floor":19},{"not_picked":["sneckomod:UnknownUncommonAttack","sneckomod:UnknownDexterity","sneckomod:DiceBoulder"],"picked":"SKIP","floor":19},{"not_picked":["sneckomod:UnknownCommonSkill","sneckomod:UnknownClassSLIMEBOUND","sneckomod:IronFang"],"picked":"SKIP","floor":20},{"not_picked":["sneckomod:UnknownUncommonSkill+1","sneckomod:TrashToTreasure"],"picked":"sneckomod:SoulRoll+1","floor":21},{"not_picked":["sneckomod:Unknown1Cost+1","sneckomod:UnknownUncommonPower+1"],"picked":"sneckomod:UnknownRarePower+1","floor":23},{"not_picked":["sneckomod:RainOfDice+1","sneckomod:Unknown0Cost"],"picked":"sneckomod:DefensiveFlair","floor":23},{"not_picked":["sneckomod:UnknownDexterity+1","sneckomod:UnknownUncommonSkill+1"],"picked":"sneckomod:UnknownExhaust+1","floor":27},{"not_picked":["sneckomod:UnendingSupply+1","sneckomod:DangerNoodle"],"picked":"sneckomod:Unknown0Cost+1","floor":27},{"not_picked":["sneckomod:UnknownBlock+1","sneckomod:UnknownClassPURPLE+1"],"picked":"sneckomod:UnknownRarePower+1","floor":29},{"not_picked":["sneckomod:UnknownWeak","sneckomod:UnknownStrike","sneckomod:UnknownVulnerable"],"picked":"SKIP","floor":29},{"not_picked":["sneckomod:Nope","sneckomod:UnknownCommonSkill"],"picked":"sneckomod:UnknownColorless","floor":30},{"not_picked":["sneckomod:UnknownExhaust","sneckomod:IronFang"],"picked":"sneckomod:MasterEye+1","floor":31},{"not_picked":["sneckomod:UnknownBoss+1","sneckomod:UnknownClassPURPLE+1"],"picked":"sneckomod:UnknownStrength+1","floor":32},{"not_picked":["sneckomod:MasterEye+1","sneckomod:UnknownUncommonPower+1"],"picked":"sneckomod:QuickMove","floor":32},{"not_picked":["sneckomod:UnknownRarePower","sneckomod:UnlimitedRolls"],"picked":"sneckomod:Unknown3Cost","floor":33},{"not_picked":["sneckomod:RainOfDice","sneckomod:CheapStock"],"picked":"sneckomod:QuickBite","floor":36},{"not_picked":["expansioncontent:PolyBeam","expansioncontent:HyperBeam"],"picked":"expansioncontent:LastStand","floor":37},{"not_picked":["sneckomod:UnknownUncommonSkill","sneckomod:UnknownClassSLIMEBOUND+1"],"picked":"sneckomod:ImprovisedGuard+1","floor":39},{"not_picked":["sneckomod:UnknownStrike+1","sneckomod:UnknownDexterity+1"],"picked":"sneckomod:UnknownX+1","floor":42},{"not_picked":["sneckomod:UnknownUncommonSkill+1","sneckomod:UnknownClassPURPLE"],"picked":"sneckomod:SerpentMind","floor":42},{"not_picked":["sneckomod:CheapStock+1","sneckomod:SoulDraw+1"],"picked":"sneckomod:Rotation+1","floor":44},{"not_picked":["sneckomod:UnknownBlock+1","sneckomod:Unknown1Cost+1"],"picked":"sneckomod:Unknown0Cost+1","floor":49},{"not_picked":["sneckomod:RainOfDice+1","sneckomod:Nope+1","sneckomod:DiceBoulder"],"picked":"SKIP","floor":49}],"player_experience":255719,"relics_obtained":[{"floor":7,"key":"Bronze Scales"},{"floor":17,"key":"reliquary:TatteredRug"},{"floor":17,"key":"reliquary:BallBearing"},{"floor":17,"key":"CaptainsWheel"},{"floor":22,"key":"Enchiridion"},{"floor":24,"key":"reliquary:TuningFork"},{"floor":29,"key":"Strawberry"},{"floor":41,"key":"Bag of Marbles"},{"floor":42,"key":"reliquary:SharkskinSheath"},{"floor":48,"key":"Calipers"}],"event_choices":[{"damage_healed":0,"gold_gain":0,"player_choice":"Ignored","damage_taken":0,"max_hp_gain":0,"max_hp_loss":0,"event_name":"Vampires","floor":26,"gold_loss":0}],"is_beta":false,"boss_relics":[{"not_picked":["Black Star","bronze:MakeshiftBattery"],"picked":"Calling Bell"},{"not_picked":["reliquary:Ember","Velvet Choker"],"picked":"Philosopher\u0027s Stone"}],"items_purged_floors":[14],"is_endless":false,"potions_floor_spawned":[5,10,12,15,16,20,23,29,32,33,44,48],"ascension_level":0}}