{"host":"37ccm3d17clopct7","time":1612450839,"event":{"mods":["BaseMod","Hermit","Lobotomy","Minty Spire (QoL Compilation)","StSLib","The Bug Knight","The Cursed","The Hierophant","The Jungle","The Runesmith"],"gold_per_floor":[270,286,64,143,143,175,175,186,186,186,197,197,212,223,223,321,321,337,337,7,26,26,26,26],"floor_reached":23,"language":"KOR","playtime":1529,"items_purged":["SpecialBullet"],"score":191,"play_id":"83a8bf11-03f9-4fe2-b927-2ea122662ef9","local_time":"20210205000039","is_ascension_mode":false,"campfire_choices":[{"floor":12,"key":"REST"},{"floor":15,"key":"REST"}],"circlet_count":0,"master_deck":["SpecialBullet","SpecialBullet","SpecialBullet","SpecialBullet","SpecialBullet","SpecialBullet","ExtractionCode","InformationCode","DisciplinaryCode","UniverseFragment","Scorched","Gaze","Lamp+2","Wellcheers","SecurityCode","CherryBlossoms","SomewhereSpear","RapturousDream","WristCuter","OldLady","WristCuter","GoldRush","CurseOfTheBell","Gaze","Bloodbath","RapturousDream","Beak"],"relics":["CogitoBucket","ClockworkSouvenir","Bottled Flame","Darkstone Periapt","Calling Bell","Happy Flower","Meat on the Bone","Ginger","Strange Spoon"],"acts_visited":["Exordium","TheCity"],"potions_floor_usage":[13,13,13,16,16,20],"damage_taken":[{"damage":10,"enemies":"2 Louse","floor":1,"turns":2},{"damage":17,"enemies":"Small Slimes","floor":2,"turns":4},{"damage":18,"enemies":"Gremlin Nob","floor":6,"turns":4},{"damage":0,"enemies":"Cultist","floor":8,"turns":2},{"damage":0,"enemies":"Exordium Wildlife","floor":11,"turns":2},{"damage":54,"enemies":"Large Slime","floor":13,"turns":9},{"damage":0,"enemies":"Exordium Wildlife","floor":14,"turns":3},{"damage":42,"enemies":"Hexaghost","floor":16,"turns":8},{"damage":21,"enemies":"Spheric Guardian","floor":18,"turns":4},{"damage":12,"enemies":"Shell Parasite","floor":21,"turns":3},{"damage":84,"enemies":"Snake Plant","floor":23,"turns":5}],"seed_played":"-4155201966307035737","potions_obtained":[{"floor":8,"key":"AttackPotion"},{"floor":11,"key":"EntropicBrew"},{"floor":13,"key":"LiquidBronze"},{"floor":21,"key":"Block Potion"}],"is_trial":false,"path_per_floor":["M","M","$","?","?","E","R","M","T","?","M","R","M","M","R","B",null,"M","?","$","M","?","M"],"character_chosen":"Angela","items_purchased":["Lamp","ClockworkSouvenir","Fruit Juice","Strange Spoon"],"campfire_rested":2,"item_purchase_floors":[3,3,20,20],"current_hp_per_floor":[60,43,43,43,43,25,25,33,33,33,41,62,19,27,48,20,76,69,69,74,79,81,0,0],"gold":26,"neow_bonus":"REMOVE_CARD","is_daily":false,"chose_seed":false,"campfire_upgraded":0,"win_rate":0.0,"timestamp":1612450839,"path_taken":["M","M","$","?","?","E","R","M","T","?","?","R","M","M","R","BOSS","M","?","$","M","?","M"],"items_purchased_type":["Card","Relic","Potion","Relic"],"build_version":"2020-12-22","purchased_purges":1,"victory":false,"max_hp_per_floor":[70,70,70,70,70,70,70,70,70,70,70,70,70,70,70,70,76,76,76,81,81,81,81,81],"card_choices":[{"not_picked":["MeatLantern","WallGazer"],"picked":"UniverseFragment","floor":1},{"not_picked":["Lantern"],"picked":"Discord","floor":1},{"not_picked":["RapturousDream"],"picked":"Penitence","floor":2},{"not_picked":["GalaxyChild","RedShoes"],"picked":"Scorched","floor":2},{"not_picked":["Pinks"],"picked":"Gaze","floor":2},{"not_picked":["CherryBlossoms","ShyLook"],"picked":"Wellcheers","floor":6},{"not_picked":["RapturousDream","Penitence"],"picked":"SKIP","floor":6},{"not_picked":["PunishingBird","Laetitia"],"picked":"CherryBlossoms","floor":8},{"not_picked":["SolemnVow"],"picked":"SomewhereSpear","floor":8},{"not_picked":["RedEyes"],"picked":"WristCuter","floor":11},{"not_picked":["CrumblingArmor","MeltingLove"],"picked":"OldLady","floor":13},{"not_picked":["Regret_ego"],"picked":"WristCuter","floor":13},{"not_picked":["RedEyes","SoundOfStar"],"picked":"SKIP","floor":13},{"not_picked":["Penitence","Noise"],"picked":"SKIP","floor":14},{"not_picked":["TheSmile"],"picked":"GoldRush","floor":16},{"not_picked":["Lantern"],"picked":"Gaze","floor":18},{"not_picked":["WallGazer","HeroicMonk"],"picked":"Bloodbath","floor":18},{"not_picked":["SwordSharpenedByTears+1"],"picked":"RapturousDream","floor":18},{"not_picked":["Noise"],"picked":"Beak","floor":21}],"player_experience":116876,"relics_obtained":[{"floor":6,"key":"Bottled Flame"},{"floor":9,"key":"Darkstone Periapt"},{"floor":17,"key":"Happy Flower"},{"floor":17,"key":"Meat on the Bone"},{"floor":17,"key":"Ginger"}],"event_choices":[{"damage_healed":0,"gold_gain":79,"player_choice":"Gained Gold","damage_taken":0,"max_hp_gain":0,"max_hp_loss":0,"event_name":"Golden Wing","floor":4,"gold_loss":0},{"damage_healed":0,"gold_gain":0,"player_choice":"Ignored","damage_taken":0,"max_hp_gain":0,"max_hp_loss":0,"event_name":"Golden Idol","floor":5,"gold_loss":0},{"damage_healed":0,"gold_gain":0,"cards_transformed":["Discord"],"player_choice":"Transformed","damage_taken":0,"max_hp_gain":0,"max_hp_loss":0,"event_name":"Transmorgrifier","floor":10,"gold_loss":0,"cards_obtained":["RapturousDream"]},{"cards_removed":["Penitence"],"damage_healed":5,"gold_gain":0,"player_choice":"Offered Common","damage_taken":0,"max_hp_gain":0,"max_hp_loss":0,"event_name":"Bonfire Elementals","floor":22,"gold_loss":0},{"cards_removed":["Penitence"],"damage_healed":5,"gold_gain":0,"player_choice":"Offered Special","damage_taken":0,"max_hp_gain":0,"max_hp_loss":0,"event_name":"Bonfire Elementals","floor":22,"gold_loss":0}],"is_beta":false,"boss_relics":[{"not_picked":["Runesmith:UraniumAnvil","Busted Crown"],"picked":"Calling Bell"}],"items_purged_floors":[20],"is_endless":false,"potions_floor_spawned":[8,11,13,21],"killed_by":"Snake Plant","ascension_level":0}}