{"host":"p1xsuo25udtrkbq2","time":1612464973,"event":{"mods":["BaseMod","Colored Map","Googly Eyes","Highlight Path","Minty Spire (QoL Compilation)","Quick Restart","Rare Cards Sparkle","Relic Stats","Slay the Relics Exporter","StSLib","everything is the same but u backflip on backflip"],"gold_per_floor":[118,118,118,134,153,184,196,207,207,207,207],"floor_reached":10,"language":"ENG","playtime":629,"items_purged":[],"score":123,"play_id":"e2b22230-a7d0-405e-b5f6-4dcb0bb9e4db","local_time":"20210204135613","is_ascension_mode":true,"campfire_choices":[],"circlet_count":0,"master_deck":["AscendersBane","Strike_R","Strike_R","Strike_R","Strike_R","Defend_R","Defend_R","Defend_R","Defend_R","Bash","Metallicize","Pommel Strike","Cleave","Whirlwind","Feed","Burning Pact"],"relics":["Snecko Eye","Oddly Smooth Stone","Bottled Flame","Molten Egg 2"],"acts_visited":["Exordium"],"potions_floor_usage":[10],"damage_taken":[{"damage":2.0,"enemies":"Jaw Worm","floor":1.0,"turns":2.0},{"damage":0.0,"enemies":"2 Louse","floor":4.0,"turns":3.0},{"damage":2.0,"enemies":"Small Slimes","floor":5.0,"turns":4.0},{"damage":29.0,"enemies":"Lagavulin","floor":6.0,"turns":8.0},{"damage":1.0,"enemies":"Blue Slaver","floor":7.0,"turns":4.0},{"damage":0.0,"enemies":"3 Louse","floor":8.0,"turns":1.0},{"damage":1,"enemies":"3 Sentries","floor":10,"turns":2}],"seed_played":"5374764021446228949","potions_obtained":[{"floor":1.0,"key":"SpeedPotion"},{"floor":7.0,"key":"PowerPotion"},{"floor":8.0,"key":"ElixirPotion"}],"is_trial":false,"path_per_floor":["M","?","?","M","M","E","M","M","T","E"],"character_chosen":"IRONCLAD","items_purchased":[],"campfire_rested":0,"item_purchase_floors":[],"current_hp_per_floor":[66,48,41,41,39,10,9,12,12,11,11],"gold":207,"neow_bonus":"BOSS_RELIC","is_daily":false,"chose_seed":false,"campfire_upgraded":0,"win_rate":0.0,"timestamp":1612464973,"path_taken":["M","?","?","M","M","E","M","M","T","E"],"items_purchased_type":[],"build_version":"2020-12-22","purchased_purges":0,"victory":false,"max_hp_per_floor":[75,75,75,75,75,75,75,78,78,78,78],"relic_stats":{"counters":[7,24],"Snecko Eye":[41,46,41,36],"obtain_stats":[{"Bottled Flame":6,"Snecko Eye":0,"Oddly Smooth Stone":2,"Molten Egg 2":9,"Burning Blood":0},{"Bottled Flame":4,"Snecko Eye":0,"Oddly Smooth Stone":1,"Molten Egg 2":6,"Burning Blood":0},{"Bottled Flame":17,"Snecko Eye":0,"Oddly Smooth Stone":2,"Molten Egg 2":22,"Burning Blood":0}]},"card_choices":[{"not_picked":["Sword Boomerang","Anger"],"picked":"Metallicize","floor":1.0},{"not_picked":["Sword Boomerang","Metallicize"],"picked":"Pommel Strike","floor":4.0},{"not_picked":["True Grit","Sword Boomerang"],"picked":"Cleave","floor":5.0},{"not_picked":["True Grit","Clothesline"],"picked":"Whirlwind","floor":6.0},{"not_picked":["Sentinel","Sword Boomerang"],"picked":"Feed","floor":7.0},{"not_picked":["Flex","Intimidate"],"picked":"Burning Pact","floor":8.0}],"player_experience":987940,"relics_obtained":[{"floor":6.0,"key":"Bottled Flame"},{"floor":9.0,"key":"Molten Egg 2"}],"event_choices":[{"damage_healed":0.0,"max_hp_gain":0.0,"max_hp_loss":0.0,"gold_gain":0.0,"event_name":"Scrap Ooze","player_choice":"Success","floor":2.0,"gold_loss":0.0,"damage_taken":18.0,"relics_obtained":["Oddly Smooth Stone"]},{"cards_removed":["Strike_R"],"damage_healed":0.0,"max_hp_gain":0.0,"max_hp_loss":0.0,"gold_gain":0.0,"event_name":"Golden Wing","player_choice":"Card Removal","floor":3.0,"gold_loss":0.0,"damage_taken":7.0}],"is_beta":false,"boss_relics":[],"items_purged_floors":[],"is_endless":false,"potions_floor_spawned":[1,7,8],"killed_by":"3 Sentries","ascension_level":15}}