{"host":"htqwg582tjjtn9p7","time":1612463087,"event":{"mods":["2.2 Compatiblity","AchievementEnabler","Act Like it!","Aspiration","BaseMod","Better Third Choice","Colored Map","Conspire","Curses Come First","Displayed Cursed Tome","Energized Spire","Force Act Four","Fox Events","GifTheSpireLib","Hermit","Highlight Path","JesterMod","Mad Scientist","Minty Spire (QoL Compilation)","Pale of the Ancients","Permanent Neow","Random Character Button","Relic Stats","Reliquary","Replay The Spire","Robot Space Explorer","Somnambulant","Spicy Shops","Spikes Relics","StSLib","Stuff the Spire","The Blue Laboratory","The Bug Knight","The Forsaken","The Gatherer","The Judge","The Jungle","The Marked","The Runesmith","The Servant 0.9.4","Uncapped"],"gold_per_floor":[118,138,149,169,19,48,48,78,130,130,159,159,159,177,177,254,254,274,274,256,42,92,118,118,118,118],"floor_reached":25,"language":"ENG","playtime":1050,"items_purged":[],"score":418,"play_id":"7a237a70-9c56-404c-b2a2-0254a9ce9605","local_time":"20210204192447","is_ascension_mode":true,"campfire_choices":[{"floor":7,"key":"REST"},{"floor":10,"key":"REST"},{"floor":12,"key":"REST"},{"data":"True Grit","floor":15,"key":"SMITH"}],"circlet_count":0,"master_deck":["AscendersBane","Strike_R","Strike_R","Strike_R","Strike_R","Strike_R","Defend_R","Defend_R","Defend_R","Defend_R","Bash","Replay:Undeath\u0027s Touch","Armaments","Feel No Pain","True Grit+1","Hemogenesis","Bloodletting","ReplayTheSpireMod:IOU","ReplayTheSpireMod:Muscle Training","Juggernaut","Abandon","Sentinel+1","Defy Death","Disarm"],"relics":["Burning Blood","aspiration:Nostalgia","theForsaken:JudgementScales","StuffTheSpire:BottledEssence","Replay:WaspNest","theForsaken:Gavel","Bronze Scales","Kunai","energizedSpire:CursedPentagram","Molten Egg 2","Membership Card","StoneCalendar"],"acts_visited":["Exordium","TheCity"],"potions_floor_usage":[6,8,16,18,23],"damage_taken":[{"damage":8,"enemies":"Cultist","floor":1,"turns":5},{"damage":7,"enemies":"2 Louse","floor":2,"turns":3},{"damage":2,"enemies":"Jaw Worm","floor":3,"turns":6},{"damage":7,"enemies":"2 Fungi Beasts","floor":4,"turns":5},{"damage":64,"enemies":"Lagavulin","floor":6,"turns":8},{"damage":24,"enemies":"Gremlin Nob","floor":8,"turns":4},{"damage":22,"enemies":"3 Sentries","floor":11,"turns":8},{"damage":8,"enemies":"3 Louse","floor":14,"turns":3},{"damage":23,"enemies":"Hexaghost","floor":16,"turns":9},{"damage":17,"enemies":"Spheric Guardian","floor":18,"turns":4},{"damage":15,"enemies":"2 Thieves","floor":20,"turns":4},{"damage":38,"enemies":"Book of Stabbing","floor":23,"turns":5},{"damage":59,"enemies":"conspire:Head Lice","floor":25,"turns":5}],"seed_played":"-3388057900699969818","potions_obtained":[{"floor":4,"key":"Swift Potion"},{"floor":6,"key":"blueLaboratory:ExaltedPotion"},{"floor":8,"key":"Reflective Coating"},{"floor":11,"key":"Adrenaline Potion"},{"floor":14,"key":"Swift Potion"}],"is_trial":false,"path_per_floor":["M","M","M","M","$","E","R","E","T","R","E","R","?","M","R","B",null,"M","?","M","$","?","E","?","E"],"character_chosen":"IRONCLAD","items_purchased":["StuffTheSpire:BottledEssence","Membership Card","Defy Death","PowerPotion"],"campfire_rested":3,"item_purchase_floors":[5,21,21,21],"current_hp_per_floor":[66,65,69,68,68,10,32,19,19,41,35,57,57,62,62,56,70,74,74,69,69,69,44,44,0,0],"gold":118,"neow_bonus":"NOSTALGIA","is_daily":false,"chose_seed":false,"campfire_upgraded":1,"win_rate":0.0,"timestamp":1612463087,"path_taken":["M","M","M","?","$","E","R","E","T","R","E","R","?","?","R","BOSS","M","?","?","$","?","E","?","E"],"items_purchased_type":["Relic","Relic","Card","Potion"],"build_version":"2020-12-22","purchased_purges":0,"victory":false,"max_hp_per_floor":[75,75,75,75,75,75,75,75,75,75,75,75,75,75,75,75,75,75,75,75,75,75,75,75,75,75],"relic_stats":{"counters":[13,69],"Bronze Scales":[144],"StoneCalendar":[0],"Kunai":[3],"obtain_stats":[{"energizedSpire:CursedPentagram":17,"aspiration:Nostalgia":0,"Bronze Scales":9,"Molten Egg 2":19,"StoneCalendar":23,"StuffTheSpire:BottledEssence":5,"Replay:WaspNest":6,"Kunai":11,"Membership Card":21,"theForsaken:JudgementScales":0,"theForsaken:Gavel":8,"Burning Blood":0},{"energizedSpire:CursedPentagram":9,"aspiration:Nostalgia":0,"Bronze Scales":6,"Molten Egg 2":10,"StoneCalendar":12,"StuffTheSpire:BottledEssence":4,"Replay:WaspNest":5,"Kunai":7,"Membership Card":11,"theForsaken:JudgementScales":0,"theForsaken:Gavel":6,"Burning Blood":0},{"energizedSpire:CursedPentagram":51,"aspiration:Nostalgia":0,"Bronze Scales":31,"Molten Egg 2":55,"StoneCalendar":64,"StuffTheSpire:BottledEssence":19,"Replay:WaspNest":27,"Kunai":39,"Membership Card":59,"theForsaken:JudgementScales":0,"theForsaken:Gavel":31,"Burning Blood":0}],"Burning Blood":72},"card_choices":[{"not_picked":["Flex","Havoc"],"picked":"Replay:Undeath\u0027s Touch","floor":1},{"not_picked":["Run Through","Clothesline"],"picked":"Armaments","floor":2},{"not_picked":["conspire:ExplosiveBarrier","Clash"],"picked":"Feel No Pain","floor":3},{"not_picked":["Flex","Hemokinesis"],"picked":"True Grit","floor":4},{"not_picked":["Sword Boomerang","Havoc"],"picked":"Hemogenesis","floor":6},{"not_picked":["Armaments","Run Through"],"picked":"Demonic Infusion","floor":8},{"not_picked":["Berserk","conspire:ExplosiveBarrier"],"picked":"Bloodletting","floor":11},{"not_picked":["Headbutt","ReplayTheSpireMod:Strike From Hell"],"picked":"ReplayTheSpireMod:Muscle Training","floor":14},{"not_picked":["Replay:Many Hands","Eclipse"],"picked":"Juggernaut","floor":16},{"not_picked":["Shrug It Off","Uppercut"],"picked":"Abandon","floor":18},{"not_picked":["Flame Barrier","Iron Wave+1"],"picked":"Sentinel+1","floor":20},{"not_picked":["Impervious","Havoc"],"picked":"Disarm","floor":23}],"player_experience":1999674,"relics_obtained":[{"floor":6,"key":"Replay:WaspNest"},{"floor":8,"key":"theForsaken:Gavel"},{"floor":9,"key":"Bronze Scales"},{"floor":11,"key":"Kunai"},{"floor":23,"key":"StoneCalendar"}],"event_choices":[{"damage_healed":0,"gold_gain":0,"cards_transformed":["Pride"],"player_choice":"Transformed","damage_taken":0,"max_hp_gain":0,"max_hp_loss":0,"event_name":"Transmorgrifier","floor":13,"gold_loss":0,"cards_obtained":["ReplayTheSpireMod:IOU"]},{"cards_removed":["Demonic Infusion"],"damage_healed":0,"gold_gain":0,"player_choice":"Gave Card","damage_taken":0,"relics_obtained":["Molten Egg 2"],"max_hp_gain":0,"max_hp_loss":0,"event_name":"WeMeetAgain","floor":19,"gold_loss":0},{"damage_healed":0,"gold_gain":50,"player_choice":"Steal","damage_taken":0,"max_hp_gain":0,"max_hp_loss":0,"event_name":"betterThird:BetterNest","floor":22,"gold_loss":0}],"is_beta":false,"boss_relics":[{"not_picked":["Coffee Dripper","Runesmith:UraniumAnvil"],"picked":"energizedSpire:CursedPentagram"}],"items_purged_floors":[],"is_endless":false,"potions_floor_spawned":[4,6,8,11,14],"killed_by":"conspire:Head Lice","ascension_level":15}}