{"host":"nsc6ozq3atyrdr3m","time":1612472285,"event":{"mods":["BaseMod","Colored Map","Minty Spire (QoL Compilation)"],"gold_per_floor":[116,135,154,154,154,154,183,183,183,196,196,231,231,247,247,343,343,363,377,377,400,67,67,86,121,121,121,121,121],"floor_reached":28,"language":"FRA","playtime":601,"items_purged":[],"score":496,"play_id":"7329e51c-bbb2-4658-b895-fae8e616c0cd","local_time":"20210204215805","is_ascension_mode":true,"campfire_choices":[{"data":"Pommel Strike","floor":6,"key":"SMITH"},{"floor":8,"key":"REST"},{"data":"Bash","floor":11,"key":"SMITH"},{"floor":15,"key":"REST"},{"data":"Limit Break","floor":23,"key":"SMITH"},{"floor":27,"key":"REST"}],"circlet_count":0,"master_deck":["AscendersBane","Strike_R","Strike_R","Strike_R","Strike_R","Strike_R","Defend_R","Defend_R","Defend_R","Defend_R","Bash+1","Sword Boomerang+1","Pommel Strike+1","Inflame","Feel No Pain","Fiend Fire","Disarm","Limit Break+1","Double Tap","Battle Trance","Whirlwind+1","Reckless Charge"],"relics":["Burning Blood","NeowsBlessing","Lizard Tail","Pantograph","Potion Belt","Golden Idol","Velvet Choker","Red Skull","Lee\u0027s Waffle","Gremlin Horn","StrikeDummy"],"acts_visited":["Exordium","TheCity"],"potions_floor_usage":[7,16,16,25],"damage_taken":[{"damage":0,"enemies":"Cultist","floor":1,"turns":1},{"damage":0,"enemies":"2 Louse","floor":2,"turns":1},{"damage":0,"enemies":"Small Slimes","floor":3,"turns":1},{"damage":40,"enemies":"Lagavulin","floor":7,"turns":6},{"damage":14,"enemies":"2 Fungi Beasts","floor":10,"turns":3},{"damage":32,"enemies":"3 Sentries","floor":12,"turns":10},{"damage":10,"enemies":"Large Slime","floor":14,"turns":6},{"damage":28,"enemies":"Hexaghost","floor":16,"turns":8},{"damage":29,"enemies":"Shell Parasite","floor":18,"turns":5},{"damage":22,"enemies":"Spheric Guardian","floor":19,"turns":5},{"damage":33,"enemies":"Snake Plant","floor":21,"turns":5},{"damage":21,"enemies":"Centurion and Healer","floor":24,"turns":5},{"damage":39,"enemies":"Book of Stabbing","floor":25,"turns":3},{"damage":55,"enemies":"Gremlin Leader","floor":28,"turns":4}],"seed_played":"4125634271250008047","potions_obtained":[{"floor":2,"key":"ColorlessPotion"},{"floor":3,"key":"CultistPotion"},{"floor":14,"key":"Block Potion"},{"floor":24,"key":"Strength Potion"}],"is_trial":false,"path_per_floor":["M","M","M","?","$","R","E","R","T","M","R","E","?","M","R","B",null,"M","M","?","M","$","R","M","E","T","R","E"],"character_chosen":"IRONCLAD","items_purchased":["Red Skull","Lee\u0027s Waffle"],"campfire_rested":3,"item_purchase_floors":[22,22],"current_hp_per_floor":[74,75,75,75,75,75,41,63,63,55,55,29,29,25,45,46,63,40,24,24,34,75,75,60,27,27,49,0,0],"gold":121,"neow_bonus":"THREE_ENEMY_KILL","is_daily":false,"chose_seed":false,"campfire_upgraded":3,"win_rate":0.0,"timestamp":1612472285,"path_taken":["M","M","?","?","?","R","E","R","T","?","R","E","?","M","R","BOSS","M","M","?","M","$","R","M","E","T","R","E"],"items_purchased_type":["Relic","Relic"],"build_version":"2020-12-22","purchased_purges":0,"victory":false,"max_hp_per_floor":[75,75,75,75,75,75,75,75,75,75,75,75,68,68,68,68,68,68,68,68,68,75,75,75,75,75,75,75,75],"card_choices":[{"not_picked":["Clash","Dark Embrace"],"picked":"Sword Boomerang","floor":1},{"not_picked":["Dark Embrace","Evolve"],"picked":"Pommel Strike","floor":2},{"not_picked":["Reckless Charge","Clash","Cleave"],"picked":"SKIP","floor":3},{"not_picked":["Rupture","Wild Strike"],"picked":"Inflame","floor":7},{"not_picked":["True Grit","Clothesline"],"picked":"Feel No Pain","floor":10},{"not_picked":["Havoc","Twin Strike"],"picked":"Fiend Fire","floor":12},{"not_picked":["Iron Wave","Dark Embrace"],"picked":"Disarm","floor":14},{"not_picked":["Brutality","Barricade"],"picked":"Limit Break","floor":16},{"not_picked":["Thunderclap","Power Through","Metallicize"],"picked":"SKIP","floor":18},{"not_picked":["True Grit","Thunderclap"],"picked":"Double Tap","floor":19},{"not_picked":["Armaments","Anger"],"picked":"Battle Trance","floor":21},{"not_picked":["Evolve+1","Thunderclap"],"picked":"Whirlwind+1","floor":24},{"not_picked":["Havoc","Feel No Pain"],"picked":"Reckless Charge","floor":25}],"player_experience":378133,"relics_obtained":[{"floor":7,"key":"Lizard Tail"},{"floor":9,"key":"Pantograph"},{"floor":12,"key":"Potion Belt"},{"floor":25,"key":"Gremlin Horn"},{"floor":26,"key":"StrikeDummy"}],"event_choices":[{"damage_healed":0,"gold_gain":0,"player_choice":"Forge","damage_taken":0,"max_hp_gain":0,"max_hp_loss":0,"event_name":"Accursed Blacksmith","floor":4,"gold_loss":0,"cards_upgraded":["Sword Boomerang"]},{"damage_healed":0,"gold_gain":0,"player_choice":"Lose Max HP","damage_taken":0,"relics_obtained":["Golden Idol"],"max_hp_gain":0,"max_hp_loss":7,"event_name":"Golden Idol","floor":13,"gold_loss":0},{"damage_healed":0,"gold_gain":0,"player_choice":"Ignored","damage_taken":0,"max_hp_gain":0,"max_hp_loss":0,"event_name":"Cursed Tome","floor":20,"gold_loss":0}],"is_beta":false,"boss_relics":[{"not_picked":["Sozu","Runic Pyramid"],"picked":"Velvet Choker"}],"items_purged_floors":[],"is_endless":false,"potions_floor_spawned":[2,3,14,24],"killed_by":"Gremlin Leader","ascension_level":20}}