{"host":"njruw0b0uprlitpx","time":1612418860,"event":{"mods":["2.2 Compatiblity","Aspiration","BaseMod","Better Altar","Better Match","Better Note","Better Sensory Stone","Better Skull","Better Third Choice","BetterRewards","Block Reminder","Colored Map","Colored Powertips","Downfall","Energized Spire","Jedi Mod","Keyboard Shortcuts","Minty Spire (QoL Compilation)","Quick Restart","Rare Cards Sparkle","Relic Stats","Replay The Spire","SacredBarkPlus","Spicy Shops","StSLib","SuperFastMode"],"gold_per_floor":[0,11,76,86,106,139,139,139,39,53,53,153,153,165,177,177,177,177],"floor_reached":16,"language":"ENG","playtime":1246,"items_purged":[],"score":107,"play_id":"19f83b5e-4707-45d2-b04d-9ec9eebbf3cd","local_time":"20210204000740","is_ascension_mode":true,"campfire_choices":[{"floor":1,"key":"RECALL"},{"floor":9,"key":"REST"},{"data":"bronze:Goto","floor":11,"key":"SMITH"},{"floor":13,"key":"REST"}],"circlet_count":0,"master_deck":["bronze:Strike","bronze:Strike","bronze:Strike","bronze:Strike","bronze:Defend","bronze:Defend","bronze:Defend","bronze:Defend","bronze:Replicate","bronze:Goto+1","bronze:WhirlingStrike","bronze:BronzeOrb","bronze:Overload+1","bronze:Terminator+1","Amnesia","bronze:Branch","bronze:Verify","bronze:CloningBeam"],"relics":["bronze:BronzeCore","hexamod:Sixitude","Happy Flower","The Courier","aspiration:Lifesprig","downfall:HeartBlessingRed","downfall:GremlinWheel","downfall:HeartBlessingGreen"],"acts_visited":["Exordium"],"potions_floor_usage":[3,16],"damage_taken":[{"damage":1,"enemies":"Jaw Worm","floor":2,"turns":3},{"damage":14,"enemies":"Gremlin Nob","floor":3,"turns":3},{"damage":0,"enemies":"Cultist","floor":4,"turns":2},{"damage":0,"enemies":"2 Louse","floor":5,"turns":2},{"damage":19,"enemies":"Replay:BlueRogue","floor":6,"turns":5},{"damage":7,"enemies":"Exordium Thugs","floor":10,"turns":3},{"damage":16,"enemies":"Exordium Thugs","floor":12,"turns":3},{"damage":0,"enemies":"Large Slime","floor":14,"turns":2},{"damage":0,"enemies":"Exordium Wildlife","floor":15,"turns":3},{"damage":59,"enemies":"IC_STATUS_ARCHETYPE","floor":16,"turns":13}],"seed_played":"-4467972616906637414","potions_obtained":[{"floor":2,"key":"ColorlessPotion"},{"floor":10,"key":"jedi:wingpotion"},{"floor":12,"key":"bronze:BurnAndBuffPotion"},{"floor":15,"key":"jedi:wingpotion"}],"is_trial":false,"path_per_floor":["R","M","?","M","M","E","T","?","R","M","R","?","R","M","M","B"],"character_chosen":"THE_AUTOMATON","items_purchased":[],"campfire_rested":2,"item_purchase_floors":[],"current_hp_per_floor":[70,69,55,55,55,36,36,36,57,50,50,34,55,55,55,0,0,0],"gold":177,"neow_bonus":"ONE_RARE_RELIC","is_daily":false,"chose_seed":false,"campfire_upgraded":1,"win_rate":0.0,"timestamp":1612418860,"path_taken":["R","M","?","M","M","E","T","?","R","?","R","?","R","?","M","BOSS"],"items_purchased_type":[],"build_version":"2020-12-22","purchased_purges":0,"victory":false,"max_hp_per_floor":[70,70,70,70,70,70,70,70,70,70,70,70,70,70,70,70,70,70],"relic_stats":{"Happy Flower":[11],"counters":[10,39],"obtain_stats":[{"aspiration:Lifesprig":7,"bronze:BronzeCore":0,"downfall:GremlinWheel":12,"Happy Flower":3,"downfall:HeartBlessingRed":9,"hexamod:Sixitude":0,"downfall:HeartBlessingGreen":13,"The Courier":6},{"aspiration:Lifesprig":5,"bronze:BronzeCore":0,"downfall:GremlinWheel":7,"Happy Flower":2,"downfall:HeartBlessingRed":5,"hexamod:Sixitude":0,"downfall:HeartBlessingGreen":7,"The Courier":5},{"aspiration:Lifesprig":15,"bronze:BronzeCore":0,"downfall:GremlinWheel":21,"Happy Flower":6,"downfall:HeartBlessingRed":15,"hexamod:Sixitude":0,"downfall:HeartBlessingGreen":21,"The Courier":15}]},"card_choices":[{"not_picked":["bronze:ClassDefault","bronze:OilSpill"],"picked":"bronze:WhirlingStrike","floor":2},{"not_picked":["bronze:BuggyMess","bronze:Separator"],"picked":"bronze:BronzeOrb","floor":4},{"not_picked":["bronze:Deprecate","bronze:DelayedSlice"],"picked":"bronze:Overload","floor":5},{"not_picked":["bronze:Repair","bronze:OilSpill"],"picked":"bronze:Terminator","floor":6},{"not_picked":["bronze:Deprecate","bronze:BugBarrage"],"picked":"bronze:Branch","floor":10},{"not_picked":["bronze:Constructor","bronze:Optimize"],"picked":"bronze:Verify","floor":14},{"not_picked":["bronze:Overheat","bronze:Constructor"],"picked":"bronze:CloningBeam","floor":15}],"player_experience":1497988,"relics_obtained":[{"floor":3,"key":"Happy Flower"},{"floor":6,"key":"The Courier"},{"floor":7,"key":"aspiration:Lifesprig"},{"floor":12,"key":"downfall:GremlinWheel"}],"event_choices":[{"damage_healed":0,"gold_gain":100,"player_choice":"Gold","damage_taken":0,"max_hp_gain":0,"max_hp_loss":0,"event_name":"Wheel of Change","floor":13,"gold_loss":0}],"is_beta":false,"boss_relics":[],"items_purged_floors":[],"is_endless":false,"potions_floor_spawned":[2,10,12,15],"killed_by":"IC_STATUS_ARCHETYPE","ascension_level":1}}