{"host":"3xramekeme16g407","time":1612469305,"event":{"mods":["2.2 Compatiblity","AchievementEnabler","BaseMod","Bestiary","Minty Spire (QoL Compilation)","Relic Stats","StSLib"],"gold_per_floor":[118,130,149,149,108,143,143,143,170,170,206,206,244,263,263,391,391,405,330,330,330,344,344,357,357,357],"floor_reached":25,"language":"ENG","playtime":2135,"items_purged":["Strike_B"],"score":219,"play_id":"ca35dc01-e59b-4af3-a49b-f6deef0f70e1","local_time":"20210204120825","is_ascension_mode":false,"campfire_choices":[{"floor":10.0,"key":"REST"},{"floor":12.0,"key":"REST"},{"floor":15.0,"key":"REST"},{"floor":23.0,"key":"REST"}],"circlet_count":0,"master_deck":["Strike_B","Strike_B","Strike_B","Defend_B","Defend_B","Defend_B","Zap","Dualcast","Glacier","Darkness","Double Energy","Multi-Cast","Conserve Battery","Chill","Cold Snap","Gash","Coolheaded","Self Repair+1"],"relics":["Cracked Core","NeowsBlessing","Juzu Bracelet","Golden Idol","InkBottle","DataDisk","Fusion Hammer","Enchiridion"],"acts_visited":["Exordium","TheCity"],"potions_floor_usage":[25],"damage_taken":[{"damage":0.0,"enemies":"Cultist","floor":1.0,"turns":1.0},{"damage":0.0,"enemies":"Small Slimes","floor":2.0,"turns":2.0},{"damage":0.0,"enemies":"Jaw Worm","floor":3.0,"turns":1.0},{"damage":23.0,"enemies":"Lagavulin","floor":6.0,"turns":7.0},{"damage":19.0,"enemies":"Gremlin Nob","floor":11.0,"turns":5.0},{"damage":14.0,"enemies":"3 Sentries","floor":13.0,"turns":9.0},{"damage":0.0,"enemies":"2 Fungi Beasts","floor":14.0,"turns":4.0},{"damage":8.0,"enemies":"Hexaghost","floor":16.0,"turns":9.0},{"damage":7.0,"enemies":"Shell Parasite","floor":18.0,"turns":5.0},{"damage":7.0,"enemies":"Spheric Guardian","floor":22.0,"turns":3.0},{"damage":0.0,"enemies":"Chosen and Byrds","floor":24.0,"turns":7.0},{"damage":67,"enemies":"Gremlin Leader","floor":25,"turns":10}],"seed_played":"5891862180913576705","potions_obtained":[{"floor":1.0,"key":"SkillPotion"},{"floor":2.0,"key":"EssenceOfSteel"},{"floor":3.0,"key":"SkillPotion"},{"floor":11.0,"key":"SpeedPotion"},{"floor":22.0,"key":"Block Potion"}],"is_trial":false,"path_per_floor":["M","M","M","?","$","E","$","?","T","R","E","R","E","M","R","B",null,"M","$","?","?","M","R","M","E"],"character_chosen":"DEFECT","items_purchased":["Double Energy"],"campfire_rested":4,"item_purchase_floors":[5],"current_hp_per_floor":[75,75,75,75,75,52,52,34,34,56,37,59,45,45,67,59,75,68,68,68,52,45,67,67,0,0],"gold":357,"neow_bonus":"THREE_ENEMY_KILL","is_daily":false,"chose_seed":false,"campfire_upgraded":0,"win_rate":0.0,"timestamp":1612469305,"path_taken":["M","M","?","?","?","E","$","?","T","R","E","R","E","M","R","BOSS","M","$","?","?","M","R","M","E"],"items_purchased_type":["Card"],"build_version":"2020-12-22","purchased_purges":1,"victory":false,"max_hp_per_floor":[75,75,75,75,75,75,75,75,75,75,75,75,75,75,75,75,75,75,75,75,75,75,75,75,75,75],"relic_stats":{"counters":[12,63],"Golden Idol":54,"Juzu Bracelet":1,"obtain_stats":[{"DataDisk":13,"NeowsBlessing":0,"Golden Idol":8,"Enchiridion":21,"Fusion Hammer":17,"Juzu Bracelet":6,"Cracked Core":0,"InkBottle":11},{"DataDisk":6,"NeowsBlessing":0,"Golden Idol":4,"Enchiridion":9,"Fusion Hammer":8,"Juzu Bracelet":4,"Cracked Core":0,"InkBottle":5},{"DataDisk":25,"NeowsBlessing":0,"Golden Idol":11,"Enchiridion":43,"Fusion Hammer":38,"Juzu Bracelet":11,"Cracked Core":0,"InkBottle":16}],"InkBottle":[14]},"card_choices":[{"not_picked":["Static Discharge","Rebound"],"picked":"Glacier","floor":1.0},{"not_picked":["Sunder","Beam Cell"],"picked":"Darkness","floor":2.0},{"not_picked":["Rebound","Turbo","Barrage"],"picked":"SKIP","floor":3.0},{"not_picked":["Tempest","Self Repair"],"picked":"Multi-Cast","floor":6.0},{"not_picked":["Beam Cell","Hologram"],"picked":"Conserve Battery","floor":11.0},{"not_picked":["Core Surge","Gash"],"picked":"Chill","floor":13.0},{"not_picked":["Conserve Battery","Leap"],"picked":"Cold Snap","floor":14.0},{"not_picked":["Static Discharge+1","Reprogram","Go for the Eyes"],"picked":"SKIP","floor":18.0},{"not_picked":["Doom and Gloom","Compile Driver"],"picked":"Coolheaded","floor":22.0},{"not_picked":["Coolheaded","Conserve Battery+1"],"picked":"Self Repair+1","floor":24.0}],"player_experience":452273,"relics_obtained":[{"floor":6.0,"key":"Juzu Bracelet"},{"floor":11.0,"key":"InkBottle"},{"floor":13.0,"key":"DataDisk"},{"floor":21.0,"key":"Enchiridion"}],"event_choices":[{"damage_healed":0.0,"max_hp_gain":0.0,"max_hp_loss":0.0,"gold_gain":0.0,"event_name":"Liars Game","player_choice":"Ignored","floor":4.0,"gold_loss":0.0,"damage_taken":0.0},{"damage_healed":0.0,"max_hp_gain":0.0,"max_hp_loss":0.0,"gold_gain":0.0,"event_name":"Golden Idol","player_choice":"Take Damage","floor":8.0,"gold_loss":0.0,"damage_taken":18.0,"relics_obtained":["Golden Idol"]},{"damage_healed":0.0,"max_hp_gain":0.0,"max_hp_loss":0.0,"gold_gain":0.0,"cards_transformed":["Defend_B"],"event_name":"Transmorgrifier","player_choice":"Transformed","floor":20.0,"gold_loss":0.0,"damage_taken":0.0,"cards_obtained":["Gash"]},{"damage_healed":0.0,"max_hp_gain":0.0,"max_hp_loss":0.0,"gold_gain":0.0,"event_name":"Cursed Tome","player_choice":"Obtained Book","floor":21.0,"gold_loss":0.0,"damage_taken":16.0}],"is_beta":false,"boss_relics":[{"not_picked":["Coffee Dripper","Cursed Key"],"picked":"Fusion Hammer"}],"items_purged_floors":[19],"is_endless":false,"potions_floor_spawned":[1,2,3,11,22],"killed_by":"Gremlin Leader","ascension_level":0}}