{"host":"e4udrxcgdvpx3wcj","time":1612469239,"event":{"mods":["Act Like it!","Aspiration","Astrologer","BaseMod","Gensokyo","Highlight Path","Infinite Spire","Koishi","Marisa????????","Minty Spire (QoL Compilation)","Replay The Spire","StSLib","SuperFastMode","The Bug Knight","The Construct","The Jungle","The Runesmith","The Servant 0.9.4","TheBandit"],"gold_per_floor":[118,118,4,22,75,75,103,103,126,359,359,259,289,289,289,387,387,406,93,105,0,19,19,19,19,19,49,49,49,51,88,88,119,119,227,227,243,243,153,24,24,24,59,59,86,86,86,100,100,435,435,435,435,435,12,45,125],"floor_reached":58,"language":"ENG","playtime":4992,"items_purged":["ReplayTheSpireMod:Restless Dread"],"score":2017,"play_id":"4c133134-5d86-45a9-8a01-5cfe2b3f8f72","local_time":"20210204150719","is_ascension_mode":true,"campfire_choices":[{"data":"wariomod:EndlessBlast","floor":6.0,"key":"SMITH"},{"floor":8.0,"key":"REST"},{"data":"wariomod:Hopshield","floor":11.0,"key":"SMITH"},{"data":"wariomod:Step","floor":15.0,"key":"SMITH"},{"data":"wariomod:DonateDraw","floor":23,"key":"SMITH"},{"data":"wariomod:Bombshield","floor":26,"key":"SMITH"},{"floor":29,"key":"REST"},{"data":"ReplayTheSpireMod:Black Plague","floor":32,"key":"SMITH"},{"data":"wariomod:DonateDraw","floor":34,"key":"SMITH"},{"data":"wariomod:ForbiddenMagic","floor":42,"key":"SMITH"},{"data":"wariomod:DropBash","floor":44,"key":"SMITH"},{"floor":46,"key":"RECALL"},{"data":"wariomod:BoomForm","floor":51,"key":"SMITH"},{"data":"wariomod:DiceyMove","floor":54,"key":"SMITH"}],"circlet_count":0,"master_deck":["AscendersBane","wariomod:Strike","wariomod:Strike+1","wariomod:Strike","wariomod:Defend+1","wariomod:Defend+1","wariomod:Step+1","wariomod:Leap","wariomod:Hopshield+1","wariomod:EndlessBlast+1","wariomod:BodyBlock","wariomod:Bombshield","wariomod:BodyBlock","wariomod:Hopshield","wariomod:BoomForm+1","wariomod:DonateDraw+1","wariomod:EnergizedBombs+1","Wraith","Injury","wariomod:RacingSpeed","Gensokyo:LittleGreenMen","wariomod:Bombshield+1","wariomod:DonateDraw+1","wariomod:SilenceBombs+1","ReplayTheSpireMod:Black Plague+1","wariomod:EnergizedBombs","wariomod:DiceyMove+1","wariomod:ForbiddenMagic+1","CurseOfTheBell","Gensokyo:CustomPotion","wariomod:Hopshield+1","wariomod:DropBash+1","wariomod:DropBash","wariomod:Bombtime+1","ReplayTheSpireMod:Brewmster","wariomod:Purify+1"],"relics":["wariomod:TheHat","Gensokyo:OccultBall","Bottled Lightning","Dream Catcher","Replay:Mystery Machine","infinitespire:PuzzleCube","Replay:Bottled Flurry","Replay:PocketPolymizer","Lantern","Replay:Ancient Bell","War Paint","Quantum Egg","FossilizedHelix","Centennial Puzzle","Potion Belt","infinitespire:Midas Blood","Replay:Baseball","infinitespire:Magic Flask","BranchBurnRelic","Calling Bell","Toy Ornithopter","infinitespire:Bottled Soul","infinitespire:Joker Card","Oddly Smooth Stone","infinitespire:Beetle Shell","Gensokyo:EmptyGrave","Nunchaku","ReplayFunnel","aspiration:HiddenCompartment"],"acts_visited":["Gensokyo:Gensokyo","Gensokyo:Gensokyoer","Gensokyo:Gensokyoest","TheEnding"],"potions_floor_usage":[31,31,52,56,57,57,57,57,57,57,57,57,57,57,57],"damage_taken":[{"damage":5.0,"enemies":"Gensokyo:2_Kodama","floor":1.0,"turns":3.0},{"damage":4.0,"enemies":"Gensokyo:Gryphon","floor":4.0,"turns":4.0},{"damage":30.0,"enemies":"Gensokyo:Aya","floor":7.0,"turns":6.0},{"damage":0.0,"enemies":"Gensokyo:Mamizou","floor":10.0,"turns":8.0},{"damage":5.0,"enemies":"Gensokyo:Aya","floor":13.0,"turns":8.0},{"damage":31.0,"enemies":"Gensokyo:Kokoro","floor":16.0,"turns":12.0},{"damage":20,"enemies":"Gensokyo:2_Gloops","floor":18,"turns":7},{"damage":0,"enemies":"Gensokyo:AngelMirror","floor":20,"turns":4},{"damage":19,"enemies":"Gensokyo:Swordslinger","floor":22,"turns":5},{"damage":18,"enemies":"Gensokyo:Tenshi","floor":27,"turns":5},{"damage":12,"enemies":"Gensokyo:Koishi","floor":31,"turns":6},{"damage":0,"enemies":"Gensokyo:Tenshi","floor":33,"turns":5},{"damage":37,"enemies":"Gensokyo:Eternal_Rivals","floor":35,"turns":10},{"damage":0,"enemies":"Gensokyo:3_Boulders","floor":37,"turns":4},{"damage":4,"enemies":"Gensokyo:Doremy","floor":43,"turns":6},{"damage":13,"enemies":"Gensokyo:3_Bats","floor":48,"turns":4},{"damage":0,"enemies":"Gensokyo:Kasen","floor":50,"turns":4},{"damage":0,"enemies":"Gensokyo:Yuyuko","floor":52,"turns":5},{"damage":0,"enemies":"Shield and Spear","floor":56,"turns":3},{"damage":72,"enemies":"The Heart","floor":57,"turns":11}],"seed_played":"2230138566812962428","potions_obtained":[{"floor":1.0,"key":"Fire Potion"},{"floor":4.0,"key":"SteroidPotion"},{"floor":18,"key":"FearPotion"},{"floor":20,"key":"EntropicBrew"},{"floor":43,"key":"ColorlessPotion"},{"floor":50,"key":"Milkshake"}],"is_trial":false,"path_per_floor":["M","?","COS","M","?","R","E","R","T","E","R","?","E","?","R","B",null,"M","COS","M","?","M","R","PTL","PTL","R","E","T","R","?","E","R","E","R","B",null,"M","?","?","COS","?","R","E","R","T","R","?","M","?","E","R","B",null,"R","$","E","B",null],"character_chosen":"THE_BANDIT","items_purchased":["ReplayTheSpireMod:Brewmster","ReplayFunnel"],"campfire_rested":2,"item_purchase_floors":[55,55],"current_hp_per_floor":[67,67,67,63,43,43,13,37,37,37,37,37,32,40,40,9,62,42,42,42,42,23,23,23,23,23,5,5,29,9,24,24,24,24,2,61,61,61,61,61,61,61,72,72,72,72,72,64,71,74,74,74,74,74,74,74,47],"gold":125,"neow_bonus":"ONE_RANDOM_RARE_CARD","is_daily":false,"chose_seed":false,"campfire_upgraded":11,"win_rate":0.0,"timestamp":1612469239,"path_taken":["M","?","COS","M","?","R","E","R","T","E","R","?","E","?","R","BOSS","M","COS","?","?","M","R","PTL","PTL","R","E","T","R","?","E","R","E","R","BOSS","M","?","?","COS","?","R","E","R","T","R","?","M","?","E","R","BOSS","R","$","E","BOSS"],"items_purchased_type":["Card","Relic"],"build_version":"2020-12-22","purchased_purges":1,"victory":true,"max_hp_per_floor":[80,80,80,80,80,80,80,80,80,80,80,80,80,80,80,80,80,80,80,80,80,80,80,80,80,80,80,80,80,80,80,80,80,80,80,80,80,80,80,80,80,80,80,80,80,80,74,74,74,74,74,74,74,74,74,74,74],"card_choices":[{"not_picked":["wariomod:DeepDig","wariomod:BodyBlock"],"picked":"wariomod:Hopshield","floor":1.0},{"not_picked":["wariomod:ChargeForth","wariomod:Goblast"],"picked":"wariomod:EndlessBlast","floor":4.0},{"not_picked":["wariomod:BoomBoom","wariomod:Goblast"],"picked":"wariomod:BodyBlock","floor":5.0},{"not_picked":["wariomod:SimpleShield","wariomod:ThatsNotAll"],"picked":"wariomod:Bombshield","floor":7.0},{"not_picked":["wariomod:DoubleDip","wariomod:BoomBoom"],"picked":"wariomod:BodyBlock","floor":8.0},{"not_picked":["wariomod:CursedSpaces","wariomod:BodyBlock"],"picked":"wariomod:Hopshield","floor":10.0},{"not_picked":["wariomod:FabulousPrizes","wariomod:HastyRush"],"picked":"wariomod:BoomForm","floor":13.0},{"not_picked":["wariomod:Sidestep","wariomod:BoomForm"],"picked":"wariomod:EnergizedBombs","floor":16.0},{"not_picked":["Parasite","Spreading Infection"],"picked":"Wraith","floor":17.0},{"not_picked":["Doubt","Spreading Infection"],"picked":"Injury","floor":17.0},{"not_picked":["AbeCurse","Regret"],"picked":"ReplayTheSpireMod:Restless Dread","floor":17.0},{"not_picked":["wariomod:TreasureDig","wariomod:SelfImprison+1"],"picked":"wariomod:RacingSpeed","floor":18},{"not_picked":["wariomod:DisarmingMoves","wariomod:f"],"picked":"wariomod:Bombtime","floor":20},{"not_picked":["wariomod:SpikeSlash","wariomod:Bombshield"],"picked":"wariomod:BigUpgrade","floor":22},{"not_picked":["wariomod:AwfulLook","wariomod:SpikeSlash","wariomod:BoomBoom"],"picked":"SKIP","floor":27},{"not_picked":["wariomod:Bombshield","wariomod:Game"],"picked":"wariomod:SilenceBombs+1","floor":29},{"not_picked":["infinitespire:FinalStrike","ReplayTheSpireMod:Haul"],"picked":"ReplayTheSpireMod:Black Plague","floor":30},{"not_picked":["wariomod:Game+1","wariomod:Sidestep"],"picked":"wariomod:EnergizedBombs","floor":31},{"not_picked":["wariomod:SmackSlam","wariomod:BigUpgrade+1"],"picked":"wariomod:SilenceBombs","floor":33},{"not_picked":["wariomod:GoAgain","wariomod:BoomAndDoom"],"picked":"wariomod:ForbiddenMagic","floor":35},{"not_picked":["wariomod:Game+1","wariomod:EmptyMind+1","wariomod:DanceDash+1"],"picked":"SKIP","floor":37},{"not_picked":["wariomod:DoubleDash+1","wariomod:Goblast"],"picked":"wariomod:Hopshield+1","floor":43},{"not_picked":["wariomod:BumRush+1","wariomod:BodyBlock","wariomod:Immortalize+1"],"picked":"SKIP","floor":48},{"not_picked":["wariomod:EmptyMind","wariomod:OctoJump"],"picked":"wariomod:Bombtime+1","floor":50},{"not_picked":["wariomod:DanceDash+1","wariomod:Immortalize"],"picked":"wariomod:Purify+1","floor":56}],"player_experience":2373172,"relics_obtained":[{"floor":5.0,"key":"Bottled Lightning"},{"floor":7.0,"key":"Dream Catcher"},{"floor":9.0,"key":"Replay:Mystery Machine"},{"floor":10.0,"key":"infinitespire:PuzzleCube"},{"floor":13.0,"key":"Lantern"},{"floor":16.0,"key":"Gensokyo:OccultBall"},{"floor":20,"key":"Gensokyo:OccultBall"},{"floor":22,"key":"Gensokyo:OccultBall"},{"floor":27,"key":"Potion Belt"},{"floor":28,"key":"infinitespire:Midas Blood"},{"floor":31,"key":"Replay:Baseball"},{"floor":33,"key":"Dead Branch"},{"floor":35,"key":"Gensokyo:OccultBall"},{"floor":36,"key":"Toy Ornithopter"},{"floor":36,"key":"infinitespire:Bottled Soul"},{"floor":36,"key":"infinitespire:Joker Card"},{"floor":43,"key":"infinitespire:Beetle Shell"},{"floor":56,"key":"aspiration:HiddenCompartment"}],"event_choices":[],"is_beta":false,"boss_relics":[{"not_picked":["aspiration:RitualDagger","Runic Dome"],"picked":"Replay:Ancient Bell"},{"not_picked":["aspiration:Lifesprig","CeramicFish"],"picked":"War Paint"},{"not_picked":["infinitespire:Eraser","Replay:WaspNest"],"picked":"Quantum Egg"},{"not_picked":["Old Coin","Unceasing Top"],"picked":"FossilizedHelix"},{"not_picked":["Tiny House","Empty Cage"],"picked":"Calling Bell"}],"items_purged_floors":[55],"is_endless":false,"potions_floor_spawned":[1,4,18,20,43,50],"ascension_level":11}}