{"host":"6q6idgl71g9ab7at","time":1612421993,"event":{"mods":["BaseMod","Minty Spire (QoL Compilation)","StSLib","SuperFastMode"],"gold_per_floor":[109,126,136,155,230,260,260,286,309,309,159,124,124,154,154,257,257,267,282,33,53,53,53,85,99,99,99,99],"floor_reached":27,"language":"KOR","playtime":570,"items_purged":["Defend_R","Strike_R"],"score":342,"play_id":"d6abd01d-0276-4bb0-bc7d-4eb357bd5800","local_time":"20210204155953","is_ascension_mode":true,"campfire_choices":[{"data":"Limit Break","floor":7.0,"key":"SMITH"},{"data":"Inflame","floor":10.0,"key":"SMITH"},{"data":"Limit Break","floor":13.0,"key":"SMITH"},{"data":"Seeing Red","floor":15.0,"key":"SMITH"},{"data":"Limit Break","floor":23.0,"key":"SMITH"}],"circlet_count":0,"master_deck":["Strike_R","Strike_R","Strike_R","Strike_R","Defend_R","Defend_R","Defend_R","Bash","Limit Break+1","Warcry","Inflame+1","Warcry","Feel No Pain","Seeing Red+1","Ghostly Armor","Limit Break+1","Feel No Pain","Brutality","Pommel Strike","Heavy Blade","Limit Break+1","Cleave","Limit Break+1"],"relics":["Burning Blood","Bag of Preparation","Blood Vial","Oddly Smooth Stone","Nunchaku","Sozu","Pen Nib","Gremlin Horn"],"acts_visited":["Exordium","TheCity"],"potions_floor_usage":[27],"damage_taken":[{"damage":23.0,"enemies":"Jaw Worm","floor":1.0,"turns":4.0},{"damage":8.0,"enemies":"2 Louse","floor":2.0,"turns":2.0},{"damage":6.0,"enemies":"Cultist","floor":3.0,"turns":4.0},{"damage":13.0,"enemies":"Large Slime","floor":4.0,"turns":4.0},{"damage":36.0,"enemies":"3 Sentries","floor":6.0,"turns":9.0},{"damage":27.0,"enemies":"Lagavulin","floor":8.0,"turns":7.0},{"damage":16.0,"enemies":"3 Sentries","floor":14.0,"turns":8.0},{"damage":18.0,"enemies":"Hexaghost","floor":16.0,"turns":7.0},{"damage":30.0,"enemies":"3 Byrds","floor":18.0,"turns":6.0},{"damage":25.0,"enemies":"2 Thieves","floor":19.0,"turns":4.0},{"damage":7.0,"enemies":"Cultist and Chosen","floor":21.0,"turns":5.0},{"damage":39.0,"enemies":"Gremlin Leader","floor":24.0,"turns":4.0},{"damage":0.0,"enemies":"Snake Plant","floor":25.0,"turns":1.0},{"damage":29,"enemies":"Centurion and Healer","floor":27,"turns":2}],"seed_played":"9083113470531829336","potions_obtained":[{"floor":2.0,"key":"ElixirPotion"},{"floor":3.0,"key":"FearPotion"},{"floor":4.0,"key":"BloodPotion"},{"floor":14.0,"key":"Block Potion"},{"floor":16.0,"key":"SteroidPotion"}],"is_trial":false,"path_per_floor":["M","M","M","M","?","E","R","E","T","R","$","?","R","E","R","B",null,"M","M","$","M","?","R","E","M","T","M"],"character_chosen":"IRONCLAD","items_purchased":["Limit Break","Limit Break"],"campfire_rested":0,"item_purchase_floors":[11,20],"current_hp_per_floor":[63,61,61,54,43,13,13,8,8,8,8,28,28,20,20,10,80,56,39,39,40,40,40,9,17,17,0,0],"gold":99,"neow_bonus":"ONE_RANDOM_RARE_CARD","is_daily":false,"chose_seed":false,"campfire_upgraded":5,"win_rate":0.0,"timestamp":1612421993,"path_taken":["M","M","M","M","?","E","R","E","T","R","$","?","R","E","R","BOSS","M","M","$","M","?","R","E","?","T","M"],"items_purchased_type":["Card","Card"],"build_version":"2020-12-22","purchased_purges":2,"victory":false,"max_hp_per_floor":[80,80,80,80,80,80,80,80,80,80,80,80,80,80,80,80,80,80,80,80,80,80,80,80,80,80,80,80],"card_choices":[{"not_picked":["Anger","Pummel"],"picked":"Warcry","floor":1.0},{"not_picked":["Pommel Strike","Burning Pact"],"picked":"Inflame","floor":2.0},{"not_picked":["Entrench","Combust"],"picked":"Warcry","floor":3.0},{"not_picked":["Anger","Pommel Strike"],"picked":"Feel No Pain","floor":4.0},{"not_picked":["Dark Embrace","Power Through"],"picked":"Seeing Red","floor":6.0},{"not_picked":["Carnage","Anger"],"picked":"Ghostly Armor","floor":8.0},{"not_picked":["Blood for Blood","Entrench"],"picked":"Feel No Pain","floor":14.0},{"not_picked":["Fiend Fire","Bludgeon"],"picked":"Brutality","floor":16.0},{"not_picked":["Thunderclap","Anger"],"picked":"Pommel Strike","floor":18.0},{"not_picked":["Warcry","Body Slam"],"picked":"Heavy Blade","floor":19.0},{"not_picked":["Perfected Strike","Anger"],"picked":"Cleave","floor":21.0},{"not_picked":["Fire Breathing+1","Demon Form","Rampage"],"picked":"SKIP","floor":24.0},{"not_picked":["Armaments","Iron Wave","Flex"],"picked":"SKIP","floor":25.0}],"player_experience":4229,"relics_obtained":[{"floor":6.0,"key":"Bag of Preparation"},{"floor":8.0,"key":"Blood Vial"},{"floor":9.0,"key":"Oddly Smooth Stone"},{"floor":14.0,"key":"Nunchaku"},{"floor":24.0,"key":"Pen Nib"},{"floor":26.0,"key":"Gremlin Horn"}],"event_choices":[{"damage_healed":0.0,"max_hp_gain":0.0,"max_hp_loss":0.0,"gold_gain":75.0,"event_name":"World of Goop","player_choice":"Gather Gold","floor":5.0,"gold_loss":0.0,"damage_taken":11.0},{"damage_healed":20.0,"max_hp_gain":0.0,"max_hp_loss":0.0,"gold_gain":0.0,"event_name":"The Cleric","player_choice":"Healed","floor":12.0,"gold_loss":35.0,"damage_taken":0.0},{"damage_healed":0.0,"max_hp_gain":0.0,"max_hp_loss":0.0,"gold_gain":0.0,"event_name":"Duplicator","player_choice":"Copied","floor":22.0,"gold_loss":0.0,"damage_taken":0.0,"cards_obtained":["Limit Break"]}],"is_beta":false,"boss_relics":[{"not_picked":["Astrolabe","Tiny House"],"picked":"Sozu"}],"items_purged_floors":[11,20],"is_endless":false,"potions_floor_spawned":[2,3,4,14,16,19,21,25],"killed_by":"Centurion and Healer","ascension_level":3}}