{"host":"74dg6ta44i9qan6e","time":1612458974,"event":{"mods":["Act Like it!","BaseMod","Downfall","Hubris","Infinite Spire","Minty Spire (QoL Compilation)","Replay The Spire","StSLib","Waifu the Spire"],"gold_per_floor":[99,9,26,46,65,65,135,35,65,81,81,95,95,127,145,247,247,247,262,262,275,292,317,317,317,317,117,128,45,145,163,179,284,284,284,297,297,297,178,198,198,227,227,257,273,285,285,302,313,313,313,341,52,52,52,52,52,52],"floor_reached":56,"language":"ENG","playtime":4581,"items_purged":["bronze:Strike","Parasite"],"score":841,"play_id":"5efe5297-fc59-4de2-beb0-224f2863759e","local_time":"20210204121614","is_ascension_mode":false,"campfire_choices":[{"floor":1.0,"key":"RECALL"},{"data":"bronze:FindAndReplace","floor":6.0,"key":"SMITH"},{"data":"bronze:Goto","floor":8.0,"key":"SMITH"},{"data":"bronze:Boost","floor":11.0,"key":"SMITH"},{"data":"bronze:Frontload","floor":13.0,"key":"SMITH"},{"data":"bronze:AlphaBuild","floor":18.0,"key":"SMITH"},{"floor":27.0,"key":"REST"},{"data":"bronze:Allocate","floor":35,"key":"SMITH"},{"data":"bronze:ItsAFeature","floor":43,"key":"SMITH"},{"data":"bronze:BurnOut","floor":47,"key":"SMITH"},{"data":"bronze:Repulsor","floor":54,"key":"SMITH"}],"circlet_count":0,"master_deck":["bronze:Strike+1","bronze:Strike+1","bronze:Strike+1","bronze:Defend+1","bronze:Defend+1","bronze:Defend+1","bronze:Defend+1","bronze:Replicate+1","bronze:Goto+1","bronze:Boost+1","bronze:WildBeam","bronze:Frontload+1","bronze:FindAndReplace+1","bronze:Break","bronze:Terminator","bronze:Assembly","bronze:Flail","bronze:AlphaBuild+1","bronze:ForceShield+1","bronze:BuggyMess","bronze:Terminator+1","bronze:ItsAFeature+1","bronze:Frontload+1","bronze:Flail+1","bronze:BronzeArmor","bronze:Branch","bronze:Allocate+1","bronze:RecursiveStrike","bronze:FineTuning+1","Replay:Fractal Strike","bronze:Frontload","bronze:Virus","bronze:GetLatest","bronze:Repair+1","bronze:BurnOut+1","bronze:FollowUp+1","bronze:Fortify","bronze:Shield+1","bronze:Repair","bronze:BitShift","bronze:Repulsor+1","bronze:CutThrough","ReplayTheSpireMod:Uncanny Aura","Midas Touch","bronze:Turbo","bronze:BitShift"],"relics":["bronze:BronzeCore","Pantograph","downfall:HeartBlessingRed","hubris:SlimyHat","Replay:Bottled Snecko","hubris:TerracottaHorce","Toy Ornithopter","Cauldron","downfall:HeartBlessingGreen","downfall:HeartBlessingBlue","hubris:VirtuousBlindfold","hubris:BundleOfHerbs","Pondfish Scales","infinitespire:FocusingShard","MealTicket","Bottled Lightning","BargainBundle"],"acts_visited":["Exordium","TheCity","TheBeyond","TheEnding"],"potions_floor_usage":[33,33,39,42,44,46,48,50,55,55,56],"damage_taken":[{"damage":0.0,"enemies":"downfall:FleeingMerchant","floor":2.0,"turns":4.0},{"damage":0.0,"enemies":"infinitespire:Voidling","floor":3.0,"turns":4.0},{"damage":0.0,"enemies":"Cultist","floor":4.0,"turns":3.0},{"damage":2.0,"enemies":"2 Louse","floor":5.0,"turns":2.0},{"damage":2.0,"enemies":"3 Sentries","floor":9.0,"turns":8.0},{"damage":0.0,"enemies":"2 Fungi Beasts","floor":10.0,"turns":1.0},{"damage":0.0,"enemies":"Large Slime","floor":12.0,"turns":2.0},{"damage":16.0,"enemies":"Replay:BlueRogue","floor":14.0,"turns":3.0},{"damage":0.0,"enemies":"Red Slaver","floor":15.0,"turns":1.0},{"damage":24.0,"enemies":"WA_ARCHETYPE_RETAIN","floor":16.0,"turns":9.0},{"damage":0.0,"enemies":"Spheric Guardian","floor":19.0,"turns":1.0},{"damage":4.0,"enemies":"3 Byrds","floor":21.0,"turns":5.0},{"damage":20.0,"enemies":"Centurion and Healer","floor":22.0,"turns":4.0},{"damage":23.0,"enemies":"Slavers","floor":23.0,"turns":5.0},{"damage":8.0,"enemies":"Shelled Parasite and Fungi","floor":28.0,"turns":4.0},{"damage":6.0,"enemies":"downfall:FleeingMerchant","floor":29.0,"turns":5.0},{"damage":26.0,"enemies":"Sentry and Sphere","floor":31.0,"turns":6.0},{"damage":6.0,"enemies":"Snake Plant","floor":32.0,"turns":6.0},{"damage":21,"enemies":"IC_MUSHROOM_ARCHETYPE","floor":33,"turns":7},{"damage":11,"enemies":"Orb Walker","floor":36,"turns":2},{"damage":0,"enemies":"downfall:FleeingMerchant","floor":39,"turns":2},{"damage":5,"enemies":"3 Darklings","floor":40,"turns":3},{"damage":26,"enemies":"Reptomancer","floor":42,"turns":6},{"damage":38,"enemies":"Giant Head","floor":44,"turns":7},{"damage":43,"enemies":"Jaw Worm Horde","floor":45,"turns":6},{"damage":0,"enemies":"4 Shapes","floor":46,"turns":12},{"damage":2,"enemies":"Writhing Mass","floor":48,"turns":7},{"damage":27,"enemies":"Maw","floor":49,"turns":9},{"damage":16,"enemies":"SI_POISON_ARCHETYPE","floor":50,"turns":14},{"damage":114,"enemies":"downfall:CharBossMerchant","floor":52,"turns":11},{"damage":63,"enemies":"downfall:NeowBoss","floor":55,"turns":20},{"damage":117,"enemies":"downfall:NeowBossFinal","floor":56,"turns":9}],"seed_played":"1270878029777312428","potions_obtained":[{"floor":4.0,"key":"hexamod:SoulburnPotion"},{"floor":12.0,"key":"Reflective Coating"},{"floor":14.0,"key":"Swift Potion"},{"floor":16.0,"key":"champ:CounterPotion"},{"floor":19.0,"key":"Energy Potion"},{"floor":26.0,"key":"FairyPotion"},{"floor":26.0,"key":"Flashbang"},{"floor":26.0,"key":"bronze:CleanCodePotion"},{"floor":31.0,"key":"PowerPotion"},{"floor":32.0,"key":"Strength Potion"},{"floor":33,"key":"FearPotion"},{"floor":40,"key":"LiquidMemories"},{"floor":42,"key":"DistilledChaos"},{"floor":45,"key":"EssenceOfSteel"},{"floor":46,"key":"Block Potion"},{"floor":49,"key":"SkillPotion"}],"is_trial":false,"path_per_floor":["R","$","M","M","M","R","T","R","E","M","R","M","R","E","M","B",null,"R","M","?","M","M","E","T","?","AVR","R","M","$","?","M","M","B",null,"R","M","?","?","$","M","T","E","R","E","M","M","R","M","M","B",null,"E","$","R","B","B"],"character_chosen":"THE_AUTOMATON","items_purchased":["bronze:BronzeArmor","bronze:Virus","hubris:BundleOfHerbs","BargainBundle","bronze:Repulsor","bronze:CutThrough","AttackPotion","Toxic Potion","LiquidMemories","ReplayTheSpireMod:Uncanny Aura","Midas Touch","bronze:Turbo","bronze:BitShift"],"campfire_rested":1,"item_purchase_floors":[29,39,39,53,53,53,53,53,53,53,53,53,53],"current_hp_per_floor":[70,70,70,70,68,68,68,68,66,66,66,66,66,50,50,46,64,64,64,51,47,27,4,4,4,4,39,31,35,35,9,3,17,68,68,57,37,95,95,90,90,69,69,46,13,28,28,41,24,95,95,26,41,41,40,0,0,0],"gold":52,"neow_bonus":"UPGRADE_CARD","is_daily":false,"chose_seed":false,"campfire_upgraded":9,"win_rate":0.0,"timestamp":1612458974,"path_taken":["R","$","?","M","M","R","T","R","E","?","R","M","R","E","M","BOSS","R","M","?","M","M","E","T","?","AVR","R","M","$","?","M","M","BOSS","R","M","?","?","$","?","T","E","R","E","M","M","R","M","M","BOSS","E","$","R","BOSS","BOSS"],"items_purchased_type":["Card","Card","Relic","Relic","Card","Card","Potion","Potion","Potion","Card","Card","Card","Card"],"build_version":"2020-12-22","purchased_purges":2,"victory":false,"max_hp_per_floor":[70,70,70,70,70,70,70,70,70,70,70,70,70,70,70,70,70,70,70,75,75,75,75,75,75,75,85,85,85,85,85,85,85,85,85,85,85,95,95,95,95,95,95,95,95,95,95,95,95,95,95,95,92,92,92,92,92,92],"card_choices":[{"not_picked":["bronze:Overload","bronze:BronzeArmor"],"picked":"bronze:Boost","floor":2.0},{"not_picked":["bronze:Deprecate","bronze:CutThrough"],"picked":"bronze:WildBeam","floor":3.0},{"not_picked":["bronze:ForceShield","bronze:Separator"],"picked":"bronze:Frontload","floor":4.0},{"not_picked":["bronze:Separator","bronze:CutThrough"],"picked":"bronze:FindAndReplace","floor":5.0},{"not_picked":["bronze:DigitalCarnage","bronze:Safeguard"],"picked":"bronze:Break","floor":9.0},{"not_picked":["bronze:Shield","bronze:Invalidate"],"picked":"bronze:Terminator","floor":10.0},{"not_picked":["bronze:CutThrough","bronze:BronzeOrb"],"picked":"bronze:Assembly","floor":12.0},{"not_picked":["bronze:Flail","bronze:Branch"],"picked":"bronze:SpaghettiCode","floor":14.0},{"not_picked":["bronze:Shield","bronze:Separator"],"picked":"bronze:Flail","floor":15.0},{"not_picked":["bronze:ThunderWave","bronze:ShipIt"],"picked":"bronze:AlphaBuild","floor":16.0},{"not_picked":["bronze:Overload+1","bronze:Shield+1"],"picked":"bronze:ForceShield+1","floor":19.0},{"not_picked":["bronze:Backtrace+1","bronze:Iterate"],"picked":"bronze:BuggyMess","floor":21.0},{"not_picked":["bronze:ClassDefault+1","bronze:Return"],"picked":"bronze:Terminator+1","floor":22.0},{"not_picked":["bronze:Philosophize","bronze:Deprecate"],"picked":"bronze:ItsAFeature","floor":23.0},{"not_picked":["bronze:Shield","bronze:BuggyMess"],"picked":"bronze:Frontload+1","floor":28.0},{"not_picked":["bronze:CloningBeam","bronze:Iterate"],"picked":"bronze:Flail+1","floor":29.0},{"not_picked":["bronze:FollowUp","bronze:WildBeam"],"picked":"bronze:Branch","floor":31.0},{"not_picked":["bronze:Iterate","bronze:Break"],"picked":"bronze:Allocate","floor":32.0},{"not_picked":["bronze:SpaghettiCode","bronze:Break"],"picked":"bronze:RecursiveStrike","floor":33},{"not_picked":["bronze:Iterate","bronze:OilSpill+1"],"picked":"bronze:FineTuning+1","floor":36},{"not_picked":["infinitespire:Execution","infinitespire:SevenWalls"],"picked":"Replay:Fractal Strike","floor":37},{"not_picked":["bronze:Deprecate","bronze:Invalidate+1"],"picked":"bronze:Frontload","floor":39},{"not_picked":["bronze:WhirlingStrike","bronze:ClassDefault+1"],"picked":"bronze:GetLatest","floor":40},{"not_picked":["bronze:ChildClass+1","bronze:Fortify+1"],"picked":"bronze:Repair+1","floor":42},{"not_picked":["bronze:WildBeam+1","bronze:Frontload+1"],"picked":"bronze:BurnOut","floor":44},{"not_picked":["bronze:ChosenStrike+1","bronze:Backtrace+1"],"picked":"bronze:FollowUp+1","floor":45},{"not_picked":["bronze:BuggyMess","bronze:ChosenStrike+1"],"picked":"bronze:Fortify","floor":46},{"not_picked":["bronze:ChosenStrike+1","bronze:ClassDefault"],"picked":"bronze:Shield+1","floor":48},{"not_picked":["bronze:Turbo","bronze:Separator"],"picked":"bronze:Repair","floor":49},{"not_picked":["bronze:Safeguard","bronze:FineTuning+1"],"picked":"bronze:BitShift","floor":52}],"player_experience":559802,"relics_obtained":[{"floor":7.0,"key":"Pantograph"},{"floor":9.0,"key":"hubris:SlimyHat"},{"floor":14.0,"key":"Replay:Bottled Snecko"},{"floor":23.0,"key":"Toy Ornithopter"},{"floor":41,"key":"Pondfish Scales"},{"floor":42,"key":"infinitespire:FocusingShard"},{"floor":44,"key":"MealTicket"},{"floor":52,"key":"Bottled Lightning"}],"event_choices":[{"cards_removed":["bronze:SpaghettiCode"],"damage_healed":48,"gold_gain":0,"player_choice":"Offered Rare","damage_taken":0,"max_hp_gain":10,"max_hp_loss":0,"event_name":"Bonfire Elementals","floor":38,"gold_loss":0}],"is_beta":false,"boss_relics":[{"not_picked":["Runic Dome","Runic Pyramid"],"picked":"hubris:TerracottaHorce"},{"not_picked":["hubris:HollowSoul","hubris:CrackedHourglass"],"picked":"hubris:VirtuousBlindfold"}],"items_purged_floors":[2,53],"is_endless":false,"potions_floor_spawned":[4,12,14,16,19,31,32,33,40,42,45,46,49],"killed_by":"downfall:NeowBossFinal","ascension_level":0}}