{"host":"fxiazw3i8037yqwx","time":1612399225,"event":{"mods":["BaseMod","Colored Powertips","Downfall","Minty Spire (QoL Compilation)","Quick Restart","StSLib","The IronCluck"],"gold_per_floor":[99,99,112,112,128,148,173,184,199,199,213,242,242,269,288,387,387,387,406,421,421,421,441,441,206,222,222,250,250,283,295,309,404,404,304,318,63,76,61,61,142,162,162,182,193,193,206,55,71,71],"floor_reached":51,"language":"ENG","playtime":22755,"items_purged":["downfall:Malfunctioning","Normality"],"score":730,"play_id":"930ba8f2-8e64-4129-8935-614bdfaefaa6","local_time":"20210204004025","is_ascension_mode":false,"campfire_choices":[{"data":"Slimebound:CorrosiveSpit","floor":1.0,"key":"SMITH"},{"data":"Slimebound:LeadByExample","floor":10.0,"key":"SMITH"},{"data":"Slimebound:Split","floor":13.0,"key":"SMITH"},{"data":"Slimebound:OozeBath","floor":18.0,"key":"SMITH"},{"data":"Slimebound:GoopSpray","floor":35,"key":"SMITH"},{"floor":46,"key":"RECALL"}],"circlet_count":0,"master_deck":["Slimebound:Strike_Slimebound","Slimebound:Strike_Slimebound","Slimebound:Tackle","Slimebound:Defend_Slimebound+1","Slimebound:Defend_Slimebound+1","Slimebound:Defend_Slimebound+1","Slimebound:Split+1","Slimebound:CorrosiveSpit+1","Slimebound:LeechLife","Slimebound:LeechEnergy","Slimebound:SplitLeeching","Slimebound:RollThrough","Slimebound:LeadByExample+1","Slimebound:SamplingLick","Slimebound:SplitMire","Slimebound:RallyTheTroops","Slimebound:RainOfGoop","Slimebound:Schlurp","Slimebound:OozeBath+1","Slimebound:Schlurp+1","Slimebound:MinionMaster","Slimebound:SamplingLick","Slimebound:SplitMire","downfall:Malfunctioning","Slimebound:Prepare","Parasite","Slimebound:FormOfPuddle","Slimebound:MegaLick","Slimebound:Repurpose+1","Slimebound:GoopSpray+1","Slimebound:LeechLife","Slimebound:OozeBath","Slimebound:SpikyOuterGoop+1","Slimebound:SplitAcid+1","expansioncontent:Chronoboost","Parasite","Slimebound:SpikyOuterGoop+1","Slimebound:Prepare+1","Slimebound:ProtectTheBoss+1","Slimebound:ViciousTackle+1"],"relics":["Slimebound:AbsorbEndCombat","Akabeko","Toy Ornithopter","Letter Opener","Tiny Chest","Cursed Key","Lizard Tail","Potion Belt","Du-Vu Doll","Prayer Wheel","Torii","Lantern","Slimebound:TarBlob","downfall:HeartBlessingGreen","Slimebound:MaxSlimesRelic","Darkstone Periapt","Slimebound:AggressiveSlimeRelic","Bronze Scales"],"acts_visited":["Exordium","TheCity","TheBeyond"],"potions_floor_usage":[38,39,45,47,50,50,50],"damage_taken":[{"damage":6.0,"enemies":"Jaw Worm","floor":3.0,"turns":5.0},{"damage":2.0,"enemies":"2 Louse","floor":5.0,"turns":4.0},{"damage":0.0,"enemies":"Small Slimes","floor":6.0,"turns":3.0},{"damage":4.0,"enemies":"Blue Slaver","floor":8.0,"turns":6.0},{"damage":18.0,"enemies":"Exordium Thugs","floor":9.0,"turns":4.0},{"damage":5.0,"enemies":"Red Slaver","floor":11.0,"turns":4.0},{"damage":9.0,"enemies":"3 Sentries","floor":12.0,"turns":7.0},{"damage":8.0,"enemies":"Gremlin Nob","floor":14.0,"turns":3.0},{"damage":0.0,"enemies":"Exordium Wildlife","floor":15.0,"turns":2.0},{"damage":59.0,"enemies":"DF_ARCHETYPE_STREAMLINE","floor":16.0,"turns":7.0},{"damage":10.0,"enemies":"Chosen","floor":19.0,"turns":4.0},{"damage":21.0,"enemies":"Snake Plant","floor":20.0,"turns":3.0},{"damage":4.0,"enemies":"Chosen and Byrds","floor":23.0,"turns":5.0},{"damage":1.0,"enemies":"downfall:FleeingMerchant","floor":25.0,"turns":4.0},{"damage":25.0,"enemies":"Centurion and Healer","floor":26.0,"turns":6.0},{"damage":22.0,"enemies":"Gremlin Leader","floor":28.0,"turns":6.0},{"damage":35.0,"enemies":"Book of Stabbing","floor":30.0,"turns":6.0},{"damage":2.0,"enemies":"3 Cultists","floor":31.0,"turns":4.0},{"damage":10.0,"enemies":"Cultist and Chosen","floor":32.0,"turns":4.0},{"damage":14.0,"enemies":"WA_ARCHETYPE_CALM","floor":33.0,"turns":8.0},{"damage":11,"enemies":"3 Darklings","floor":36,"turns":5},{"damage":0,"enemies":"downfall:FleeingMerchant","floor":37,"turns":4},{"damage":0,"enemies":"3 Shapes","floor":38,"turns":3},{"damage":0,"enemies":"downfall:FleeingMerchant","floor":39,"turns":4},{"damage":29,"enemies":"Spire Growth","floor":42,"turns":5},{"damage":11,"enemies":"Transient","floor":44,"turns":5},{"damage":2,"enemies":"Writhing Mass","floor":45,"turns":6},{"damage":26,"enemies":"Jaw Worm Horde","floor":47,"turns":4},{"damage":0,"enemies":"downfall:FleeingMerchant","floor":48,"turns":1},{"damage":0,"enemies":"Transient","floor":49,"turns":5},{"damage":4,"enemies":"IC_BLOCK_ARCHETYPE","floor":50,"turns":9}],"seed_played":"-9023566443137279973","potions_obtained":[{"floor":6.0,"key":"Strength Potion"},{"floor":9.0,"key":"bronze:BurnAndBuffPotion"},{"floor":12.0,"key":"sneckomod:MuddlingPotion"},{"floor":15.0,"key":"DuplicationPotion"},{"floor":16.0,"key":"hexamod:SoulburnPotion"},{"floor":22.0,"key":"CultistPotion"},{"floor":23.0,"key":"EntropicBrew"},{"floor":26.0,"key":"GamblersBrew"},{"floor":30.0,"key":"FairyPotion"},{"floor":31.0,"key":"Slimebound:ThreeZeroPotion"},{"floor":36,"key":"Swift Potion"},{"floor":43,"key":"AttackPotion"},{"floor":43,"key":"SmokeBomb"},{"floor":44,"key":"hexamod:SoulburnPotion"}],"is_trial":false,"path_per_floor":["R","?","M","?","M","M","T","M","M","R","M","E","R","E","M","B",null,"R","M","M","?","?","M","T","$","M","T","E","T","E","M","M","B",null,"R","M","$","M","$","?","T","M","?","M","M","R","M","$","M","B",null],"character_chosen":"SLIMEBOUND","items_purchased":["Potion Belt","Slimebound:MaxSlimesRelic","Slimebound:AggressiveSlimeRelic","Bronze Scales","AttackPotion","PowerPotion"],"campfire_rested":0,"item_purchase_floors":[25,37,48,48,48,48],"current_hp_per_floor":[47,47,53,28,44,54,54,65,55,55,62,59,59,61,65,34,65,65,55,42,42,42,65,65,65,65,65,65,65,34,54,55,59,65,65,65,65,65,65,65,65,59,59,58,63,63,43,43,65,61],"gold":71,"neow_bonus":"THREE_RARE_CARDS","is_daily":false,"chose_seed":false,"campfire_upgraded":5,"win_rate":0.0,"timestamp":1612399225,"path_taken":["R","?","M","?","?","M","T","M","M","R","M","E","R","E","M","BOSS","R","M","M","?","?","M","T","$","M","?","E","?","E","M","M","BOSS","R","M","$","M","$","?","T","M","?","M","M","R","?","$","M","BOSS"],"items_purchased_type":["Relic","Relic","Relic","Relic","Potion","Potion"],"build_version":"2020-12-22","purchased_purges":2,"victory":true,"max_hp_per_floor":[65,65,65,65,65,65,65,65,65,65,65,65,65,65,65,65,65,65,65,65,65,65,65,65,65,65,65,65,65,65,65,65,65,65,65,65,65,65,65,65,65,65,65,65,65,65,65,65,65,65],"card_choices":[{"not_picked":["Slimebound:PrepareCrush","Slimebound:FirmFortitude"],"picked":"Slimebound:LeechLife","floor":0.0},{"not_picked":["Slimebound:HauntingLick","Slimebound:ForwardTackle"],"picked":"Slimebound:LeechEnergy","floor":3.0},{"not_picked":["Slimebound:RainOfGoop","Slimebound:ComboTackle"],"picked":"Slimebound:SplitLeeching","floor":5.0},{"not_picked":["Slimebound:PressTheAttack","Slimebound:Replication"],"picked":"Slimebound:RollThrough","floor":6.0},{"not_picked":["Slimebound:GoopSpray","Slimebound:GoopTackle"],"picked":"Slimebound:LeadByExample","floor":8.0},{"not_picked":["Slimebound:LeechingTouch","Slimebound:SlimeBarrage"],"picked":"Slimebound:SamplingLick","floor":9.0},{"not_picked":["Slimebound:Grow","Slimebound:SplitLeeching"],"picked":"Slimebound:SplitMire","floor":11.0},{"not_picked":["Slimebound:GrowthPunch","Slimebound:Grow"],"picked":"Slimebound:RallyTheTroops","floor":12.0},{"not_picked":["Slimebound:GoopTackle","Slimebound:ComboTackle"],"picked":"Slimebound:RainOfGoop","floor":14.0},{"not_picked":["Slimebound:RollThrough","Slimebound:Chomp"],"picked":"Slimebound:Schlurp","floor":15.0},{"not_picked":["Slimebound:Teamwork","Slimebound:DuplicatedForm"],"picked":"Slimebound:OozeBath","floor":16.0},{"not_picked":["Slimebound:FinishingTackle","Slimebound:Equalize","Slimebound:Replication"],"picked":"SKIP","floor":19.0},{"not_picked":["Slimebound:SlimeTap+1","Slimebound:ComboTackle"],"picked":"Slimebound:Schlurp+1","floor":20.0},{"not_picked":["Slimebound:LeechingTouch+1","Slimebound:HauntingLick"],"picked":"Slimebound:SplitMire","floor":23.0},{"not_picked":["Slimebound:ItLooksTasty+1","Slimebound:LeechEnergy"],"picked":"Slimebound:Prepare","floor":25.0},{"not_picked":["Slimebound:GrowthPunch","Slimebound:SamplingLick","Slimebound:RollThrough"],"picked":"SKIP","floor":26.0},{"not_picked":["Slimebound:PressTheAttack","Slimebound:SlimeBrawl","Slimebound:Prepare"],"picked":"SKIP","floor":28.0},{"not_picked":["Slimebound:SamplingLick","Slimebound:PressTheAttack"],"picked":"Slimebound:FormOfPuddle","floor":30.0},{"not_picked":["Slimebound:LeechingTouch+1","Slimebound:Repurpose"],"picked":"Slimebound:MegaLick","floor":31.0},{"not_picked":["Slimebound:ComboTackle","Slimebound:FirmFortitude","Slimebound:SlimeBarrage+1"],"picked":"SKIP","floor":31.0},{"not_picked":["Slimebound:ComboTackle","Slimebound:Prepare"],"picked":"Slimebound:Repurpose+1","floor":32.0},{"not_picked":["Slimebound:Schlurp","Slimebound:Prepare"],"picked":"Slimebound:GoopSpray","floor":32.0},{"not_picked":["Slimebound:SelfFormingGoo","Slimebound:DuplicatedForm"],"picked":"Slimebound:LeechLife","floor":33.0},{"not_picked":["Slimebound:RejuvenatingLick","Slimebound:SplitLeeching","Slimebound:LeechEnergy"],"picked":"SKIP","floor":36},{"not_picked":["Slimebound:ComboTackle","Slimebound:SplitMire","Slimebound:ItLooksTasty+1"],"picked":"SKIP","floor":36},{"not_picked":["Slimebound:Equalize+1","Slimebound:ForwardTackle"],"picked":"Slimebound:OozeBath","floor":37},{"not_picked":["Slimebound:ItLooksTasty+1","Slimebound:Chomp+1"],"picked":"Slimebound:SpikyOuterGoop+1","floor":38},{"not_picked":["Slimebound:Replication+1","Slimebound:FlameTackle","Slimebound:SlimeSpikes"],"picked":"SKIP","floor":38},{"not_picked":["Slimebound:ItLooksTasty+1","Slimebound:BestDefense"],"picked":"Slimebound:SplitAcid+1","floor":39},{"not_picked":["expansioncontent:HyperBeam","expansioncontent:PolyBeam"],"picked":"expansioncontent:Chronoboost","floor":40},{"not_picked":["Slimebound:OneTwoCombo","Slimebound:MegaLick","Slimebound:LeadByExample"],"picked":"SKIP","floor":42},{"not_picked":["Slimebound:SlimeSpikes+1","Slimebound:SplitLeeching+1","Slimebound:GrowthPunch"],"picked":"SKIP","floor":42},{"not_picked":["Slimebound:OneTwoCombo","Slimebound:MegaLick","Slimebound:LeadByExample"],"picked":"SKIP","floor":42},{"not_picked":["Slimebound:SlimeSpikes+1","Slimebound:SplitLeeching+1","Slimebound:GrowthPunch"],"picked":"SKIP","floor":42},{"not_picked":["Slimebound:RollThrough+1","Slimebound:ComboTackle"],"picked":"Slimebound:SpikyOuterGoop+1","floor":44},{"not_picked":["Slimebound:BestDefense","Slimebound:SplitBruiser"],"picked":"Slimebound:Prepare+1","floor":44},{"not_picked":["Slimebound:Grow+1","Slimebound:SlimeSpikes","Slimebound:FinishingTackle"],"picked":"SKIP","floor":45},{"not_picked":["Slimebound:Schlurp","Slimebound:SpikyOuterGoop","Slimebound:ComboTackle"],"picked":"SKIP","floor":45},{"not_picked":["Slimebound:FlameTackle+1","Slimebound:DisruptingSlam+1","Slimebound:GoopSpray+1"],"picked":"SKIP","floor":47},{"not_picked":["Slimebound:GoopTackle+1","Slimebound:Repurpose","Slimebound:SplitLeeching+1"],"picked":"SKIP","floor":47},{"not_picked":["Slimebound:PressTheAttack","Slimebound:ForwardTackle+1"],"picked":"Slimebound:ProtectTheBoss+1","floor":48},{"not_picked":["Slimebound:GoopSpray+1","Slimebound:GoopTackle"],"picked":"Slimebound:ViciousTackle+1","floor":49},{"not_picked":["Slimebound:Chomp+1","Slimebound:HauntingLick+1","Slimebound:SlimeSpikes"],"picked":"SKIP","floor":49}],"player_experience":769601,"relics_obtained":[{"floor":7.0,"key":"Toy Ornithopter"},{"floor":12.0,"key":"Letter Opener"},{"floor":14.0,"key":"Tiny Chest"},{"floor":24.0,"key":"Lizard Tail"},{"floor":27.0,"key":"Du-Vu Doll"},{"floor":28.0,"key":"Prayer Wheel"},{"floor":29.0,"key":"Torii"},{"floor":30.0,"key":"Lantern"},{"floor":41,"key":"Darkstone Periapt"}],"event_choices":[{"damage_healed":0.0,"max_hp_gain":0.0,"max_hp_loss":0.0,"gold_gain":0.0,"event_name":"Scrap Ooze","player_choice":"Success","floor":4.0,"gold_loss":0.0,"damage_taken":25.0,"relics_obtained":["Akabeko"]},{"damage_healed":0.0,"max_hp_gain":0.0,"max_hp_loss":0.0,"gold_gain":0.0,"cards_transformed":["Slimebound:Strike_Slimebound","Slimebound:Defend_Slimebound"],"event_name":"Drug Dealer","player_choice":"Became Test Subject","floor":21.0,"gold_loss":0.0,"damage_taken":0.0,"cards_obtained":["Slimebound:MinionMaster","Slimebound:SamplingLick"]},{"damage_healed":0,"gold_gain":0,"player_choice":"Got Potions","damage_taken":0,"max_hp_gain":0,"max_hp_loss":0,"event_name":"Lab","floor":43,"gold_loss":0}],"is_beta":false,"boss_relics":[{"not_picked":["SlaversCollar","SacredBark"],"picked":"Cursed Key"},{"not_picked":["Coffee Dripper","Slimebound:AbsorbEndCombatUpgraded"],"picked":"Slimebound:TarBlob"}],"items_purged_floors":[25,48],"is_endless":false,"potions_floor_spawned":[6,9,12,15,16,23,26,30,31,32,36,44,49],"ascension_level":0}}