{"host":"md0dejzd6k70gl1f","time":1612427591,"event":{"mods":["BaseMod","Minty Spire (QoL Compilation)","Quick Restart"],"gold_per_floor":[117,137,7,7,7,7,33,47,47,47,60,91,91,123,123,202,202,222,222,272,15,31,63,63,80,80,108,122,122,133,178,178,178,178],"floor_reached":33,"language":"ENG","playtime":1704,"items_purged":["Strike_G","Strike_G"],"score":656,"play_id":"06df13a8-0880-42e5-918b-908145607243","local_time":"20210204093311","is_ascension_mode":true,"campfire_choices":[{"floor":6.0,"key":"REST"},{"floor":10.0,"key":"REST"},{"floor":13,"key":"REST"},{"floor":15,"key":"REST"},{"data":"Footwork","floor":24,"key":"SMITH"},{"floor":29,"key":"REST"},{"floor":32,"key":"REST"}],"circlet_count":0,"master_deck":["AscendersBane","Strike_G","Defend_G+1","Defend_G","Defend_G+1","Defend_G+1","Defend_G","Survivor","Neutralize+1","Predator","PiercingWail+1","Dagger Throw","Footwork","Footwork+1","Leg Sweep","Dodge and Roll","Corpse Explosion","Well Laid Plans+1","Corpse Explosion","Escape Plan","Noxious Fumes","PiercingWail","Bane+1","Poisoned Stab"],"relics":["Ring of the Snake","Singing Bowl","Lizard Tail","War Paint","Bag of Marbles","Philosopher\u0027s Stone","Gremlin Horn","InkBottle","MealTicket"],"acts_visited":["Exordium","TheCity"],"potions_floor_usage":[14,27],"damage_taken":[{"damage":14.0,"enemies":"Jaw Worm","floor":1.0,"turns":7.0},{"damage":1.0,"enemies":"2 Louse","floor":2.0,"turns":3.0},{"damage":24.0,"enemies":"Gremlin Nob","floor":7.0,"turns":4.0},{"damage":0.0,"enemies":"Cultist","floor":8.0,"turns":3.0},{"damage":5.0,"enemies":"Blue Slaver","floor":11.0,"turns":5.0},{"damage":25.0,"enemies":"Lagavulin","floor":12.0,"turns":9.0},{"damage":22,"enemies":"3 Sentries","floor":14,"turns":10},{"damage":3,"enemies":"The Guardian","floor":16,"turns":23},{"damage":15,"enemies":"Chosen","floor":18,"turns":7},{"damage":4,"enemies":"2 Thieves","floor":22,"turns":4},{"damage":8,"enemies":"Gremlin Leader","floor":23,"turns":8},{"damage":0,"enemies":"3 Cultists","floor":25,"turns":3},{"damage":18,"enemies":"Book of Stabbing","floor":27,"turns":9},{"damage":21,"enemies":"Snake Plant","floor":28,"turns":6},{"damage":18,"enemies":"Snecko","floor":30,"turns":7},{"damage":32,"enemies":"Collector","floor":33,"turns":3}],"seed_played":"7833086603796354412","potions_obtained":[{"floor":1.0,"key":"Fire Potion"},{"floor":7.0,"key":"AttackPotion"},{"floor":12,"key":"Weak Potion"},{"floor":14,"key":"BlessingOfTheForge"}],"is_trial":false,"path_per_floor":["M","M","$","?","?","R","E","M","T","R","M","E","R","E","R","B",null,"M","?","?","$","M","E","R","M","T","E","M","R","M","T","R","B"],"character_chosen":"THE_SILENT","items_purchased":["Explosive Potion","Noxious Fumes","PiercingWail","Dexterity Potion"],"campfire_rested":6,"item_purchase_floors":[3,21,21,21],"current_hp_per_floor":[51,50,50,28,28,49,25,25,25,46,41,16,37,15,36,33,62,47,47,47,47,45,39,39,39,39,23,4,28,10,10,34,2,2],"gold":178,"neow_bonus":"TEN_PERCENT_HP_BONUS","is_daily":false,"chose_seed":false,"campfire_upgraded":1,"win_rate":0.0,"timestamp":1612427591,"path_taken":[],"items_purchased_type":["Potion","Card","Card","Potion"],"build_version":"2020-12-22","purchased_purges":2,"victory":false,"max_hp_per_floor":[],"card_choices":[],"player_experience":468004,"relics_obtained":[],"event_choices":[],"is_beta":false,"boss_relics":[],"items_purged_floors":[],"is_endless":false,"potions_floor_spawned":[],"killed_by":"Collector","ascension_level":20}}