{"host":"w7dhjqgqsib0c3vt","time":1612442627,"event":{"mods":["ATMod(°¢èªMod)","BaseMod","Dota2Spire","Downfall","Minty Spire (QoL Compilation)","Shop Mod","Spicy Shops","StSLib"],"gold_per_floor":[199,218,49,149,163,163,187,251,251,6,6,6,6,72,136,261,261,161,204,204,243,29,29,54,54,119,161,239,239,41,41,82,236,245,245,382,30,30,30,92,145,239,239,38,150,3,3,47,164,189],"floor_reached":51,"language":"ZHS","playtime":2815,"items_purged":["bronze:Strike"],"score":988,"play_id":"928acc02-bc39-4e5a-8926-28d1ccc81919","local_time":"20210204204347","is_ascension_mode":false,"campfire_choices":[{"data":"AT_BodySlamDance","floor":1.0,"key":"SMITH"},{"data":"bronze:RecursiveStrike","floor":6.0,"key":"SMITH"},{"floor":9.0,"key":"RECALL"},{"data":"bronze:DelayedSlice","floor":11.0,"key":"SMITH"},{"data":"bronze:BronzeOrb","floor":18.0,"key":"SMITH"},{"data":"bronze:Overload","floor":23.0,"key":"SMITH"},{"data":"bronze:Overheat","floor":35.0,"key":"SMITH"},{"floor":43.0,"key":"REST"},{"data":"bronze:NullPointer","floor":47,"key":"SMITH"}],"circlet_count":0,"master_deck":["bronze:Strike","bronze:Strike+1","bronze:Defend","bronze:Defend+1","bronze:Defend+1","bronze:Replicate+1","bronze:Goto","AT_BodySlamDance+1","bronze:DelayedGuard","bronze:RecursiveStrike+1","bronze:Optimize","bronze:FollowUp","bronze:Turbo","bronze:NullPointer+1","bronze:DelayedSlice+1","bronze:BronzeOrb+1","bronze:Separator","bronze:FindAndReplace","bronze:BitShift","bronze:Iterate","bronze:FineTuning","bronze:ForLoop+1","bronze:BitShift","bronze:DelayedSlice","bronze:Overload+1","bronze:Optimize","bronze:Backtrace+1","bronze:Overheat+1","bronze:Mutator","CurseOfTheBell","bronze:WhirlingStrike","bronze:Turbo+1","bronze:ChildClass","bronze:Flail+1"],"relics":["bronze:BronzeCore","AT_ATBox","AT_MibuBalloonWealth","Membership Card","Dota2Spire:UrnOfShadows","Bronze Scales","AT_TrinityForce","downfall:HeartBlessingRed","Vajra","AT_TimeSand","Sling","Dota2Spire:MagicBottle","CeramicFish","Orrery","Dota2Spire:EchoSabre","Pen Nib","Bottled Lightning","HandDrill","bronze:BottledCode","Calling Bell","AT_SunfireAegis","Dota2Spire:Dagon","Thread and Needle","Frozen Eye","Centennial Puzzle","Oddly Smooth Stone","Dota2Spire:AghanimScepter","Singing Bowl","bronze:SilverBullet","Bag of Marbles","Orichalcum"],"acts_visited":["TheCity","TheBeyond"],"potions_floor_usage":[],"damage_taken":[{"damage":3.0,"enemies":"Jaw Worm","floor":2.0,"turns":4.0},{"damage":0.0,"enemies":"downfall:FleeingMerchant","floor":3.0,"turns":4.0},{"damage":5.0,"enemies":"2 Louse","floor":5.0,"turns":2.0},{"damage":7.0,"enemies":"Small Slimes","floor":8.0,"turns":3.0},{"damage":2.0,"enemies":"downfall:FleeingMerchant","floor":10.0,"turns":4.0},{"damage":15.0,"enemies":"Exordium Thugs","floor":14.0,"turns":2.0},{"damage":8.0,"enemies":"Exordium Wildlife","floor":15.0,"turns":4.0},{"damage":20.0,"enemies":"DF_ARCHETYPE_STREAMLINE","floor":16.0,"turns":5.0},{"damage":0.0,"enemies":"Chosen","floor":19.0,"turns":2.0},{"damage":0.0,"enemies":"Shell Parasite","floor":21.0,"turns":2.0},{"damage":20.0,"enemies":"downfall:FleeingMerchant","floor":22.0,"turns":3.0},{"damage":0.0,"enemies":"Book of Stabbing","floor":26.0,"turns":2.0},{"damage":0.0,"enemies":"Snecko","floor":27.0,"turns":2.0},{"damage":0.0,"enemies":"Centurion and Healer","floor":28.0,"turns":1.0},{"damage":0.0,"enemies":"Snake Plant","floor":32.0,"turns":1.0},{"damage":0.0,"enemies":"SI_MIRROR_ARCHETYPE","floor":33.0,"turns":2.0},{"damage":0.0,"enemies":"3 Darklings","floor":36.0,"turns":2.0},{"damage":0.0,"enemies":"Nemesis","floor":40.0,"turns":1.0},{"damage":15.0,"enemies":"3 Shapes","floor":42.0,"turns":1.0},{"damage":0.0,"enemies":"Reptomancer","floor":45.0,"turns":1.0},{"damage":0,"enemies":"Maw","floor":48,"turns":3},{"damage":7,"enemies":"4 Shapes","floor":49,"turns":1},{"damage":0,"enemies":"WA_ARCHETYPE_DIVINITY","floor":50,"turns":2}],"seed_played":"-2986729499508048897","potions_obtained":[{"floor":2.0,"key":"Slimebound:ThreeZeroPotion"},{"floor":5.0,"key":"bronze:BurnAndBuffPotion"},{"floor":14.0,"key":"Dota2Spire:HealingSalve"},{"floor":16.0,"key":"Swift Potion"},{"floor":21.0,"key":"Fire Potion"},{"floor":29.0,"key":"CultistPotion"},{"floor":32.0,"key":"DuplicationPotion"},{"floor":33.0,"key":"LiquidMemories"}],"is_trial":false,"path_per_floor":["R","M","$","?","M","R","T","M","R","$","R","?","?","M","M","B",null,"R","M","?","M","$","R","T","?","E","M","M","?","$","?","M","B",null,"R","M","?","?","?","E","T","M","R","$","E","$","R","M","M","B",null],"character_chosen":"THE_AUTOMATON","items_purchased":["bronze:Optimize","bronze:FollowUp","Membership Card","Dota2Spire:UrnOfShadows","Vajra","AT_TimeSand","Sling","DuplicationPotion","Dota2Spire:MagicBottle","CeramicFish","Orrery","bronze:Overload","bronze:Optimize","Bottled Lightning","HandDrill","Frozen Eye","bronze:WhirlingStrike","bronze:ChildClass","Dota2Spire:AghanimScepter","Singing Bowl","Bag of Marbles","Orichalcum"],"campfire_rested":1,"item_purchase_floors":[3,3,10,10,22,22,22,22,22,22,22,22,22,30,30,37,37,44,44,44,46,46],"current_hp_per_floor":[70,67,67,67,62,62,62,55,55,53,53,53,46,31,35,15,70,70,70,70,70,50,50,50,70,70,70,70,70,70,60,60,60,60,60,60,60,60,52,52,52,37,55,55,55,55,55,57,52,52],"gold":189,"neow_bonus":"HUNDRED_GOLD","is_daily":false,"chose_seed":false,"campfire_upgraded":7,"win_rate":0.0,"timestamp":1612442627,"path_taken":["R","M","$","?","M","R","T","M","R","$","R","?","?","M","M","BOSS","R","M","?","M","$","R","T","?","E","M","M","?","$","?","M","BOSS","R","M","?","?","?","E","T","M","R","$","E","$","R","?","M","BOSS"],"items_purchased_type":["Card","Card","Relic","Relic","Relic","Relic","Relic","Potion","Relic","Relic","Relic","Card","Card","Relic","Relic","Relic","Card","Card","Relic","Relic","Relic","Relic"],"build_version":"2020-12-22","purchased_purges":1,"victory":true,"max_hp_per_floor":[70,70,70,70,70,70,70,70,70,70,70,70,70,70,70,70,70,70,70,70,70,70,70,70,70,70,70,70,70,70,60,60,60,60,60,60,60,60,60,60,60,60,60,60,60,60,60,62,64,64],"card_choices":[{"not_picked":["bronze:Repair","bronze:Invalidate"],"picked":"bronze:DelayedGuard","floor":2.0},{"not_picked":["bronze:Invalidate","bronze:BugBarrage"],"picked":"bronze:RecursiveStrike","floor":3.0},{"not_picked":["bronze:ClassDefault","bronze:Invalidate"],"picked":"bronze:Turbo","floor":5.0},{"not_picked":["bronze:BugBarrage","bronze:BuggyMess"],"picked":"bronze:NullPointer","floor":8.0},{"not_picked":["bronze:Separator","bronze:Assembly"],"picked":"bronze:DelayedSlice","floor":10.0},{"not_picked":["bronze:Shell","bronze:Invalidate"],"picked":"bronze:BronzeOrb","floor":14.0},{"not_picked":["bronze:DelayedGuard","bronze:FollowUp"],"picked":"bronze:Separator","floor":15.0},{"not_picked":["bronze:RecursiveStrike","bronze:Break"],"picked":"bronze:FindAndReplace","floor":16.0},{"not_picked":["bronze:Branch","bronze:Deprecate"],"picked":"bronze:BitShift","floor":19.0},{"not_picked":["bronze:BitShift+1","bronze:Repulsor"],"picked":"bronze:Iterate","floor":21.0},{"not_picked":["bronze:Shield","bronze:Repair"],"picked":"bronze:FineTuning","floor":22.0},{"not_picked":["bronze:Turbo+1","bronze:BitShift"],"picked":"bronze:ForLoop+1","floor":22.0},{"not_picked":["bronze:Flail","bronze:Fortify"],"picked":"bronze:BitShift","floor":22.0},{"not_picked":["bronze:WildBeam","bronze:Safeguard"],"picked":"bronze:DelayedSlice","floor":22.0},{"not_picked":["bronze:ChosenStrike+1","bronze:Boost"],"picked":"bronze:Backtrace+1","floor":26.0},{"not_picked":["bronze:Iterate+1","bronze:DigitalCarnage","bronze:BitShift"],"picked":"SKIP","floor":27.0},{"not_picked":["bronze:WildBeam","bronze:ClassDefault"],"picked":"bronze:Overheat","floor":28.0},{"not_picked":["bronze:Assembly","bronze:GetLatest","bronze:Branch"],"picked":"SKIP","floor":32.0},{"not_picked":["bronze:Break","bronze:ShipIt"],"picked":"bronze:Mutator","floor":33.0},{"not_picked":["bronze:Backtrace+1","bronze:FollowUp","bronze:DelayedGuard"],"picked":"SKIP","floor":36.0},{"not_picked":["bronze:ShipIt","bronze:OilSpill"],"picked":"bronze:Turbo+1","floor":40.0},{"not_picked":["bronze:Philosophize+1","bronze:Constructor","bronze:Allocate"],"picked":"SKIP","floor":42.0},{"not_picked":["bronze:Invalidate","bronze:BurnOut"],"picked":"bronze:Flail+1","floor":45.0},{"not_picked":["bronze:OilSpill+1","bronze:WhirlingStrike+1","bronze:ForceShield"],"picked":"Singing Bowl","floor":48},{"not_picked":["bronze:DelayedSlice","bronze:Separator+1","bronze:Return"],"picked":"Singing Bowl","floor":49}],"player_experience":659357,"relics_obtained":[{"floor":7.0,"key":"AT_MibuBalloonWealth"},{"floor":24.0,"key":"Dota2Spire:EchoSabre"},{"floor":26.0,"key":"Pen Nib"},{"floor":34.0,"key":"AT_SunfireAegis"},{"floor":34.0,"key":"Dota2Spire:Dagon"},{"floor":34.0,"key":"Thread and Needle"},{"floor":40.0,"key":"Centennial Puzzle"},{"floor":41.0,"key":"Oddly Smooth Stone"},{"floor":45.0,"key":"bronze:SilverBullet"}],"event_choices":[{"damage_healed":0.0,"max_hp_gain":0.0,"max_hp_loss":0.0,"gold_gain":0.0,"event_name":"Scrap Ooze","player_choice":"Success","floor":13.0,"gold_loss":0.0,"damage_taken":7.0,"relics_obtained":["Bronze Scales"]},{"damage_healed":23.0,"max_hp_gain":0.0,"max_hp_loss":0.0,"gold_gain":0.0,"event_name":"The Library","player_choice":"Heal","floor":25.0,"gold_loss":0.0,"damage_taken":0.0},{"cards_removed":["bronze:Defend"],"damage_healed":0.0,"max_hp_gain":0.0,"max_hp_loss":0.0,"gold_gain":0.0,"event_name":"Falling","player_choice":"Removed Skill","floor":38.0,"gold_loss":0.0,"damage_taken":0.0}],"is_beta":false,"boss_relics":[{"not_picked":["SacredBark","Runic Dome"],"picked":"AT_TrinityForce"},{"not_picked":["Velvet Choker","bronze:MakeshiftBattery"],"picked":"Calling Bell"}],"items_purged_floors":[22],"is_endless":false,"potions_floor_spawned":[2,5,14,16,21,27,32,33,36,49],"ascension_level":0}}