{"host":"rhakyh2m1vy6smuu","time":1612422375,"event":{"mods":["BaseMod","Minty Spire (QoL Compilation)","StSLib"],"gold_per_floor":[112,124,49,49,49,49,124,124,150,150,164,191,74,100,100,175,175,189,200,200,111,111,128,155,175,175,201,201,201,234,234,234,307,307,323,323,339,339,354,379,379,379],"floor_reached":41,"language":"ENG","playtime":2253,"items_purged":["Defend_R"],"score":1020,"play_id":"26dfc5e5-65b7-4e95-b0b5-176ad0d1e31f","local_time":"20210204000615","is_ascension_mode":true,"campfire_choices":[{"data":"Warcry","floor":6.0,"key":"SMITH"},{"data":"Bash","floor":8.0,"key":"SMITH"},{"floor":10.0,"key":"REST"},{"data":"Metallicize","floor":15.0,"key":"SMITH"},{"data":"Cleave","floor":28.0,"key":"SMITH"},{"data":"Metallicize","floor":32.0,"key":"SMITH"}],"circlet_count":0,"master_deck":["AscendersBane","Defend_R+1","Defend_R","Bash+1","Carnage+1","Berserk+1","Shrug It Off+1","Thunderclap+1","Warcry+1","Metallicize+1","Pummel","Feel No Pain","Offering","Cleave+1","Ghostly","Ghostly","Ghostly","Metallicize+1","Clothesline","Brutality","Shockwave","Battle Trance","Whirlwind+1","Barricade+1","Reaper+1","True Grit+1","Pommel Strike+1","Headbutt+1"],"relics":["Astrolabe","Anchor","PreservedInsect","Ice Cream","SlaversCollar","Nunchaku","Molten Egg 2","Juzu Bracelet","Bronze Scales","Black Star","Lantern","Eternal Feather","Darkstone Periapt"],"acts_visited":["Exordium","TheCity","TheBeyond"],"potions_floor_usage":[],"damage_taken":[{"damage":0.0,"enemies":"2 Louse","floor":1.0,"turns":3.0},{"damage":7.0,"enemies":"Jaw Worm","floor":2.0,"turns":2.0},{"damage":0.0,"enemies":"Small Slimes","floor":11.0,"turns":2.0},{"damage":2.0,"enemies":"3 Sentries","floor":12.0,"turns":8.0},{"damage":0.0,"enemies":"Lagavulin","floor":14.0,"turns":5.0},{"damage":40.0,"enemies":"Hexaghost","floor":16.0,"turns":10.0},{"damage":11.0,"enemies":"2 Thieves","floor":18.0,"turns":4.0},{"damage":0.0,"enemies":"Chosen","floor":19.0,"turns":5.0},{"damage":6.0,"enemies":"Centurion and Healer","floor":23.0,"turns":4.0},{"damage":6.0,"enemies":"Slavers","floor":24.0,"turns":4.0},{"damage":12.0,"enemies":"3 Cultists","floor":25.0,"turns":6.0},{"damage":2.0,"enemies":"Book of Stabbing","floor":27.0,"turns":5.0},{"damage":1.0,"enemies":"Slavers","floor":30.0,"turns":3.0},{"damage":33.0,"enemies":"Collector","floor":33.0,"turns":11.0},{"damage":0.0,"enemies":"3 Darklings","floor":35.0,"turns":6.0},{"damage":3.0,"enemies":"3 Shapes","floor":37.0,"turns":5.0},{"damage":6.0,"enemies":"Transient","floor":39.0,"turns":6.0},{"damage":40.0,"enemies":"Reptomancer","floor":40.0,"turns":7.0},{"damage":12,"enemies":"Jaw Worm Horde","floor":41,"turns":2}],"seed_played":"468694690513291107","potions_obtained":[{"floor":11.0,"key":"ColorlessPotion"},{"floor":16.0,"key":"GamblersBrew"},{"floor":18.0,"key":"LiquidMemories"},{"floor":30.0,"key":"FairyPotion"},{"floor":37.0,"key":"BlessingOfTheForge"},{"floor":38.0,"key":"CultistPotion"},{"floor":38.0,"key":"HeartOfIron"},{"floor":39.0,"key":"Ancient Potion"}],"is_trial":false,"path_per_floor":["M","M","?","?","?","R","?","R","T","R","M","E","$","E","R","B",null,"M","M","?","$","?","M","E","M","T","E","R","?","E","?","R","B",null,"M","T","M","?","M","E","M"],"character_chosen":"IRONCLAD","items_purchased":["Feel No Pain","Metallicize"],"campfire_rested":1,"item_purchase_floors":[13,21],"current_hp_per_floor":[68,61,61,38,38,38,27,27,27,49,49,47,47,47,47,7,58,47,47,37,37,37,31,25,13,13,11,11,11,10,10,10,11,31,31,31,34,34,37,12,0,0],"gold":379,"neow_bonus":"BOSS_RELIC","is_daily":false,"chose_seed":false,"campfire_upgraded":5,"win_rate":0.0,"timestamp":1612422375,"path_taken":["M","M","?","?","?","R","?","R","T","R","M","E","?","E","R","BOSS","M","M","?","$","?","M","E","M","T","E","R","?","E","?","R","BOSS","M","?","M","?","M","E","M"],"items_purchased_type":["Card","Card"],"build_version":"2020-12-22","purchased_purges":1,"victory":false,"max_hp_per_floor":[75,75,75,75,75,75,75,75,75,75,75,75,75,75,75,75,75,75,75,37,37,37,37,37,37,37,37,37,37,37,37,37,37,37,37,37,37,37,37,37,37,37],"card_choices":[{"not_picked":["Sword Boomerang","Sentinel"],"picked":"Thunderclap","floor":1.0},{"not_picked":["Combust","Iron Wave"],"picked":"Warcry","floor":2.0},{"not_picked":["Iron Wave","Anger"],"picked":"Metallicize","floor":11.0},{"not_picked":["Combust","Body Slam"],"picked":"Pummel","floor":12.0},{"not_picked":["Warcry","Havoc","Wild Strike"],"picked":"SKIP","floor":14.0},{"not_picked":["Bludgeon","Limit Break"],"picked":"Offering","floor":16.0},{"not_picked":["Shockwave","Sword Boomerang"],"picked":"Heavy Blade","floor":18.0},{"not_picked":["Disarm","Anger"],"picked":"Cleave","floor":19.0},{"not_picked":["Fire Breathing","True Grit"],"picked":"Shockwave","floor":23.0},{"not_picked":["Sword Boomerang","Havoc"],"picked":"Battle Trance","floor":24.0},{"not_picked":["Shrug It Off","Ghostly Armor","Armaments"],"picked":"SKIP","floor":25.0},{"not_picked":["True Grit","Spot Weakness"],"picked":"Whirlwind+1","floor":27.0},{"not_picked":["Anger+1","Iron Wave+1"],"picked":"Barricade","floor":30.0},{"not_picked":["Brutality","Barricade"],"picked":"Reaper+1","floor":33.0},{"not_picked":["Inflame","Power Through"],"picked":"True Grit+1","floor":35.0},{"not_picked":["Havoc","Sword Boomerang+1"],"picked":"Pommel Strike+1","floor":37.0},{"not_picked":["Whirlwind+1","Sever Soul+1"],"picked":"Headbutt+1","floor":39.0},{"not_picked":["Burning Pact+1","Power Through","Second Wind"],"picked":"SKIP","floor":40.0}],"player_experience":1513779,"relics_obtained":[{"floor":9.0,"key":"Anchor"},{"floor":12.0,"key":"PreservedInsect"},{"floor":14.0,"key":"Ice Cream"},{"floor":24.0,"key":"Nunchaku"},{"floor":26.0,"key":"Molten Egg 2"},{"floor":27.0,"key":"Juzu Bracelet"},{"floor":30.0,"key":"Bronze Scales"},{"floor":36.0,"key":"Lantern"},{"floor":40.0,"key":"Eternal Feather"},{"floor":40.0,"key":"Darkstone Periapt"}],"event_choices":[{"cards_removed":["Strike_R"],"damage_healed":0.0,"max_hp_gain":0.0,"max_hp_loss":0.0,"gold_gain":0.0,"event_name":"The Cleric","player_choice":"Card Removal","floor":3.0,"gold_loss":75.0,"damage_taken":0.0},{"damage_healed":0.0,"max_hp_gain":0.0,"max_hp_loss":0.0,"gold_gain":0.0,"event_name":"Shining Light","player_choice":"Entered Light","floor":4.0,"gold_loss":0.0,"damage_taken":23.0,"cards_upgraded":["Defend_R","Thunderclap"]},{"damage_healed":0.0,"max_hp_gain":0.0,"max_hp_loss":0.0,"gold_gain":0.0,"event_name":"Liars Game","player_choice":"Ignored","floor":5.0,"gold_loss":0.0,"damage_taken":0.0},{"damage_healed":0.0,"max_hp_gain":0.0,"max_hp_loss":0.0,"gold_gain":75.0,"event_name":"World of Goop","player_choice":"Gather Gold","floor":7.0,"gold_loss":0.0,"damage_taken":11.0},{"damage_healed":0.0,"max_hp_gain":0.0,"max_hp_loss":38.0,"gold_gain":0.0,"event_name":"Ghosts","player_choice":"Became a Ghost","floor":20.0,"gold_loss":0.0,"damage_taken":0.0,"cards_obtained":["Ghostly","Ghostly","Ghostly"]},{"damage_healed":0.0,"max_hp_gain":0.0,"max_hp_loss":0.0,"gold_gain":0.0,"cards_transformed":["Strike_R","Defend_R"],"event_name":"Drug Dealer","player_choice":"Became Test Subject","floor":22.0,"gold_loss":0.0,"damage_taken":0.0,"cards_obtained":["Clothesline","Brutality"]},{"cards_removed":["Heavy Blade"],"damage_healed":0.0,"max_hp_gain":0.0,"max_hp_loss":0.0,"gold_gain":0.0,"event_name":"Back to Basics","player_choice":"Elegance","floor":29.0,"gold_loss":0.0,"damage_taken":0.0},{"damage_healed":0.0,"max_hp_gain":0.0,"max_hp_loss":0.0,"gold_gain":0.0,"event_name":"Upgrade Shrine","player_choice":"Upgraded","floor":31.0,"gold_loss":0.0,"damage_taken":0.0,"cards_upgraded":["Barricade"]},{"damage_healed":0.0,"max_hp_gain":0.0,"max_hp_loss":0.0,"gold_gain":0.0,"event_name":"Lab","player_choice":"Got Potions","floor":38.0,"gold_loss":0.0,"damage_taken":0.0}],"is_beta":false,"boss_relics":[{"not_picked":["Ectoplasm","Cursed Key"],"picked":"SlaversCollar"},{"not_picked":["Runic Dome","Tiny House"],"picked":"Black Star"}],"items_purged_floors":[13],"is_endless":false,"potions_floor_spawned":[11,16,18,30,37,39],"killed_by":"Jaw Worm Horde","ascension_level":20}}