{"host":"8is2j71l4wmybkoi","time":1612443770,"event":{"mods":["AchievementEnabler","BaseMod","Colored Map","Minty Spire (QoL Compilation)","Rare Cards Sparkle","StSLib","SuperFastMode"],"gold_per_floor":[116,128,143,161,173,173,205,280,280,280,295,323,1,31,31,108,108,128,147,147,163,176,176,202,213,239,239,253,303,303,330,330,401,401,414,425,425,425,441,441,470,470,470,470,480,509,509,509],"floor_reached":47,"language":"KOR","playtime":1789,"items_purged":["Strike_B"],"score":940,"play_id":"479d0683-8f8e-4f08-9e47-e097b998f068","local_time":"20210204220250","is_ascension_mode":true,"campfire_choices":[{"data":"Zap","floor":6,"key":"SMITH"},{"data":"Double Energy","floor":10,"key":"SMITH"},{"data":"Go for the Eyes","floor":15,"key":"SMITH"},{"data":"Dualcast","floor":23,"key":"SMITH"},{"data":"Coolheaded","floor":27,"key":"SMITH"},{"floor":30,"key":"REST"},{"data":"Darkness","floor":32,"key":"SMITH"},{"floor":40,"key":"REST"},{"floor":42,"key":"RECALL"},{"data":"Force Field","floor":44,"key":"SMITH"}],"circlet_count":0,"master_deck":["AscendersBane","Strike_B","Strike_B","Strike_B","Defend_B","Defend_B","Defend_B","Defend_B","Zap+1","Dualcast+1","Undo","Glacier","Ball Lightning","Go for the Eyes+1","Double Energy+1","Capacitor+1","Loop+1","Electrodynamics+1","Coolheaded+1","Force Field+1","Electrodynamics+1","Core Surge","Compile Driver","Darkness+1","Storm+1","Compile Driver","Echo Form+1","Static Discharge+1","Loop+1","Cold Snap+1","Stack"],"relics":["Cracked Core","Sundial","Frozen Egg 2","Art of War","Eternal Feather","Nuclear Battery","Ice Cream","Bag of Marbles","Gremlin Horn","Sozu","Orichalcum","Meat on the Bone"],"acts_visited":["Exordium","TheCity","TheBeyond"],"potions_floor_usage":[4,11,12,23,24,25,31,31,39],"damage_taken":[{"damage":0,"enemies":"2 Louse","floor":1,"turns":1},{"damage":0,"enemies":"Jaw Worm","floor":2,"turns":3},{"damage":2,"enemies":"Cultist","floor":3,"turns":3},{"damage":0,"enemies":"Gremlin Gang","floor":4,"turns":4},{"damage":2,"enemies":"Looter","floor":5,"turns":3},{"damage":15,"enemies":"3 Sentries","floor":7,"turns":8},{"damage":1,"enemies":"Exordium Wildlife","floor":11,"turns":3},{"damage":23,"enemies":"Gremlin Nob","floor":12,"turns":4},{"damage":12,"enemies":"Hexaghost","floor":16,"turns":11},{"damage":4,"enemies":"Shell Parasite","floor":18,"turns":6},{"damage":21,"enemies":"3 Byrds","floor":19,"turns":3},{"damage":7,"enemies":"Snake Plant","floor":21,"turns":4},{"damage":10,"enemies":"Shelled Parasite and Fungi","floor":22,"turns":6},{"damage":19,"enemies":"Book of Stabbing","floor":24,"turns":5},{"damage":9,"enemies":"Centurion and Healer","floor":25,"turns":6},{"damage":12,"enemies":"Snake Plant","floor":28,"turns":3},{"damage":7,"enemies":"Gremlin Leader","floor":31,"turns":4},{"damage":49,"enemies":"Automaton","floor":33,"turns":7},{"damage":16,"enemies":"3 Darklings","floor":35,"turns":3},{"damage":6,"enemies":"3 Shapes","floor":36,"turns":4},{"damage":41,"enemies":"Maw","floor":39,"turns":7},{"damage":16,"enemies":"Reptomancer","floor":41,"turns":5},{"damage":12,"enemies":"Spire Growth","floor":45,"turns":5},{"damage":45,"enemies":"Nemesis","floor":46,"turns":11},{"damage":5,"enemies":"3 Darklings","floor":47,"turns":2}],"seed_played":"7943693020640647632","potions_obtained":[{"floor":2,"key":"Fire Potion"},{"floor":5,"key":"Swift Potion"},{"floor":7,"key":"SteroidPotion"},{"floor":11,"key":"Fruit Juice"},{"floor":22,"key":"FearPotion"},{"floor":24,"key":"SkillPotion"},{"floor":25,"key":"FocusPotion"},{"floor":28,"key":"Energy Potion"},{"floor":33,"key":"EssenceOfSteel"}],"is_trial":false,"path_per_floor":["M","M","M","M","M","R","E","?","T","R","M","E","$","?","R","B",null,"M","M","?","M","M","R","E","M","T","R","M","?","R","E","R","B",null,"M","M","?","?","M","R","E","R","T","R","M","E","M"],"character_chosen":"DEFECT","items_purchased":["Eternal Feather"],"campfire_rested":2,"item_purchase_floors":[13],"current_hp_per_floor":[71,71,69,69,67,67,52,41,41,41,40,17,17,17,26,14,62,58,37,37,30,20,37,18,9,9,24,12,12,51,44,59,10,65,49,43,43,43,2,40,24,42,42,60,48,3,0,0],"gold":509,"neow_bonus":"TEN_PERCENT_HP_BONUS","is_daily":false,"chose_seed":false,"campfire_upgraded":7,"win_rate":0.0,"timestamp":1612443770,"path_taken":["M","M","M","M","M","R","E","?","T","R","M","E","$","?","R","BOSS","M","M","?","M","?","R","E","?","T","R","M","?","R","E","R","BOSS","M","M","?","?","M","R","E","R","T","R","M","E","M"],"items_purchased_type":["Relic"],"build_version":"2020-12-22","purchased_purges":1,"victory":false,"max_hp_per_floor":[78,78,78,78,78,78,78,78,78,78,78,78,78,78,78,78,78,78,78,78,78,78,83,83,83,83,83,83,83,83,83,83,83,83,83,83,79,79,79,79,79,79,79,79,79,79,79,79],"card_choices":[{"not_picked":["Beam Cell","Cold Snap"],"picked":"Undo","floor":1},{"not_picked":["Lockon","Skim"],"picked":"Glacier","floor":2},{"not_picked":["Undo","Gash"],"picked":"Ball Lightning","floor":3},{"not_picked":["Leap","Steam","Skim"],"picked":"SKIP","floor":4},{"not_picked":["Barrage","Beam Cell"],"picked":"Go for the Eyes","floor":5},{"not_picked":["Scrape","Steam"],"picked":"Double Energy","floor":7},{"not_picked":["White Noise","Blizzard"],"picked":"Capacitor+1","floor":11},{"not_picked":["Rebound","Beam Cell"],"picked":"Loop+1","floor":12},{"not_picked":["Seek","Multi-Cast"],"picked":"Electrodynamics+1","floor":16},{"not_picked":["Stack","Rebound"],"picked":"Coolheaded","floor":18},{"not_picked":["Beam Cell","Turbo"],"picked":"Force Field","floor":19},{"not_picked":["Beam Cell","Barrage"],"picked":"Core Surge","floor":21},{"not_picked":["Undo","Sweeping Beam"],"picked":"Compile Driver","floor":22},{"not_picked":["Redo","Force Field"],"picked":"Darkness","floor":24},{"not_picked":["Stack","Fission"],"picked":"Storm+1","floor":25},{"not_picked":["Hologram","Turbo"],"picked":"Compile Driver","floor":28},{"not_picked":["Rebound","Darkness","Leap"],"picked":"SKIP","floor":31},{"not_picked":["Buffer+1","All For One"],"picked":"Echo Form+1","floor":33},{"not_picked":["Compile Driver+1","Rip and Tear"],"picked":"Static Discharge+1","floor":35},{"not_picked":["Go for the Eyes+1","Streamline+1","Barrage"],"picked":"SKIP","floor":36},{"not_picked":["Steam","Coolheaded"],"picked":"Loop+1","floor":39},{"not_picked":["Beam Cell","Loop+1"],"picked":"Cold Snap+1","floor":41},{"not_picked":["Gash","Barrage"],"picked":"Stack","floor":45},{"not_picked":["Sweeping Beam","Steam Power+1","Leap"],"picked":"SKIP","floor":46}],"player_experience":960430,"relics_obtained":[{"floor":7,"key":"Sundial"},{"floor":9,"key":"Frozen Egg 2"},{"floor":12,"key":"Art of War"},{"floor":24,"key":"Ice Cream"},{"floor":26,"key":"Bag of Marbles"},{"floor":31,"key":"Gremlin Horn"},{"floor":41,"key":"Orichalcum"},{"floor":46,"key":"Meat on the Bone"}],"event_choices":[{"damage_healed":0,"gold_gain":75,"player_choice":"Gather Gold","damage_taken":11,"max_hp_gain":0,"max_hp_loss":0,"event_name":"World of Goop","floor":8,"gold_loss":0},{"damage_healed":0,"gold_gain":30,"player_choice":"Searched \u00271\u0027 times","damage_taken":0,"max_hp_gain":0,"max_hp_loss":0,"event_name":"Dead Adventurer","floor":14,"gold_loss":0},{"damage_healed":0,"gold_gain":0,"player_choice":"Copied","damage_taken":0,"max_hp_gain":0,"max_hp_loss":0,"event_name":"Duplicator","floor":20,"gold_loss":0,"cards_obtained":["Electrodynamics"]},{"damage_healed":0,"gold_gain":50,"player_choice":"Stole From Cult","damage_taken":0,"max_hp_gain":0,"max_hp_loss":0,"event_name":"Nest","floor":29,"gold_loss":0},{"damage_healed":0,"gold_gain":0,"player_choice":"Max HP","damage_taken":0,"max_hp_gain":0,"max_hp_loss":4,"event_name":"Winding Halls","floor":37,"gold_loss":0},{"damage_healed":0,"gold_gain":0,"player_choice":"Ignored","damage_taken":0,"max_hp_gain":0,"max_hp_loss":0,"event_name":"Tomb of Lord Red Mask","floor":38,"gold_loss":0}],"is_beta":false,"boss_relics":[{"not_picked":["Empty Cage","Snecko Eye"],"picked":"Nuclear Battery"},{"not_picked":["Runic Pyramid","Velvet Choker"],"picked":"Sozu"}],"items_purged_floors":[13],"is_endless":false,"potions_floor_spawned":[2,5,7,11,22,24,25,28,33,36,46],"killed_by":"3 Darklings","ascension_level":15}}