{"host":"5w7hw1ne5h7avrl9","time":1612418856,"event":{"mods":["AchievementEnabler","BaseMod","Colored Map","Colored Powertips","Displayed Cursed Tome","Googly Eyes","Minty Spire (QoL Compilation)","SuperFastMode"],"gold_per_floor":[109,34,109,123,123,123,154,170,194,194,225,225,225,235,235,338,338,263,263,263,263,263,263,263,263],"floor_reached":24,"language":"ENG","playtime":2204,"items_purged":["Defend_B"],"score":227,"play_id":"eb6ac884-7adb-4a42-b3a9-47af0e8d6740","local_time":"20210203220736","is_ascension_mode":true,"campfire_choices":[{"data":"Glacier","floor":6,"key":"SMITH"},{"data":"Recycle","floor":12,"key":"SMITH"},{"data":"Self Repair","floor":15,"key":"SMITH"},{"floor":23,"key":"REST"}],"circlet_count":0,"master_deck":["Strike_B","Strike_B","Defend_B","Defend_B","Defend_B","Zap","Dualcast","Glacier+1","Conserve Battery","Cold Snap","Self Repair+1","Auto Shields","Recycle+1","Electrodynamics","Parasite","Streamline","Seek","Chill","Gash"],"relics":["Cracked Core","Happy Flower","Emotion Chip","Nunchaku","Ancient Tea Set","Ectoplasm"],"acts_visited":["Exordium","TheCity"],"potions_floor_usage":[7,20,24],"damage_taken":[{"damage":2,"enemies":"2 Louse","floor":1,"turns":3},{"damage":0,"enemies":"Small Slimes","floor":4,"turns":4},{"damage":33,"enemies":"Gremlin Nob","floor":7,"turns":8},{"damage":0,"enemies":"Jaw Worm","floor":8,"turns":4},{"damage":21,"enemies":"3 Sentries","floor":11,"turns":15},{"damage":18,"enemies":"Exordium Thugs","floor":14,"turns":4},{"damage":13,"enemies":"Slime Boss","floor":16,"turns":12},{"damage":16,"enemies":"2 Thieves","floor":18,"turns":5},{"damage":13,"enemies":"Chosen","floor":19,"turns":5},{"damage":50,"enemies":"Centurion and Healer","floor":20,"turns":12},{"damage":0,"enemies":"Snecko","floor":22,"turns":5},{"damage":52,"enemies":"Book of Stabbing","floor":24,"turns":10}],"seed_played":"4385770169959968523","potions_obtained":[{"floor":4,"key":"FearPotion"},{"floor":11,"key":"Explosive Potion"},{"floor":20,"key":"PotionOfCapacity"}],"is_trial":false,"path_per_floor":["M","$","?","M","?","R","E","M","T","?","E","R","?","M","R","B",null,"M","M","M","?","M","R","E"],"character_chosen":"DEFECT","items_purchased":[],"campfire_rested":1,"item_purchase_floors":[],"current_hp_per_floor":[52,52,41,41,34,34,8,15,15,40,26,26,44,33,33,30,75,69,56,16,16,26,48,0,0],"gold":263,"neow_bonus":"TRANSFORM_TWO_CARDS","is_daily":false,"chose_seed":false,"campfire_upgraded":3,"win_rate":0.0,"timestamp":1612418856,"path_taken":["M","$","?","M","?","R","E","M","T","?","E","R","?","M","R","BOSS","M","M","M","?","M","R","E"],"items_purchased_type":[],"build_version":"2020-12-22","purchased_purges":1,"victory":false,"max_hp_per_floor":[75,75,75,75,75,75,75,75,75,75,75,75,75,75,75,75,75,75,75,75,75,75,75,75,75],"card_choices":[{"not_picked":["Conserve Battery","Recycle"],"picked":"Cold Snap","floor":1},{"not_picked":["Coolheaded","Ball Lightning"],"picked":"Self Repair","floor":4},{"not_picked":["Cold Snap","Sunder"],"picked":"Auto Shields","floor":7},{"not_picked":["Static Discharge","Darkness"],"picked":"Recycle","floor":8},{"not_picked":["Rainbow","Auto Shields"],"picked":"Electrodynamics","floor":11},{"not_picked":["Auto Shields","Leap"],"picked":"Streamline","floor":14},{"not_picked":["Meteor Strike","Biased Cognition"],"picked":"Seek","floor":16},{"not_picked":["Turbo+1","Force Field","Recycle"],"picked":"SKIP","floor":18},{"not_picked":["White Noise","Doom and Gloom+1"],"picked":"Chill","floor":19},{"not_picked":["Glacier","Barrage"],"picked":"Gash","floor":20},{"not_picked":["Beam Cell","Compile Driver+1","Steam+1"],"picked":"SKIP","floor":22}],"player_experience":183628,"relics_obtained":[{"floor":7,"key":"Emotion Chip"},{"floor":9,"key":"Nunchaku"},{"floor":11,"key":"Ancient Tea Set"}],"event_choices":[{"damage_healed":0,"gold_gain":75,"player_choice":"Gather Gold","damage_taken":11,"max_hp_gain":0,"max_hp_loss":0,"event_name":"World of Goop","floor":3,"gold_loss":0},{"damage_healed":0,"gold_gain":0,"player_choice":"Success","damage_taken":7,"relics_obtained":["Happy Flower"],"max_hp_gain":0,"max_hp_loss":0,"event_name":"Scrap Ooze","floor":5,"gold_loss":0},{"damage_healed":25,"gold_gain":0,"player_choice":"Banana","damage_taken":0,"max_hp_gain":0,"max_hp_loss":0,"event_name":"Big Fish","floor":10,"gold_loss":0},{"damage_healed":18,"gold_gain":0,"player_choice":"Healed and dodged fight","damage_taken":0,"max_hp_gain":0,"max_hp_loss":0,"event_name":"Mushrooms","floor":13,"gold_loss":0,"cards_obtained":["Parasite"]},{"damage_healed":0,"gold_gain":0,"player_choice":"Ignored","damage_taken":0,"max_hp_gain":0,"max_hp_loss":0,"event_name":"Ghosts","floor":21,"gold_loss":0}],"is_beta":false,"boss_relics":[{"not_picked":["Fusion Hammer","FrozenCore"],"picked":"Ectoplasm"}],"items_purged_floors":[2],"is_endless":false,"potions_floor_spawned":[4,11,20],"killed_by":"Book of Stabbing","ascension_level":2}}