{"host":"xp5rvh2jwe2ejyfm","time":1612480354,"event":{"mods":["2.2 Compatiblity","Aspiration","BaseMod","BetterRewards","Colored Powertips","Conspire","Downfall","GifTheSpireLib","Gremlin Mod","Hermit","Hubris","Jorbs\u0027s Wanderer Trilogy","Minty Spire (QoL Compilation)","Replay The Spire","Robot Space Explorer","Shade Mod","Somnambulant","StSLib","The Bug Knight","The Clintock","The Construct","The Cursed","The Disciple","The Forsaken","The Hierophant","The Necromancer","The Runesmith","The Servant 0.9.4","The Valiant","The Witch","thorton"],"gold_per_floor":[110,110,130,142,160,160,176,10,10,44,61,81,97,119,119,214,214,230,38,51,51,51,82,82,82,82,82,92,92,92,107,107,211,211,223,55,55,55,66,66,94,94,94,104,1,18,33,33,33,33,33,33,33,33,33],"floor_reached":54,"language":"ENG","playtime":3724,"items_purged":["Shade:MadHubris+1"],"score":714,"play_id":"01dec403-26c9-424d-9b57-70f77c1eb444","local_time":"20210204181234","is_ascension_mode":false,"campfire_choices":[{"floor":6,"key":"RECALL"},{"data":"Shade:Bonestorm","floor":15,"key":"SMITH"},{"floor":24,"key":"REST"},{"floor":27,"key":"REST"},{"data":"Shade:SkeletonArmy","floor":30,"key":"SMITH"},{"floor":32,"key":"REST"},{"floor":40,"key":"REST"},{"floor":42,"key":"REST"},{"floor":49,"key":"REST"},{"data":"1","floor":52,"key":"LIFT"}],"circlet_count":0,"master_deck":["Shade:Strike_Shade","Shade:Strike_Shade","Shade:Strike_Shade","Shade:Strike_Shade","Shade:Defend_Shade","Shade:Defend_Shade","Shade:Defend_Shade","Shade:Defend_Shade","Shade:AnimateDead+1","Shade:CarefulCut","Shade:Bonestorm","Shade:GraveStillness","Shade:AncientSpear","Shade:FleshToFlesh","Shade:Bonestorm+1","Shade:OpenGraves","Shade:Bonestorm","Shade:ExtraLimbs","Shade:SkeletonArmy+1","Shade:ClawBack","Shade:Brains","Shade:ExtraLimbs","Shade:PoundOfFlesh","Shade:ExtraLimbs","Shade:Brains+1","Shade:ScuttlingHand+1","Shade:Bonestorm+1","Shade:RavenousHorde","Shade:Brains","Shade:Tombstone+1","Shade:Awaken","Shade:SensePrey+1","Shade:OpenGraves+1","Shade:Bonestorm+1","Shade:FleshLikeOak","Shade:FreshBones","Shade:Premonition+1","Shade:FreshBones+1","Shade:FreshBones+1","Shade:Bonestorm+1","Shade:AnimateDead+1"],"relics":["Shade:YorickSkull","Golden Egg","Frozen Egg 2","Odd Mushroom","conspire:SpecialSausage","hubris:Icosahedron","hubris:Towel","Mango","Pondfish Scales","construct:WeddingRing","Calipers","Girya"],"acts_visited":["Exordium","TheCity","TheBeyond","TheEnding"],"potions_floor_usage":[10,16,16,16,20,33,33,44,50,50],"damage_taken":[{"damage":0,"enemies":"Jaw Worm","floor":1,"turns":4},{"damage":0,"enemies":"Cultist","floor":3,"turns":3},{"damage":0,"enemies":"Small Slimes","floor":4,"turns":3},{"damage":4,"enemies":"Blue Slaver","floor":5,"turns":3},{"damage":0,"enemies":"Exordium Wildlife","floor":7,"turns":2},{"damage":6,"enemies":"Gremlin Nob","floor":10,"turns":3},{"damage":0,"enemies":"Looter","floor":11,"turns":3},{"damage":0,"enemies":"Red Slaver","floor":12,"turns":3},{"damage":4,"enemies":"Lots of Slimes","floor":13,"turns":2},{"damage":0,"enemies":"The Mushroom Lair","floor":14,"turns":3},{"damage":19,"enemies":"The Guardian","floor":16,"turns":10},{"damage":6,"enemies":"3 Byrds","floor":18,"turns":4},{"damage":24,"enemies":"2 Thieves","floor":20,"turns":3},{"damage":39,"enemies":"Gremlin Leader","floor":23,"turns":6},{"damage":13,"enemies":"Snake Plant","floor":28,"turns":3},{"damage":2,"enemies":"Snecko","floor":31,"turns":3},{"damage":38,"enemies":"Collector","floor":33,"turns":11},{"damage":45,"enemies":"3 Darklings","floor":35,"turns":5},{"damage":2,"enemies":"3 Shapes","floor":39,"turns":4},{"damage":22,"enemies":"Nemesis","floor":41,"turns":7},{"damage":30,"enemies":"Maw","floor":44,"turns":6},{"damage":4,"enemies":"Transient","floor":46,"turns":5},{"damage":6,"enemies":"4 Shapes","floor":47,"turns":3},{"damage":43,"enemies":"Awakened One","floor":50,"turns":13},{"damage":89,"enemies":"Shield and Spear","floor":54,"turns":5}],"seed_played":"-3816530550279874433","potions_obtained":[{"floor":1,"key":"FearPotion"},{"floor":2,"key":"SpeedPotion"},{"floor":2,"key":"FairyPotion"},{"floor":4,"key":"EntropicBrew"},{"floor":10,"key":"Reflective Coating"},{"floor":13,"key":"Toxic Potion"},{"floor":16,"key":"SmokeBomb"},{"floor":20,"key":"Dexterity Potion"},{"floor":28,"key":"Dexterity Potion"},{"floor":39,"key":"champ:CounterPotion"},{"floor":41,"key":"Languid Potion"},{"floor":47,"key":"Block Potion"}],"is_trial":false,"path_per_floor":["M","?","M","M","M","R","M","$","T","E","M","M","M","?","R","B",null,"M","$","M","?","?","E","R","?","T","R","M","T","R","M","R","B",null,"M","$","?","?","M","R","E","R","T","M","$","M","M","?","R","B",null,"R","$","E"],"character_chosen":"SHADE","items_purchased":["Shade:OpenGraves","Shade:Bonestorm","Shade:ExtraLimbs","Shade:Brains","Shade:ScuttlingHand","Shade:SensePrey","Shade:OpenGraves+1","Shade:Bonestorm","Shade:FreshBones","Dexterity Potion"],"campfire_rested":6,"item_purchase_floors":[8,8,8,19,19,36,36,36,45,45],"current_hp_per_floor":[65,65,65,65,61,61,61,61,61,55,55,55,51,51,51,32,65,59,59,51,51,51,26,49,49,49,72,59,59,59,57,79,41,79,34,34,34,34,32,55,33,56,56,26,26,22,16,16,39,23,79,79,79,0,0],"gold":33,"neow_bonus":"UPGRADE_CARD","is_daily":false,"chose_seed":false,"campfire_upgraded":2,"win_rate":0.0,"timestamp":1612480354,"path_taken":["M","?","?","M","M","R","M","$","T","E","M","M","M","?","R","BOSS","M","$","M","?","?","E","R","?","T","R","M","?","R","M","R","BOSS","M","$","?","?","M","R","E","R","T","M","$","M","M","?","R","BOSS","R","$","E"],"items_purchased_type":["Card","Card","Card","Card","Card","Card","Card","Card","Card","Potion"],"build_version":"2020-12-22","purchased_purges":1,"victory":false,"max_hp_per_floor":[65,65,65,65,65,65,65,65,65,65,65,65,65,65,65,65,65,65,65,65,65,65,79,79,79,79,79,79,79,79,79,79,79,79,79,79,79,79,79,79,79,79,79,79,79,79,79,79,79,79,79,79,79,79,79],"card_choices":[{"not_picked":["Shade:Frenzy","Shade:StitchTogether"],"picked":"Shade:Bonestorm","floor":1},{"not_picked":["Shade:Premonition","Shade:Frenzy"],"picked":"Shade:GraveStillness","floor":3},{"not_picked":["Shade:FuneraryArmor","Shade:GreyBargain"],"picked":"Shade:AncientSpear","floor":4},{"not_picked":["Shade:Trample","Shade:BoneShards"],"picked":"Shade:FleshToFlesh","floor":5},{"not_picked":["Shade:WallOfFlesh","Shade:SelfBurial"],"picked":"Shade:Bonestorm","floor":7},{"not_picked":["Shade:CallWraith","Shade:Brains"],"picked":"Shade:SkeletonArmy","floor":10},{"not_picked":["Shade:Premonition","Shade:Brains"],"picked":"Shade:ClawBack","floor":11},{"not_picked":["Shade:BoneShards","Shade:LoseControl"],"picked":"Shade:Brains","floor":12},{"not_picked":["Shade:FeralStrike","Shade:WallOfFlesh"],"picked":"Shade:ExtraLimbs","floor":13},{"not_picked":["Shade:ScuttlingHand","Shade:PotionOfRestlessness+1"],"picked":"Shade:PoundOfFlesh","floor":14},{"not_picked":["Shade:Tombstone","Shade:UnbarTheGrave"],"picked":"Shade:MadHubris","floor":16},{"not_picked":["Shade:SpectralStrikes+1","Shade:SpontaneousRitual"],"picked":"Shade:ExtraLimbs","floor":18},{"not_picked":["Shade:WallOfFlesh+1","Shade:Asphyxiate"],"picked":"Shade:Bonestorm+1","floor":20},{"not_picked":["Shade:CoffinDance","Shade:Trample"],"picked":"Shade:FreshBones","floor":23},{"not_picked":["Shade:AncientSpear","Shade:SpectralStrikes+1"],"picked":"Shade:RavenousHorde","floor":28},{"not_picked":["Shade:BoneShards","Shade:FuneraryArmor"],"picked":"Shade:Brains","floor":31},{"not_picked":["Shade:SoulPierce+1","Shade:OfferingToTheBeyond+1"],"picked":"Shade:Tombstone","floor":33},{"not_picked":["Shade:Premonition","Shade:AncientSpear"],"picked":"Shade:Awaken","floor":35},{"not_picked":["Shade:UnbarTheGrave","Shade:CoffinDance+1"],"picked":"Shade:FleshLikeOak","floor":39},{"not_picked":["Shade:WallOfFlesh+1","Shade:SelfBurial"],"picked":"Shade:FreshBones","floor":41},{"not_picked":["Shade:CallWraith+1","Shade:DangerousRitual"],"picked":"Shade:Premonition+1","floor":44},{"not_picked":["Shade:ExtraLimbs+1","Shade:AblativeArmor"],"picked":"Shade:FreshBones+1","floor":46},{"not_picked":["Shade:BoneShards","Shade:FleshLikeOak"],"picked":"Shade:Bonestorm+1","floor":47}],"player_experience":417492,"relics_obtained":[{"floor":9,"key":"Golden Egg"},{"floor":10,"key":"Frozen Egg 2"},{"floor":14,"key":"Odd Mushroom"},{"floor":23,"key":"Mango"},{"floor":29,"key":"Pondfish Scales"},{"floor":41,"key":"Calipers"},{"floor":43,"key":"Girya"}],"event_choices":[{"damage_healed":0,"gold_gain":0,"player_choice":"Got Potions","damage_taken":0,"max_hp_gain":0,"max_hp_loss":0,"event_name":"Lab","floor":2,"gold_loss":0},{"damage_healed":0,"gold_gain":0,"player_choice":"Fought Mushrooms","damage_taken":0,"max_hp_gain":0,"max_hp_loss":0,"event_name":"Mushrooms","floor":14,"gold_loss":0},{"damage_healed":0,"gold_gain":0,"player_choice":"Ignored","damage_taken":0,"max_hp_gain":0,"max_hp_loss":0,"event_name":"The Moai Head","floor":37,"gold_loss":0},{"cards_removed":["Shade:FreshBones"],"damage_healed":0,"gold_gain":0,"player_choice":"Removed Skill","damage_taken":0,"max_hp_gain":0,"max_hp_loss":0,"event_name":"Falling","floor":38,"gold_loss":0},{"damage_healed":0,"gold_gain":0,"player_choice":"Copied","damage_taken":0,"max_hp_gain":0,"max_hp_loss":0,"event_name":"Duplicator","floor":48,"gold_loss":0,"cards_obtained":["Shade:AnimateDead"]}],"is_beta":false,"boss_relics":[{"not_picked":["aspiration:MobileForge","hubris:BlackHole"],"picked":"conspire:SpecialSausage"},{"not_picked":["aspiration:PoetsPen_weak","Runesmith:UraniumAnvil"],"picked":"construct:WeddingRing"}],"items_purged_floors":[19],"is_endless":false,"potions_floor_spawned":[1,4,10,13,14,16,20,28,39,41,46,47],"killed_by":"Shield and Spear","ascension_level":0}}