{"host":"fuszjwm6fqgjjp4d","time":1612417952,"event":{"mods":["BaseMod","Bestiary","Colored Map","Minty Spire (QoL Compilation)","Permanent Neow","Relic Sorter","Relic Stats","StSLib"],"gold_per_floor":[119,133,133,133,152,178,178,193,216,230,230,265,265,278,278,357,357,370,370,370,382,75,75,75],"floor_reached":23,"language":"ENG","playtime":746,"items_purged":["Strike_G"],"score":402,"play_id":"f037d3e6-ffc5-4a79-9cda-75c0cd76f3c1","local_time":"20210203235232","is_ascension_mode":true,"campfire_choices":[{"floor":7.0,"key":"REST"},{"data":"Malaise","floor":11,"key":"SMITH"},{"data":"Blade Dance","floor":15,"key":"SMITH"}],"circlet_count":0,"master_deck":["AscendersBane","Strike_G","Strike_G","Defend_G","Defend_G","Defend_G","Defend_G","Survivor","Neutralize","Caltrops","Malaise+1","Deflect","Slice","Predator","Crippling Poison","Sucker Punch","Blade Dance+1","Dagger Throw","Burst","Calculated Gamble","PiercingWail"],"relics":["Ring of the Snake","Ancient Tea Set","Art of War","Boot","Cursed Key","HornCleat","OrangePellets"],"acts_visited":["Exordium","TheCity"],"potions_floor_usage":[10,16,23],"damage_taken":[{"damage":4.0,"enemies":"2 Louse","floor":1.0,"turns":3.0},{"damage":1.0,"enemies":"Small Slimes","floor":2.0,"turns":5.0},{"damage":0.0,"enemies":"Jaw Worm","floor":5.0,"turns":6.0},{"damage":23.0,"enemies":"3 Sentries","floor":6.0,"turns":9.0},{"damage":0,"enemies":"Looter","floor":8,"turns":3},{"damage":3,"enemies":"Exordium Wildlife","floor":10,"turns":4},{"damage":15,"enemies":"Lagavulin","floor":12,"turns":8},{"damage":0,"enemies":"2 Fungi Beasts","floor":14,"turns":2},{"damage":16,"enemies":"Slime Boss","floor":16,"turns":9},{"damage":13,"enemies":"Chosen","floor":18,"turns":6},{"damage":10,"enemies":"Shell Parasite","floor":21,"turns":7},{"damage":33,"enemies":"Slavers","floor":23,"turns":5}],"seed_played":"-703418758049914089","potions_obtained":[{"floor":1.0,"key":"CunningPotion"},{"floor":6.0,"key":"EssenceOfSteel"},{"floor":14,"key":"SteroidPotion"},{"floor":21,"key":"Strength Potion"}],"is_trial":false,"path_per_floor":["M","M","?","?","M","E","R","M","T","M","R","E","?","M","R","B",null,"M","?","?","M","$","E"],"character_chosen":"THE_SILENT","items_purchased":["OrangePellets","PiercingWail"],"campfire_rested":1,"item_purchase_floors":[22,22],"current_hp_per_floor":[40,39,39,32,32,9,28,28,28,25,25,10,32,32,32,16,54,41,41,41,31,31,0,0],"gold":75,"neow_bonus":"TRANSFORM_TWO_CARDS","is_daily":false,"chose_seed":false,"campfire_upgraded":2,"win_rate":0.0,"timestamp":1612417952,"path_taken":["M","M","?","?","M","E","R","M","T","M","R","E","?","M","R","BOSS","M","?","?","?","$","E"],"items_purchased_type":["Relic","Card"],"build_version":"2020-12-22","purchased_purges":1,"victory":false,"max_hp_per_floor":[66,66,66,66,66,66,66,66,66,66,66,66,66,66,66,66,66,66,66,66,66,66,66,66],"relic_stats":{"OrangePellets":[0],"counters":[12,67],"Art of War":[7],"Boot":[44],"Cursed Key":0,"obtain_stats":[{"OrangePellets":22,"HornCleat":19,"Art of War":9,"Ancient Tea Set":6,"Boot":12,"Cursed Key":17,"Ring of the Snake":0},{"OrangePellets":11,"HornCleat":10,"Art of War":5,"Ancient Tea Set":4,"Boot":7,"Cursed Key":9,"Ring of the Snake":0},{"OrangePellets":62,"HornCleat":55,"Art of War":26,"Ancient Tea Set":23,"Boot":38,"Cursed Key":49,"Ring of the Snake":0}],"Ring of the Snake":[24]},"card_choices":[{"not_picked":["Expertise","Leg Sweep"],"picked":"Deflect","floor":1.0},{"not_picked":["Tactician","Acrobatics"],"picked":"Slice","floor":2.0},{"not_picked":["Terror","Underhanded Strike"],"picked":"Predator","floor":5.0},{"not_picked":["Backflip","Acrobatics"],"picked":"Crippling Poison","floor":6.0},{"not_picked":["Deflect","Prepared"],"picked":"Sucker Punch","floor":8},{"not_picked":["Outmaneuver","Quick Slash"],"picked":"Blade Dance","floor":10},{"not_picked":["Outmaneuver","Night Terror","Sucker Punch"],"picked":"SKIP","floor":12},{"not_picked":["Catalyst","Reflex"],"picked":"Dagger Throw","floor":14},{"not_picked":["Unload","Night Terror"],"picked":"Burst","floor":16},{"not_picked":["Accuracy","Predator","Crippling Poison"],"picked":"SKIP","floor":18},{"not_picked":["Endless Agony","Eviscerate"],"picked":"Calculated Gamble","floor":21}],"player_experience":1434551,"relics_obtained":[{"floor":6.0,"key":"Ancient Tea Set"},{"floor":9,"key":"Art of War"},{"floor":12,"key":"Boot"}],"event_choices":[{"damage_healed":0.0,"max_hp_gain":0.0,"max_hp_loss":0.0,"gold_gain":0.0,"cards_transformed":["Defend_G"],"event_name":"Living Wall","player_choice":"Change","floor":3.0,"gold_loss":0.0,"damage_taken":0.0,"cards_obtained":["Accuracy"]},{"cards_removed":["Accuracy"],"damage_healed":0.0,"max_hp_gain":0.0,"max_hp_loss":0.0,"gold_gain":0.0,"event_name":"Golden Wing","player_choice":"Card Removal","floor":4.0,"gold_loss":0.0,"damage_taken":7.0},{"damage_healed":22,"gold_gain":0,"player_choice":"Banana","damage_taken":0,"max_hp_gain":0,"max_hp_loss":0,"event_name":"Big Fish","floor":13,"gold_loss":0},{"damage_healed":0,"gold_gain":0,"player_choice":"Opened","damage_taken":0,"relics_obtained":["HornCleat"],"max_hp_gain":0,"max_hp_loss":0,"event_name":"The Mausoleum","floor":19,"gold_loss":0,"cards_obtained":["Writhe"]},{"cards_removed":["Writhe"],"damage_healed":0,"gold_gain":0,"player_choice":"Elegance","damage_taken":0,"max_hp_gain":0,"max_hp_loss":0,"event_name":"Back to Basics","floor":20,"gold_loss":0}],"is_beta":false,"boss_relics":[{"not_picked":["Astrolabe","Pandora\u0027s Box"],"picked":"Cursed Key"}],"items_purged_floors":[22],"is_endless":false,"potions_floor_spawned":[1,6,14,21],"killed_by":"Slavers","ascension_level":20}}