{"host":"v4tuy5ykrbdcm9o9","time":1612405960,"event":{"mods":["BaseMod","Duelist Mod","Minty Spire (QoL Compilation)","Replay The Spire","StSLib"],"gold_per_floor":[114,129,147,117,82,111,122,147,147,162,188,200,200,232,232,331,331,344,344,344,355,48,80,80,113,137,164,164,176,176,187,187,187,187],"floor_reached":33,"language":"ENG","playtime":2102,"items_purged":[],"score":477,"play_id":"16fc9c27-a1bb-4008-b11e-145ad4b9d5be","local_time":"20210203213240","is_ascension_mode":true,"campfire_choices":[{"floor":15,"key":"RECALL"},{"floor":24,"key":"REST"},{"floor":32,"key":"REST"}],"circlet_count":0,"master_deck":["Strike_B","Strike_B","Strike_B","Strike_B","Defend_B","Defend_B","Defend_B","Defend_B","Zap","Dualcast","Darkness","Cold Snap","Sunder","Sweeping Beam","Rebound","Stack","Go for the Eyes","Genetic Algorithm","Rip and Tear","Conserve Battery","Electrodynamics","ReplayTheSpireMod:Omega Cannon","Turbo","RitualDagger","Steam","Scrape+1","Loop","All For One","theDuelist:CurseAging","Rebound","Compile Driver","Compile Driver+1"],"relics":["Cracked Core","MealTicket","Blue Candle","Replay:WaspNest","Strawberry","Cursed Key","Darkstone Periapt","Question Card","Lizard Tail","Boot","Happy Flower","Turnip","GremlinMask"],"acts_visited":["Exordium","TheCity"],"potions_floor_usage":[4,8,8,14,23,29,29,31,33],"damage_taken":[{"damage":0,"enemies":"Cultist","floor":1,"turns":3},{"damage":2,"enemies":"Jaw Worm","floor":2,"turns":3},{"damage":3,"enemies":"2 Louse","floor":3,"turns":3},{"damage":2,"enemies":"Looter","floor":4,"turns":4},{"damage":23,"enemies":"Lagavulin","floor":6,"turns":7},{"damage":0,"enemies":"3 Louse","floor":7,"turns":2},{"damage":5,"enemies":"3 Sentries","floor":8,"turns":3},{"damage":8,"enemies":"Large Slime","floor":10,"turns":4},{"damage":18,"enemies":"Lagavulin","floor":11,"turns":7},{"damage":6,"enemies":"Looter","floor":12,"turns":4},{"damage":19,"enemies":"Gremlin Nob","floor":14,"turns":4},{"damage":19,"enemies":"The Guardian","floor":16,"turns":9},{"damage":13,"enemies":"2 Thieves","floor":18,"turns":2},{"damage":7,"enemies":"Chosen","floor":21,"turns":3},{"damage":18,"enemies":"theDuelist:KaibaA2","floor":23,"turns":4},{"damage":6,"enemies":"Gremlin Leader","floor":25,"turns":6},{"damage":26,"enemies":"Book of Stabbing","floor":27,"turns":5},{"damage":26,"enemies":"Shelled Parasite and Fungi","floor":29,"turns":4},{"damage":20,"enemies":"Centurion and Healer","floor":31,"turns":3},{"damage":46,"enemies":"Champ","floor":33,"turns":8}],"seed_played":"5963696450671591499","potions_obtained":[{"floor":3,"key":"ColorlessPotion"},{"floor":6,"key":"CultistPotion"},{"floor":7,"key":"Explosive Potion"},{"floor":11,"key":"DistilledChaos"},{"floor":14,"key":"Energy Potion"},{"floor":23,"key":"Fruit Juice"},{"floor":27,"key":"Adrenaline Potion"},{"floor":29,"key":"Block Potion"},{"floor":31,"key":"Explosive Potion"}],"is_trial":false,"path_per_floor":["M","M","M","M","?","E","M","E","T","M","E","M","?","E","R","B",null,"M","?","?","M","$","E","R","E","T","E","?","M","?","M","R","B"],"character_chosen":"DEFECT","items_purchased":["Scrape+1","Darkstone Periapt"],"campfire_rested":2,"item_purchase_floors":[22,22],"current_hp_per_floor":[75,73,70,68,82,59,59,54,54,46,28,22,49,37,37,18,71,58,58,52,45,60,47,75,69,75,49,49,23,23,3,33,50,50],"gold":187,"neow_bonus":"TEN_PERCENT_HP_BONUS","is_daily":false,"chose_seed":false,"campfire_upgraded":0,"win_rate":0.0,"timestamp":1612405960,"path_taken":["M","M","?","M","?","E","M","E","T","M","E","M","?","E","R","BOSS","M","?","?","M","$","E","R","E","T","E","?","M","?","M","R","BOSS"],"items_purchased_type":["Card","Relic"],"build_version":"2020-12-22","purchased_purges":0,"victory":false,"max_hp_per_floor":[82,82,82,82,82,82,82,82,82,82,82,82,82,89,89,89,89,89,89,89,89,89,94,94,94,100,100,100,100,100,100,100,100,100],"card_choices":[{"not_picked":["Hologram","Barrage"],"picked":"Darkness","floor":1},{"not_picked":["Turbo","Compile Driver"],"picked":"Cold Snap","floor":2},{"not_picked":["Compile Driver","Cold Snap"],"picked":"Sunder","floor":3},{"not_picked":["All For One","Leap"],"picked":"Sweeping Beam","floor":4},{"not_picked":["Turbo","Sunder"],"picked":"Rebound","floor":6},{"not_picked":["Time Bomb","BasicCrystalCard"],"picked":"Stack","floor":7},{"not_picked":["ReplayTheSpireMod:GoodbyeWorld","Compile Driver"],"picked":"Go for the Eyes","floor":8},{"not_picked":["Steam Power","Streamline"],"picked":"Genetic Algorithm","floor":10},{"not_picked":["ReplayGash","ReplayTheSpireMod:System Scan"],"picked":"Rip and Tear","floor":11},{"not_picked":["Rainbow","Reinforced Body"],"picked":"Conserve Battery","floor":12},{"not_picked":["Gash","Creative AI"],"picked":"Electrodynamics","floor":14},{"not_picked":["Thunder Strike","Machine Learning"],"picked":"ReplayTheSpireMod:Omega Cannon","floor":16},{"not_picked":["Steam","FIFO Queue"],"picked":"Turbo","floor":18},{"not_picked":["Time Bomb","Turbo"],"picked":"Steam","floor":21},{"not_picked":["Steam","Compile Driver"],"picked":"Loop","floor":23},{"not_picked":["Force Field+1","Fission","Aggregate"],"picked":"All For One","floor":25},{"not_picked":["Reprogram","Redo","Turbo"],"picked":"Rebound","floor":27},{"not_picked":["Barrage","Heatsinks+1","Blizzard+1"],"picked":"Compile Driver","floor":29},{"not_picked":["Barrage","Coolheaded","Doom and Gloom"],"picked":"Compile Driver+1","floor":31}],"player_experience":761470,"relics_obtained":[{"floor":6,"key":"MealTicket"},{"floor":8,"key":"Blue Candle"},{"floor":11,"key":"Replay:WaspNest"},{"floor":14,"key":"Strawberry"},{"floor":23,"key":"Question Card"},{"floor":25,"key":"Lizard Tail"},{"floor":26,"key":"Boot"},{"floor":27,"key":"Happy Flower"}],"event_choices":[{"damage_healed":20,"gold_gain":0,"player_choice":"Healed","damage_taken":0,"max_hp_gain":0,"max_hp_loss":0,"event_name":"The Cleric","floor":5,"gold_loss":35},{"damage_healed":27,"gold_gain":0,"player_choice":"Banana","damage_taken":0,"max_hp_gain":0,"max_hp_loss":0,"event_name":"Big Fish","floor":13,"gold_loss":0},{"damage_healed":0,"gold_gain":0,"player_choice":"Ignored","damage_taken":0,"max_hp_gain":0,"max_hp_loss":0,"event_name":"Beggar","floor":19,"gold_loss":0},{"damage_healed":0,"gold_gain":0,"player_choice":"Joined the Cult","damage_taken":6,"max_hp_gain":0,"max_hp_loss":0,"event_name":"Nest","floor":20,"gold_loss":0,"cards_obtained":["RitualDagger"]},{"damage_healed":0,"gold_gain":0,"player_choice":"Trade","damage_taken":0,"relics_obtained":["GremlinMask"],"max_hp_gain":0,"max_hp_loss":0,"event_name":"FaceTrader","floor":30,"gold_loss":0}],"is_beta":false,"boss_relics":[{"not_picked":["Abe\u0027s Treasure","Kintsugi"],"picked":"Cursed Key"}],"items_purged_floors":[],"is_endless":false,"potions_floor_spawned":[3,6,7,11,14,23,27,29,31],"killed_by":"Champ","ascension_level":7}}