{"host":"otf1z5955ddlv5pq","time":1612477337,"event":{"mods":["BaseMod","Better Altar","Better Match","Better Note","Better Sensory Stone","Better Skull","Better Third Choice","Colored Map","Colored Powertips","Downfall","Minty Spire (QoL Compilation)","Rare Cards Sparkle","Replay The Spire","StSLib","Synergy Search"],"gold_per_floor":[116,116,131,56,56,81,81,107,107,107,124,24,24,44,44,141,141,161,181,181,56,56,89,89,146,196,208,69,102,120,138,138,239,239,253,264,314,333,348,348,377,377,377,377,412,317,317,330,330,330],"floor_reached":51,"language":"ENG","playtime":6591,"items_purged":["Strike_G","Strike_G","Strike_G","Defend_G","Strike_G"],"score":814,"play_id":"a0af84c0-4775-474a-874f-73da4c7fc869","local_time":"20210204142217","is_ascension_mode":true,"campfire_choices":[{"floor":7.0,"key":"REST"},{"floor":13.0,"key":"REST"},{"data":"Envenom","floor":15.0,"key":"SMITH"},{"floor":24.0,"key":"REST"},{"data":"Dagger Spray","floor":27.0,"key":"SMITH"},{"floor":32.0,"key":"REST"},{"floor":40.0,"key":"REST"},{"floor":42.0,"key":"REST"},{"data":"Noxious Fumes","floor":49.0,"key":"SMITH"}],"circlet_count":0,"master_deck":["Defend_G","Defend_G","Defend_G","Defend_G","Survivor","Neutralize","Hidden Blade","Backflip","Blade Dance","Flash of Steel","Envenom+1","Dagger Spray+1","Bane+1","Accuracy+1","Escape Plan","Escape Plan","Blade Dance","Escape Plan","Noxious Fumes+1","ReplayTheSpireMod:Faulty Equipment","Adrenaline","AbeCurse","downfall:Haunted","Backflip+1","Deflect+1","Slice+1","Deflect+1","Parasite","Cloak And Dagger+1"],"relics":["Ring of the Snake","CultistMask","Replay:Bottled Flurry","Replay:Baseball","Strawberry","Ring of Chaos","ReplayTheSpireMod:Ring of Collecting","ReplayTheSpireMod:Ring of Exchange","Lizard Tail","Eternal Feather","Ring of Greed","MawBank","Smiling Mask","Bottled Tornado","ReplayTheSpireMod:Ninjato","Abe\u0027s Treasure","TungstenRod","Counterbalance","Toxic Egg 2","Blue Candle","Mummified Hand"],"acts_visited":["Exordium","TheCity","TheBeyond"],"potions_floor_usage":[],"damage_taken":[{"damage":3.0,"enemies":"Jaw Worm","floor":1.0,"turns":5.0},{"damage":0.0,"enemies":"Cultist","floor":3.0,"turns":4.0},{"damage":16.0,"enemies":"3 Sentries","floor":6.0,"turns":10.0},{"damage":29.0,"enemies":"Lagavulin","floor":8.0,"turns":9.0},{"damage":5.0,"enemies":"2 Louse","floor":11.0,"turns":3.0},{"damage":6.0,"enemies":"2 Fungi Beasts","floor":14.0,"turns":3.0},{"damage":15.0,"enemies":"The Guardian","floor":16.0,"turns":10.0},{"damage":14.0,"enemies":"2 Thieves","floor":18.0,"turns":5.0},{"damage":16.0,"enemies":"Shell Parasite","floor":19.0,"turns":7.0},{"damage":13.0,"enemies":"Gremlin Leader","floor":23.0,"turns":4.0},{"damage":2.0,"enemies":"Book of Stabbing","floor":29.0,"turns":3.0},{"damage":11.0,"enemies":"Sentry and Sphere","floor":30.0,"turns":4.0},{"damage":0.0,"enemies":"Centurion and Healer","floor":31.0,"turns":4.0},{"damage":12.0,"enemies":"Collector","floor":33.0,"turns":5.0},{"damage":0.0,"enemies":"3 Shapes","floor":35.0,"turns":2.0},{"damage":12.0,"enemies":"3 Darklings","floor":36.0,"turns":3.0},{"damage":17.0,"enemies":"Mind Bloom Boss Battle","floor":37.0,"turns":4.0},{"damage":43.0,"enemies":"Maw","floor":38.0,"turns":6.0},{"damage":5.0,"enemies":"Transient","floor":39.0,"turns":5.0},{"damage":13.0,"enemies":"Reptomancer","floor":41.0,"turns":4.0},{"damage":0.0,"enemies":"Giant Head","floor":45.0,"turns":4.0},{"damage":8.0,"enemies":"Writhing Mass","floor":48.0,"turns":4.0},{"damage":14,"enemies":"Awakened One","floor":50,"turns":7}],"seed_played":"5381566727611509066","potions_obtained":[{"floor":1.0,"key":"Fruit Juice"},{"floor":3.0,"key":"PowerPotion"},{"floor":10.0,"key":"Guardian:BlockOnCardUsePotion"},{"floor":10.0,"key":"BlessingOfTheForge"},{"floor":10.0,"key":"GhostInAJar"},{"floor":18.0,"key":"AttackPotion"},{"floor":25.0,"key":"Adrenaline Potion"},{"floor":30.0,"key":"Weak Potion"},{"floor":36.0,"key":"Elixir"}],"is_trial":false,"path_per_floor":["M","?","M","$","?","E","R","E","T","?","M","$","R","M","R","B",null,"M","M","?","$","?","E","R","?","T","R","$","E","M","M","R","B",null,"M","M","?","M","M","R","E","R","T","?","E","$","?","M","R","B",null],"character_chosen":"THE_SILENT","items_purchased":["Escape Plan","Blade Dance","Deflect+1"],"campfire_rested":6,"item_purchase_floors":[28,28,46],"current_hp_per_floor":[67,67,72,72,72,56,75,46,53,53,48,48,72,66,66,51,82,68,52,52,52,52,39,63,43,43,52,52,50,39,39,75,63,82,82,70,53,10,5,44,31,70,70,66,66,66,66,58,73,59],"gold":330,"neow_bonus":"TRANSFORM_CARD","is_daily":false,"chose_seed":false,"campfire_upgraded":3,"win_rate":0.0,"timestamp":1612477337,"path_taken":["M","?","?","$","?","E","R","E","T","?","?","$","R","M","R","BOSS","M","M","?","?","?","E","R","?","T","R","$","E","?","M","R","BOSS","M","?","?","M","M","R","E","R","T","?","E","$","?","?","R","BOSS"],"items_purchased_type":["Card","Card","Card"],"build_version":"2020-12-22","purchased_purges":5,"victory":true,"max_hp_per_floor":[70,70,75,75,75,75,75,75,82,82,82,82,82,82,82,82,82,82,82,82,82,82,82,82,82,82,82,82,82,82,82,82,82,82,82,82,82,82,82,82,82,82,82,82,82,82,82,82,82,82],"card_choices":[{"not_picked":["Deadly Poison","Bane"],"picked":"Backflip","floor":1.0},{"not_picked":["Dodge and Roll","Dagger Spray"],"picked":"Blade Dance","floor":3.0},{"not_picked":["Bane","Hidden Blade","Atom Bomb"],"picked":"SKIP","floor":6.0},{"not_picked":["Choke","ReplayTheSpireMod:Tripwire"],"picked":"Envenom","floor":8.0},{"not_picked":["Slice","Concentrate","Bane"],"picked":"SKIP","floor":11.0},{"not_picked":["Prepared","Flying Knee","Crippling Poison"],"picked":"SKIP","floor":14.0},{"not_picked":["PiercingWail+1","Hidden Blade"],"picked":"Dagger Spray","floor":18.0},{"not_picked":["Deadly Poison","Cloak And Dagger"],"picked":"Bane+1","floor":19.0},{"not_picked":["Unload","Fluid Movement+1"],"picked":"Accuracy+1","floor":23.0},{"not_picked":["Draining Mist","Prepared","Deadly Poison"],"picked":"SKIP","floor":29.0},{"not_picked":["Flying Knee","Underhanded Strike+1"],"picked":"Escape Plan","floor":30.0},{"not_picked":["Venomology","ReplayTheSpireMod:Shiv Toss"],"picked":"Noxious Fumes","floor":31.0},{"not_picked":["Tools of the Trade","Storm of Steel"],"picked":"Adrenaline","floor":33.0},{"not_picked":["Dagger Throw+1","Hidden Blade+1","Dagger Spray+1"],"picked":"SKIP","floor":35.0},{"not_picked":["Distraction+1","Leg Sweep+1","Blade Dance"],"picked":"SKIP","floor":36.0},{"not_picked":["Dagger Throw","Slice+1"],"picked":"Backflip+1","floor":37.0},{"not_picked":["Distraction","ReplayTheSpireMod:Shiv Toss","Outmaneuver+1"],"picked":"SKIP","floor":38.0},{"not_picked":["Endless Agony+1","Poisoned Stab+1"],"picked":"Deflect+1","floor":39.0},{"not_picked":["Outmaneuver","Blade Dance+1"],"picked":"Slice+1","floor":41.0},{"not_picked":["Dagger Throw","Atom Bomb","Wraith Form v2"],"picked":"SKIP","floor":45.0},{"not_picked":["Heel Hook","Poisoned Stab"],"picked":"Cloak And Dagger+1","floor":48.0}],"player_experience":1217673,"relics_obtained":[{"floor":6.0,"key":"Replay:Bottled Flurry"},{"floor":8.0,"key":"Replay:Baseball"},{"floor":9.0,"key":"Strawberry"},{"floor":22.0,"key":"ReplayTheSpireMod:Ring of Collecting"},{"floor":22.0,"key":"ReplayTheSpireMod:Ring of Exchange"},{"floor":23.0,"key":"Lizard Tail"},{"floor":25.0,"key":"Eternal Feather"},{"floor":26.0,"key":"Ring of Greed"},{"floor":26.0,"key":"MawBank"},{"floor":26.0,"key":"Smiling Mask"},{"floor":26.0,"key":"Bottled Tornado"},{"floor":29.0,"key":"ReplayTheSpireMod:Ninjato"},{"floor":37.0,"key":"TungstenRod"},{"floor":41.0,"key":"Counterbalance"},{"floor":43.0,"key":"Toxic Egg 2"},{"floor":45.0,"key":"Mummified Hand"}],"event_choices":[{"damage_healed":0.0,"max_hp_gain":0.0,"max_hp_loss":0.0,"gold_gain":0.0,"event_name":"FaceTrader","player_choice":"Trade","floor":2.0,"gold_loss":0.0,"damage_taken":0.0,"relics_obtained":["CultistMask"]},{"damage_healed":0.0,"max_hp_gain":0.0,"max_hp_loss":0.0,"gold_gain":1.0,"event_name":"betterStone:BetterStone","player_choice":"4","floor":5.0,"gold_loss":0.0,"damage_taken":0.0,"cards_obtained":["Flash of Steel"]},{"damage_healed":0.0,"max_hp_gain":0.0,"max_hp_loss":0.0,"gold_gain":0.0,"event_name":"Lab","player_choice":"Got Potions","floor":10.0,"gold_loss":0.0,"damage_taken":0.0},{"cards_removed":["Flash of Steel"],"damage_healed":0.0,"max_hp_gain":0.0,"max_hp_loss":0.0,"gold_gain":0.0,"event_name":"betterNote:BetterNote","player_choice":"Give","floor":20.0,"gold_loss":0.0,"damage_taken":0.0,"cards_obtained":["None"]},{"damage_healed":0.0,"max_hp_gain":0.0,"max_hp_loss":0.0,"gold_gain":0.0,"event_name":"MindBloom","player_choice":"Fight","floor":37.0,"gold_loss":0.0,"damage_taken":0.0},{"damage_healed":0.0,"max_hp_gain":0.0,"max_hp_loss":0.0,"gold_gain":0.0,"event_name":"Tomb of Lord Red Mask","player_choice":"Ignored","floor":47.0,"gold_loss":0.0,"damage_taken":0.0}],"is_beta":false,"boss_relics":[{"not_picked":["Velvet Choker","Replay:Drink Me"],"picked":"Ring of Chaos"},{"not_picked":["Replay:Wanted Poster","OrangePellets"],"picked":"Abe\u0027s Treasure"}],"items_purged_floors":[4,12,21,28,46],"is_endless":false,"potions_floor_spawned":[1,3,14,18,19,30,36,37,45,48],"ascension_level":1}}