{"host":"6fkscwgr344hcmao","time":1612467864,"event":{"mods":["2.2 Compatiblity","AchievementEnabler","BaseMod","Colored Map","Highlight Path","Minty Spire (QoL Compilation)","Random Character Button","Rare Cards Sparkle"],"gold_per_floor":[123,146,169,181,193,205,244,271,283,308,102,118,138,38,38,38,38],"floor_reached":16,"language":"POL","playtime":1014,"items_purged":["Strike_R","Defend_R"],"score":104,"play_id":"cf7fb2c5-e187-4ad2-89d1-f0ae2ae73014","local_time":"20210204204424","is_ascension_mode":false,"campfire_choices":[{"data":"Bash","floor":6,"key":"SMITH"},{"floor":15,"key":"REST"}],"circlet_count":0,"master_deck":["Strike_R","Strike_R","Strike_R","Defend_R","Defend_R","Defend_R","Bash+1"],"relics":["Burning Blood","MawBank","Potion Belt","Sundial","Toolbox"],"acts_visited":["Exordium"],"potions_floor_usage":[7,7,8,13],"damage_taken":[{"damage":5.0,"enemies":"2 Louse","floor":1.0,"turns":3.0},{"damage":6.0,"enemies":"Cultist","floor":2.0,"turns":3.0},{"damage":0.0,"enemies":"Small Slimes","floor":3.0,"turns":3.0},{"damage":36,"enemies":"Lagavulin","floor":7,"turns":8},{"damage":5,"enemies":"Looter","floor":8,"turns":3},{"damage":6,"enemies":"Blue Slaver","floor":10,"turns":4},{"damage":6,"enemies":"2 Fungi Beasts","floor":12,"turns":5},{"damage":11,"enemies":"Large Slime","floor":13,"turns":3},{"damage":63,"enemies":"Hexaghost","floor":16,"turns":10}],"seed_played":"4394457422339283769","potions_obtained":[{"floor":1.0,"key":"EssenceOfSteel"},{"floor":2.0,"key":"DistilledChaos"},{"floor":7,"key":"ColorlessPotion"},{"floor":12,"key":"AttackPotion"}],"is_trial":false,"path_per_floor":["M","M","M","?","$","R","E","M","T","M","$","M","M","$","R","B"],"character_chosen":"IRONCLAD","items_purchased":["Toolbox"],"campfire_rested":1,"item_purchase_floors":[11],"current_hp_per_floor":[80,80,80,80,80,80,50,51,51,51,51,51,46,46,70,7,7],"gold":38,"neow_bonus":"RANDOM_COMMON_RELIC","is_daily":false,"chose_seed":false,"campfire_upgraded":1,"win_rate":0.0,"timestamp":1612467864,"path_taken":["M","M","M","?","$","R","E","M","T","?","?","M","M","$","R","BOSS"],"items_purchased_type":["Relic"],"build_version":"2020-12-22","purchased_purges":2,"victory":false,"max_hp_per_floor":[80,80,80,80,80,80,80,80,80,80,80,80,80,80,80,80,80],"card_choices":[{"not_picked":["Entrench","Havoc","Armaments"],"picked":"SKIP","floor":1.0},{"not_picked":["Power Through","Headbutt","Armaments"],"picked":"SKIP","floor":2.0},{"not_picked":["Iron Wave","Anger","Headbutt"],"picked":"SKIP","floor":3.0},{"not_picked":["Clash","Whirlwind","Entrench"],"picked":"SKIP","floor":7},{"not_picked":["Clothesline","Combust","Twin Strike"],"picked":"SKIP","floor":8},{"not_picked":["Sword Boomerang","Armaments","Clash"],"picked":"SKIP","floor":10},{"not_picked":["Thunderclap","Havoc","Pommel Strike"],"picked":"SKIP","floor":12},{"not_picked":["Blood for Blood","Sword Boomerang","Berserk"],"picked":"SKIP","floor":13}],"player_experience":236235,"relics_obtained":[{"floor":7,"key":"Potion Belt"},{"floor":9,"key":"Sundial"}],"event_choices":[{"cards_removed":["Strike_R"],"damage_healed":0.0,"max_hp_gain":0.0,"max_hp_loss":0.0,"gold_gain":0.0,"event_name":"Wheel of Change","player_choice":"Card Removal","floor":4.0,"gold_loss":0.0,"damage_taken":0.0}],"is_beta":false,"boss_relics":[],"items_purged_floors":[11,14],"is_endless":false,"potions_floor_spawned":[1,2,7,12],"killed_by":"Hexaghost","ascension_level":0}}