{"host":"17uu0q65fspg4e3h","time":1612446536,"event":{"mods":["Alarm Clock","BaseMod","Colored Map","Colored Powertips","Highlight Path","Minty Spire (QoL Compilation)","Quick Restart","Relic Stats","SOS（斯巴达之子）","Shop Mod","StSLib","The Administrix","The Runesmith","篝火指南"],"gold_per_floor":[112,130,130,146,158,158,186,204,204,204,204,223,234,159,159,261,261,276,276,276,276,375,375,391,40,63,80,80,80,94,108,108,108,108],"floor_reached":33,"language":"ZHS","playtime":845,"items_purged":["Pain","Fiend Fire"],"score":384,"play_id":"09d48afe-5863-4352-9368-38f301c6bf66","local_time":"20210204214856","is_ascension_mode":true,"campfire_choices":[{"data":"Perfected Strike","floor":6,"key":"SMITH"},{"floor":10,"key":"REST"},{"floor":15,"key":"REST"},{"floor":23,"key":"REST"},{"floor":29,"key":"REST"},{"floor":32,"key":"REST"}],"circlet_count":0,"master_deck":["AscendersBane","Strike_R","Strike_R","Strike_R","Strike_R","Defend_R","Defend_R","Defend_R","Defend_R","Bash","Pommel Strike","Perfected Strike+1","Wild Strike","Wild Strike","Wild Strike","Seeing Red","Corruption+1","Perfected Strike+1","Inflame+1","Wild Strike","Shrug It Off","Infernal Blade"],"relics":["Burning Blood","NeowsBlessing","Odd Mushroom","Frozen Egg 2","WarpedTongs","Black Star","Bottled Tornado","Boot"],"acts_visited":["Exordium","TheCity"],"potions_floor_usage":[12,16,27,30],"damage_taken":[{"damage":0,"enemies":"Small Slimes","floor":1,"turns":1},{"damage":0,"enemies":"Cultist","floor":2,"turns":1},{"damage":0,"enemies":"Jaw Worm","floor":4,"turns":1},{"damage":23,"enemies":"3 Louse","floor":5,"turns":3},{"damage":33,"enemies":"The Mushroom Lair","floor":7,"turns":5},{"damage":17,"enemies":"Exordium Thugs","floor":8,"turns":3},{"damage":21,"enemies":"Lots of Slimes","floor":12,"turns":6},{"damage":2,"enemies":"Large Slime","floor":13,"turns":3},{"damage":67,"enemies":"Hexaghost","floor":16,"turns":9},{"damage":41,"enemies":"3 Byrds","floor":18,"turns":6},{"damage":44,"enemies":"2 Thieves","floor":24,"turns":5},{"damage":25,"enemies":"Snake Plant","floor":27,"turns":3},{"damage":4,"enemies":"Centurion and Healer","floor":30,"turns":4},{"damage":13,"enemies":"Chosen and Byrds","floor":31,"turns":4},{"damage":59,"enemies":"Collector","floor":33,"turns":5}],"seed_played":"6343928396890132380","potions_obtained":[{"floor":4,"key":"LiquidMemories"},{"floor":5,"key":"BloodPotion"},{"floor":13,"key":"SkillPotion"},{"floor":16,"key":"Swift Potion"},{"floor":27,"key":"Fire Potion"},{"floor":30,"key":"FearPotion"}],"is_trial":false,"path_per_floor":["M","M","?","M","M","R","?","M","T","R","?","M","M","$","R","B",null,"M","?","?","?","?","R","M","$","T","M","$","R","M","M","R","B"],"character_chosen":"IRONCLAD","items_purchased":["Bottled Tornado"],"campfire_rested":5,"item_purchase_floors":[25],"current_hp_per_floor":[78,80,80,80,63,63,36,25,25,49,49,50,54,54,78,17,64,29,55,40,40,40,65,27,27,27,8,8,33,35,28,53,0,0],"gold":108,"neow_bonus":"THREE_ENEMY_KILL","is_daily":false,"chose_seed":false,"campfire_upgraded":1,"win_rate":0.0,"timestamp":1612446536,"path_taken":["M","M","?","?","M","R","?","M","T","R","?","M","?","?","R","BOSS","M","?","?","?","?","R","M","$","T","?","?","R","M","M","R","BOSS"],"items_purchased_type":["Relic"],"build_version":"2020-12-22","purchased_purges":2,"victory":false,"max_hp_per_floor":[80,80,80,80,80,80,80,80,80,80,80,80,80,80,80,80,80,80,80,85,85,85,85,85,85,85,85,85,85,85,85,85,85,85],"relic_stats":{"counters":[15,59],"Black Star":0,"Boot":[0],"obtain_stats":[{"NeowsBlessing":0,"Black Star":17,"Odd Mushroom":7,"Frozen Egg 2":9,"Bottled Tornado":25,"Boot":26,"Burning Blood":0,"WarpedTongs":11},{"NeowsBlessing":0,"Black Star":9,"Odd Mushroom":5,"Frozen Egg 2":6,"Bottled Tornado":11,"Boot":11,"Burning Blood":0,"WarpedTongs":6},{"NeowsBlessing":0,"Black Star":32,"Odd Mushroom":11,"Frozen Egg 2":14,"Bottled Tornado":43,"Boot":43,"Burning Blood":0,"WarpedTongs":14}],"Burning Blood":74,"WarpedTongs":[45]},"card_choices":[{"not_picked":["True Grit","Havoc"],"picked":"Heavy Blade","floor":1},{"not_picked":["Sword Boomerang","Warcry"],"picked":"Fiend Fire","floor":2},{"not_picked":["Pummel","Clothesline"],"picked":"Pommel Strike","floor":4},{"not_picked":["Pommel Strike","Warcry"],"picked":"Perfected Strike","floor":5},{"not_picked":["Armaments","Havoc"],"picked":"Wild Strike","floor":7},{"not_picked":["Rupture","Searing Blow"],"picked":"Wild Strike","floor":8},{"not_picked":["Rupture+1","Exhume"],"picked":"Wild Strike","floor":12},{"not_picked":["Sword Boomerang","Dual Wield"],"picked":"Seeing Red","floor":13},{"not_picked":["Offering","Limit Break"],"picked":"Corruption+1","floor":16},{"not_picked":["Clash+1","Sever Soul"],"picked":"Perfected Strike+1","floor":18},{"not_picked":["Shrug It Off","Warcry+1"],"picked":"Inflame+1","floor":24},{"not_picked":["Seeing Red","Searing Blow"],"picked":"Wild Strike","floor":27},{"not_picked":["Dropkick","Heavy Blade"],"picked":"Shrug It Off","floor":30},{"not_picked":["Armaments","Barricade+1"],"picked":"Infernal Blade","floor":31}],"player_experience":652041,"relics_obtained":[{"floor":7,"key":"Odd Mushroom"},{"floor":9,"key":"Frozen Egg 2"},{"floor":26,"key":"Boot"}],"event_choices":[{"cards_removed":["Strike_R"],"damage_healed":0,"gold_gain":0,"player_choice":"Purged","damage_taken":0,"max_hp_gain":0,"max_hp_loss":0,"event_name":"Purifier","floor":3,"gold_loss":0},{"damage_healed":0,"gold_gain":0,"player_choice":"Fought Mushrooms","damage_taken":0,"max_hp_gain":0,"max_hp_loss":0,"event_name":"Mushrooms","floor":7,"gold_loss":0},{"damage_healed":0,"gold_gain":0,"player_choice":"Rummage","damage_taken":0,"relics_obtained":["WarpedTongs"],"max_hp_gain":0,"max_hp_loss":0,"event_name":"Accursed Blacksmith","floor":11,"gold_loss":0,"cards_obtained":["Pain"]},{"damage_healed":26,"gold_gain":0,"player_choice":"Heal","damage_taken":0,"max_hp_gain":0,"max_hp_loss":0,"event_name":"The Library","floor":19,"gold_loss":0},{"damage_healed":0,"gold_gain":0,"player_choice":"Shed Blood","damage_taken":20,"max_hp_gain":5,"max_hp_loss":0,"event_name":"Forgotten Altar","floor":20,"gold_loss":0},{"cards_removed":["Heavy Blade"],"damage_healed":0,"gold_gain":0,"player_choice":"Elegance","damage_taken":0,"max_hp_gain":0,"max_hp_loss":0,"event_name":"Back to Basics","floor":21,"gold_loss":0},{"damage_healed":0,"gold_gain":99,"player_choice":"Stole From Cult","damage_taken":0,"max_hp_gain":0,"max_hp_loss":0,"event_name":"Nest","floor":22,"gold_loss":0}],"is_beta":false,"boss_relics":[{"not_picked":["SlaversCollar","Busted Crown"],"picked":"Black Star"}],"items_purged_floors":[14,25],"is_endless":false,"potions_floor_spawned":[4,5,13,16,27,30],"killed_by":"Collector","ascension_level":10}}