{"host":"9rexl4trwadr43zo","time":1612449877,"event":{"mods":["BaseMod","Colored Map","Minty Spire (QoL Compilation)"],"gold_per_floor":[109,128,143,157,157,157,185,185,237,248,262,262,289,304,304,402,402,412,412,185,165,181,181,210,210,237,251,279,279,297,297,297,297,297],"floor_reached":33,"language":"ENG","playtime":3779,"items_purged":["Strike_R"],"score":360,"play_id":"b71b2d40-9a1c-452f-a53b-f6e50ab17a2c","local_time":"20210204144437","is_ascension_mode":true,"campfire_choices":[{"data":"Thunderclap","floor":6.0,"key":"SMITH"},{"data":"Limit Break","floor":8.0,"key":"SMITH"},{"floor":15,"key":"REST"},{"data":"Whirlwind","floor":23,"key":"SMITH"},{"data":"Flame Barrier","floor":25,"key":"SMITH"},{"data":"Impervious","floor":29,"key":"SMITH"},{"floor":32,"key":"REST"}],"circlet_count":0,"master_deck":["Strike_R","Strike_R","Strike_R","Defend_R","Defend_R","Defend_R","Defend_R","Bash+1","Sword Boomerang","Thunderclap+1","Pummel","Limit Break+1","Pommel Strike","Whirlwind+1","Bloodletting","Disarm","Impervious+1","Flame Barrier+1","Shrug It Off+1"],"relics":["Burning Blood","Nunchaku","Meat on the Bone","Toy Ornithopter","MealTicket","Mark of Pain","Art of War","Juzu Bracelet","Vajra","Red Mask"],"acts_visited":["Exordium","TheCity"],"potions_floor_usage":[14,16,24,33,33,33],"damage_taken":[{"damage":7.0,"enemies":"Small Slimes","floor":1.0,"turns":3.0},{"damage":1.0,"enemies":"Cultist","floor":2.0,"turns":3.0},{"damage":3.0,"enemies":"2 Louse","floor":3.0,"turns":2.0},{"damage":11.0,"enemies":"2 Fungi Beasts","floor":4.0,"turns":3.0},{"damage":20.0,"enemies":"Gremlin Nob","floor":7.0,"turns":4.0},{"damage":14.0,"enemies":"Gremlin Gang","floor":10.0,"turns":4.0},{"damage":0.0,"enemies":"Large Slime","floor":11.0,"turns":4.0},{"damage":38.0,"enemies":"Lagavulin","floor":13.0,"turns":6.0},{"damage":23,"enemies":"Exordium Thugs","floor":14,"turns":5},{"damage":49,"enemies":"Slime Boss","floor":16,"turns":7},{"damage":18,"enemies":"2 Thieves","floor":18,"turns":4},{"damage":27,"enemies":"Chosen","floor":22,"turns":6},{"damage":29,"enemies":"Gremlin Leader","floor":24,"turns":8},{"damage":6,"enemies":"Snake Plant","floor":27,"turns":4},{"damage":12,"enemies":"Masked Bandits","floor":28,"turns":3},{"damage":40,"enemies":"Sentry and Sphere","floor":30,"turns":7},{"damage":71,"enemies":"Collector","floor":33,"turns":7}],"seed_played":"-3582714771840314526","potions_obtained":[{"floor":1.0,"key":"SteroidPotion"},{"floor":7.0,"key":"ColorlessPotion"},{"floor":10.0,"key":"FearPotion"},{"floor":11.0,"key":"LiquidBronze"},{"floor":13.0,"key":"Explosive Potion"},{"floor":16,"key":"Explosive Potion"},{"floor":21,"key":"PowerPotion"},{"floor":24,"key":"Explosive Potion"},{"floor":27,"key":"SpeedPotion"}],"is_trial":false,"path_per_floor":["M","M","M","M","?","R","E","R","T","M","M","?","E","M","R","B",null,"M","?","$","?","M","R","E","R","T","M","?","R","M","?","R","B"],"character_chosen":"IRONCLAD","items_purchased":["Art of War"],"campfire_rested":2,"item_purchase_floors":[20],"current_hp_per_floor":[71,76,79,74,74,74,60,60,60,52,58,58,43,43,67,41,70,58,58,73,73,52,52,46,46,46,58,52,52,30,30,54,0,0],"gold":297,"neow_bonus":"RANDOM_COMMON_RELIC","is_daily":false,"chose_seed":false,"campfire_upgraded":5,"win_rate":0.0,"timestamp":1612449877,"path_taken":["M","M","M","M","?","R","E","R","T","M","?","?","E","M","R","BOSS","M","?","$","?","M","R","E","R","T","M","?","R","M","?","R","BOSS"],"items_purchased_type":["Relic"],"build_version":"2020-12-22","purchased_purges":1,"victory":false,"max_hp_per_floor":[80,80,80,80,80,80,80,80,80,80,80,80,80,80,80,80,80,80,80,80,80,80,80,80,80,80,80,80,80,80,80,80,80,80],"card_choices":[{"not_picked":["Searing Blow","Heavy Blade"],"picked":"Sword Boomerang","floor":1.0},{"not_picked":["Intimidate","Evolve"],"picked":"Thunderclap","floor":2.0},{"not_picked":["Power Through","Infernal Blade"],"picked":"Pummel","floor":3.0},{"not_picked":["Thunderclap","Clothesline","Anger"],"picked":"SKIP","floor":4.0},{"not_picked":["Sword Boomerang","Blood for Blood"],"picked":"Limit Break","floor":7.0},{"not_picked":["Thunderclap","Second Wind"],"picked":"Pommel Strike","floor":10.0},{"not_picked":["Feel No Pain","Blood for Blood"],"picked":"Whirlwind","floor":11.0},{"not_picked":["Searing Blow","Twin Strike"],"picked":"Bloodletting","floor":13.0},{"not_picked":["Iron Wave","Heavy Blade"],"picked":"Disarm","floor":14},{"not_picked":["Double Tap","Corruption"],"picked":"Impervious","floor":16},{"not_picked":["Clash","Hemokinesis+1","Blood for Blood"],"picked":"SKIP","floor":18},{"not_picked":["Blood for Blood","Sword Boomerang"],"picked":"Flame Barrier","floor":22},{"not_picked":["Shockwave+1","Double Tap","Fire Breathing+1"],"picked":"SKIP","floor":24},{"not_picked":["Iron Wave+1","Feel No Pain","Twin Strike"],"picked":"SKIP","floor":27},{"not_picked":["True Grit+1","Headbutt"],"picked":"Shrug It Off+1","floor":30}],"player_experience":307213,"relics_obtained":[{"floor":7.0,"key":"Meat on the Bone"},{"floor":9.0,"key":"Toy Ornithopter"},{"floor":13.0,"key":"MealTicket"},{"floor":24,"key":"Juzu Bracelet"},{"floor":26,"key":"Vajra"},{"floor":28,"key":"Red Mask"}],"event_choices":[{"damage_healed":0.0,"max_hp_gain":0.0,"max_hp_loss":0.0,"gold_gain":0.0,"event_name":"Upgrade Shrine","player_choice":"Upgraded","floor":5.0,"gold_loss":0.0,"damage_taken":0.0,"cards_upgraded":["Bash"]},{"damage_healed":0.0,"max_hp_gain":0.0,"max_hp_loss":0.0,"gold_gain":0.0,"event_name":"Golden Idol","player_choice":"Ignored","floor":12.0,"gold_loss":0.0,"damage_taken":0.0},{"damage_healed":0,"gold_gain":0,"player_choice":"Ignored","damage_taken":0,"max_hp_gain":0,"max_hp_loss":0,"event_name":"Vampires","floor":19,"gold_loss":0},{"damage_healed":0,"gold_gain":0,"player_choice":"Bought 1 Potion","damage_taken":0,"max_hp_gain":0,"max_hp_loss":0,"event_name":"The Woman in Blue","floor":21,"gold_loss":0},{"damage_healed":0,"gold_gain":0,"player_choice":"Fought Bandits","damage_taken":0,"max_hp_gain":0,"max_hp_loss":0,"event_name":"Masked Bandits","floor":28,"gold_loss":0},{"cards_removed":["Strike_R"],"damage_healed":0,"gold_gain":0,"player_choice":"Elegance","damage_taken":0,"max_hp_gain":0,"max_hp_loss":0,"event_name":"Back to Basics","floor":31,"gold_loss":0}],"is_beta":false,"boss_relics":[{"not_picked":["SacredBark","Calling Bell"],"picked":"Mark of Pain"}],"items_purged_floors":[20],"is_endless":false,"potions_floor_spawned":[1,7,10,11,13,16,24,27,30],"killed_by":"Collector","ascension_level":6}}