{"host":"pyy080wme1zxuig0","time":1612449498,"event":{"mods":["BaseMod","Downfall","Minty Spire (QoL Compilation)","StSLib"],"gold_per_floor":[99,115,115,174,184,201,226,236,18,37,37,56,56,56,66,66,66,66],"floor_reached":16,"language":"ENG","playtime":1325,"items_purged":[],"score":94,"play_id":"458ac2c1-cab7-4984-ba1e-9e610270f87e","local_time":"20210204153818","is_ascension_mode":false,"campfire_choices":[{"data":"Guardian:TwinSlam","floor":1,"key":"SMITH"},{"floor":13,"key":"REST"}],"circlet_count":0,"master_deck":["Guardian:Strike_Guardian","Guardian:Strike_Guardian","Guardian:Strike_Guardian","Guardian:Strike_Guardian","Guardian:Defend_Guardian","Guardian:Defend_Guardian","Guardian:Defend_Guardian","Guardian:Defend_Guardian","Guardian:CurlUp","Guardian:TwinSlam+1","Guardian:Incinerate","Guardian:GuardianWhirl","Guardian:CrystalBeam","Guardian:Reroute","Guardian:RevengeProtocol","Guardian:Incinerate","Guardian:Gem_Red","Guardian:Gem_Red"],"relics":["Guardian:ModeShifter","Oddly Smooth Stone","Potion Belt","Dream Catcher","Bottled Lightning"],"acts_visited":["Exordium"],"potions_floor_usage":[16,16,16,16],"damage_taken":[{"damage":6,"enemies":"Jaw Worm","floor":2,"turns":4},{"damage":37,"enemies":"Lagavulin Event","floor":4,"turns":9},{"damage":0,"enemies":"Small Slimes","floor":5,"turns":4},{"damage":0,"enemies":"Cultist","floor":6,"turns":4},{"damage":10,"enemies":"2 Fungi Beasts","floor":8,"turns":4},{"damage":0,"enemies":"downfall:FleeingMerchant","floor":9,"turns":4},{"damage":6,"enemies":"Blue Slaver","floor":10,"turns":4},{"damage":12,"enemies":"Large Slime","floor":12,"turns":8},{"damage":11,"enemies":"3 Louse","floor":15,"turns":2},{"damage":43,"enemies":"SI_SHIV_ARCHETYPE","floor":16,"turns":20}],"seed_played":"549860798831421759","potions_obtained":[{"floor":4,"key":"FearPotion"},{"floor":5,"key":"Dexterity Potion"},{"floor":10,"key":"sneckomod:MuddlingPotion"},{"floor":12,"key":"Dexterity Potion"}],"is_trial":false,"path_per_floor":["R","M","?","?","M","M","T","M","$","M","?","M","R","T","M","B"],"character_chosen":"GUARDIAN","items_purchased":["Guardian:RevengeProtocol","Guardian:Incinerate"],"campfire_rested":1,"item_purchase_floors":[9,9],"current_hp_per_floor":[88,82,64,27,27,27,27,17,17,11,40,28,54,54,43,0,0,0],"gold":66,"neow_bonus":"TEN_PERCENT_HP_BONUS","is_daily":false,"chose_seed":false,"campfire_upgraded":1,"win_rate":0.0,"timestamp":1612449498,"path_taken":["R","M","?","?","?","M","T","?","$","M","?","M","R","?","M","BOSS"],"items_purchased_type":["Card","Card"],"build_version":"2020-12-22","purchased_purges":0,"victory":false,"max_hp_per_floor":[88,88,88,88,88,88,88,88,88,88,88,88,88,88,88,88,88,88],"card_choices":[{"not_picked":["Guardian:Gem_Green","Guardian:EvasiveProtocol"],"picked":"Guardian:Gem_Fragmented","floor":2},{"not_picked":["Guardian:VentSteam","Guardian:Suspension"],"picked":"Guardian:Gem_Cyan","floor":4},{"not_picked":["Guardian:TimeBomb","Guardian:ShieldCharger"],"picked":"Guardian:Incinerate","floor":5},{"not_picked":["Guardian:Emergency","Guardian:Gem_Cyan"],"picked":"Guardian:GuardianWhirl","floor":6},{"not_picked":["Guardian:ShieldSpikes","Guardian:Suspension"],"picked":"Guardian:CrystalBeam","floor":8},{"not_picked":["Guardian:HyperBeam_Guardian","Guardian:Gem_Green"],"picked":"Guardian:Reroute","floor":9},{"not_picked":["Guardian:BronzeArmor","Guardian:Recover"],"picked":"Guardian:Gem_Cyan","floor":10},{"not_picked":["Guardian:Gem_Cyan","Guardian:GuardianWhirl"],"picked":"Guardian:Gem_Green","floor":12},{"not_picked":["Guardian:ConstructionForm","Guardian:RollAttack"],"picked":"Guardian:Gem_Red","floor":13},{"not_picked":["Guardian:Gem_Cyan","Guardian:Recover"],"picked":"Guardian:Gem_Red","floor":15}],"player_experience":14120,"relics_obtained":[{"floor":4,"key":"Potion Belt"},{"floor":7,"key":"Dream Catcher"},{"floor":14,"key":"Bottled Lightning"}],"event_choices":[{"damage_healed":0,"gold_gain":0,"player_choice":"Success","damage_taken":18,"relics_obtained":["Oddly Smooth Stone"],"max_hp_gain":0,"max_hp_loss":0,"event_name":"Scrap Ooze","floor":3,"gold_loss":0},{"damage_healed":29,"gold_gain":0,"player_choice":"Banana","damage_taken":0,"max_hp_gain":0,"max_hp_loss":0,"event_name":"Big Fish","floor":11,"gold_loss":0}],"is_beta":false,"boss_relics":[],"items_purged_floors":[],"is_endless":false,"potions_floor_spawned":[4,5,10,12],"killed_by":"SI_SHIV_ARCHETYPE","ascension_level":0}}