{"host":"qmnyg5dk1o6rw6mz","time":1612465022,"event":{"mods":["2.2 Compatiblity","AchievementEnabler","Act Like it!","Aspiration","Astrologer","BaseMod","Beaked The Cultist","Better Altar","Better Match","Better Note","Better Sensory Stone","Better Skull","Better Third Choice","Better Vampires","Block Reminder","CapriCore","Challenge The Spire","ChefMod","Colored Map","Colored Powertips","Conspire","Defuse TimeMaze Blight","Disable Question Mark Monsters","Displayed Cursed Tome","Downfall","Energized Spire","Gensokyo","GifTheSpireLib","Hermit","Highlight Path","Hubris","Infinite Spire","Jedi Mod","Marisa¡]Ãú«B¡@Å]²z¨F¡^","Minty Spire (QoL Compilation)","Monster B Gone","Pale of the Ancients","Permanent Neow","Quick Restart","Reimu¡]³Õ???¡^","Relic Filter","Relic Sorter","Reliquary","Replay The Spire","Shop Mod","Spicy Shops","StSLib","Stuff the Spire","Synergy Search","The Blue Laboratory","The Construct","The Cursed","The Disciple","The Dragon Tamer","The Gatherer","The Hierophant","The Poker Player","The Runesmith","The Showman","Unceasing Turn Reminder","Wide Potions","thorton"],"gold_per_floor":[99,112,131,131,131,164,233,268,288,288,288,300,300,326,336,433,433,433,443,443,455,482,516,516,531,565,217,217,233,233,247,267,367,367,367,383,398,418,468,468,492,507,232,232,232,57,135,167,183,183,193,212,212,12,12,24,24,24,24,24],"floor_reached":61,"language":"ENG","playtime":1990,"items_purged":["downfall:Bewildered","Slimebound:SlimeSpikes","Slimebound:Defend_Slimebound","Slimebound:Chomp","Slimebound:Split","Slimebound:Strike_Slimebound","Slimebound:Tackle"],"score":1670,"play_id":"3ff2aecc-ac4e-48eb-8061-15ebe19913ba","local_time":"20210205025702","is_ascension_mode":true,"campfire_choices":[{"data":"Slimebound:Strike_Slimebound","floor":1.0,"key":"PURGE"},{"floor":10,"key":"DIG"},{"data":"Slimebound:GoopSpray","floor":13,"key":"SMITH"},{"floor":18,"key":"DIG"},{"data":"Slimebound:HauntingLick","floor":28,"key":"SMITH"},{"floor":30,"key":"DIG"},{"data":"Slimebound:RejuvenatingLick","floor":35,"key":"SMITH"},{"data":"Slimebound:SamplingLick","floor":40,"key":"SMITH"},{"data":"Slimebound:Schlurp","floor":44,"key":"SMITH"},{"data":"Slimebound:HauntingLick","floor":55,"key":"SMITH"},{"floor":57,"key":"DIG"}],"circlet_count":0,"master_deck":["Slimebound:Defend_Slimebound+1","Slimebound:CorrosiveSpit+1","StuffTheSpire:PlasmaPunch+1","Slimebound:HauntingLick+1","Slimebound:ItLooksTasty","Slimebound:RejuvenatingLick+1","Slimebound:RejuvenatingLick+1","Slimebound:ItLooksTasty+1","Slimebound:RejuvenatingLick+1","Slimebound:GoopSpray+1","Slimebound:Recycling+1","Slimebound:Schlurp+1","Slimebound:HauntingLick+1","Slimebound:HauntingLick+1","Slimebound:SamplingLick+1","Slimebound:Recycling+1","Slimebound:Schlurp+1","Slimebound:SamplingLick+1","Slimebound:SamplingLick+1","Slimebound:HauntingLick+1"],"relics":["theShowman:ThirdTimeCharm","infinitespire:Cubic Diamond","Happy Flower","Ornamental Fan","Shovel","Frozen Egg 2","Counterbalance","conspire:RunicOctahedron","Replay:Wax Seal","reliquary:Buckler","hubris:ScarierMask","Art of War","infinitespire:Satchel","War Paint","Quantum Egg","construct:RocketBooster","Turnip","jedi:paperlyon","conspire:Boomerang","hubris:SlimyHat","infinitespire:FocusingShard","Nunchaku","paleoftheancients:Timepiece","Gremlin Horn","paleoftheancients:SoulOfTheGuardian","hubris:Towel","jedi:Pinwheel"],"acts_visited":["Exordium","TheCity","TheBeyond","paleoftheancients:PaleOfTheAncients"],"potions_floor_usage":[16,27,51,56,60],"damage_taken":[{"damage":1.0,"enemies":"Jaw Worm","floor":2.0,"turns":2.0},{"damage":0.0,"enemies":"2 Louse","floor":3.0,"turns":1.0},{"damage":19,"enemies":"3 Sentries","floor":6,"turns":7},{"damage":3,"enemies":"Gremlin Nob","floor":8,"turns":2},{"damage":0,"enemies":"Cultist","floor":9,"turns":2},{"damage":13,"enemies":"Red Slaver","floor":12,"turns":2},{"damage":0,"enemies":"Lagavulin","floor":14,"turns":3},{"damage":3,"enemies":"Lots of Slimes","floor":15,"turns":3},{"damage":0,"enemies":"WA_ARCHETYPE_RETAIN","floor":16,"turns":1},{"damage":0,"enemies":"Spheric Guardian","floor":19,"turns":1},{"damage":0,"enemies":"Shell Parasite","floor":21,"turns":1},{"damage":8,"enemies":"Book of Stabbing","floor":23,"turns":2},{"damage":0,"enemies":"Snecko","floor":25,"turns":1},{"damage":9,"enemies":"Slavers","floor":26,"turns":2},{"damage":0,"enemies":"downfall:FleeingMerchant","floor":27,"turns":4},{"damage":5,"enemies":"Snake Plant","floor":29,"turns":2},{"damage":0,"enemies":"3 Cultists","floor":31,"turns":2},{"damage":0,"enemies":"Shelled Parasite and Fungi","floor":32,"turns":1},{"damage":4,"enemies":"SI_MIRROR_ARCHETYPE","floor":33,"turns":2},{"damage":5,"enemies":"3 Darklings","floor":36,"turns":2},{"damage":0,"enemies":"3 Shapes","floor":37,"turns":2},{"damage":0,"enemies":"Writhing Mass","floor":38,"turns":1},{"damage":0,"enemies":"Writhing Mass","floor":39,"turns":1},{"damage":0,"enemies":"Jaw Worm Horde","floor":42,"turns":1},{"damage":0,"enemies":"Nightmare","floor":48,"turns":1},{"damage":0,"enemies":"Maw","floor":49,"turns":1},{"damage":0,"enemies":"DF_ARCHETYPE_ORBS","floor":50,"turns":1},{"damage":30,"enemies":"DF_ARCHETYPE_ORBS","floor":51,"turns":3},{"damage":0,"enemies":"DF_ARCHETYPE_ORBS","floor":52,"turns":1},{"damage":4,"enemies":"DF_ARCHETYPE_ORBS","floor":56,"turns":3},{"damage":59,"enemies":"paleoftheancients:N","floor":60,"turns":4}],"seed_played":"1959424011312128832","potions_obtained":[{"floor":3.0,"key":"Swift Potion"},{"floor":6,"key":"sneckomod:MuddlingPotion"},{"floor":21,"key":"Fire Potion"},{"floor":29,"key":"DuplicationPotion"},{"floor":51,"key":"Explosive Potion"}],"is_trial":false,"path_per_floor":["R_BF","M","M","?","?","E","T","E","M","R","?","M","R","E","M","B",null,"R_BF","M","AVR","M","T","E","T","M","E","$","R","M","R","M","M","B",null,"R","M","M","M","?","R","T","M","$","R","?","$","T","NM","M","B","M","M","?","$","R","M","R","T","?","B",null],"character_chosen":"SLIMEBOUND","items_purchased":["construct:RocketBooster","Slimebound:SamplingLick","Slimebound:Recycling+1"],"campfire_rested":0,"item_purchase_floors":[27,27,27],"current_hp_per_floor":[65,64,65,65,65,46,46,43,43,43,43,30,30,30,27,27,65,65,65,65,65,65,57,57,57,48,48,48,43,43,43,43,39,65,65,60,60,60,60,60,60,60,60,60,60,60,60,60,60,65,50,58,58,58,58,60,60,60,60,33],"gold":24,"neow_bonus":"RANDOM_COLORLESS","is_daily":false,"chose_seed":false,"campfire_upgraded":6,"win_rate":0.0,"timestamp":1612465022,"path_taken":["R_BF","M","M","?","?","E","T","E","M","R","?","?","R","E","M","BOSS","R_BF","M","AVR","M","?","E","T","M","E","$","R","M","R","M","M","BOSS","R","M","M","?","?","R","T","M","$","R","?","?","?","NM","M","BOSS","M","M","?","$","R","M","R","T","?","BOSS"],"items_purchased_type":["Relic","Card","Card"],"build_version":"2020-12-22","purchased_purges":7,"victory":true,"max_hp_per_floor":[65,65,65,65,65,65,65,65,65,65,65,65,65,65,65,65,65,65,65,65,65,65,65,65,65,65,65,65,65,65,65,65,65,65,65,65,65,65,65,65,65,65,65,65,65,65,65,65,65,65,65,65,65,65,65,65,65,65,65,65],"card_choices":[{"not_picked":["Enlightenment","hubris:Insight"],"picked":"StuffTheSpire:PlasmaPunch","floor":0.0},{"not_picked":["Slimebound:ItLooksTasty","Slimebound:TongueLash"],"picked":"Slimebound:HauntingLick","floor":2.0},{"not_picked":["Slimebound:ComboTackle","Slimebound:RollThrough"],"picked":"Slimebound:ItLooksTasty","floor":3.0},{"not_picked":["Slimebound:Darklings","Slimebound:DisruptingSlam"],"picked":"Slimebound:RejuvenatingLick","floor":6},{"not_picked":["Slimebound:SamplingLick","Slimebound:AcidTongue"],"picked":"Slimebound:RejuvenatingLick","floor":8},{"not_picked":["Slimebound:SplitBruiser","Slimebound:RollThrough","Slimebound:SlimeSpikes"],"picked":"SKIP","floor":9},{"not_picked":["Slimebound:SplitBruiser","Slimebound:RollThrough"],"picked":"Slimebound:SlimeSpikes","floor":9},{"not_picked":["Slimebound:Repurpose","Slimebound:DivideAndConquer"],"picked":"Slimebound:GoopSpray","floor":12},{"not_picked":["Slimebound:DivideAndConquer","Slimebound:ComboTackle","Slimebound:SlimeBarrage"],"picked":"SKIP","floor":14},{"not_picked":["Slimebound:LeechingTouch","Slimebound:SlimeBrawl","Slimebound:SplitMire"],"picked":"SKIP","floor":15},{"not_picked":["Slimebound:DouseInSlime","Slimebound:TagTeam"],"picked":"Slimebound:Recycling+1","floor":16},{"not_picked":["Slimebound:Equalize","Slimebound:LeechingTouch","Slimebound:SpikyOuterGoop+1"],"picked":"SKIP","floor":19},{"not_picked":["Slimebound:GrowthPunch+1","Slimebound:SplitBruiser","Slimebound:SpikyOuterGoop+1"],"picked":"SKIP","floor":21},{"not_picked":["Slimebound:FinishingTackle","Slimebound:Prepare"],"picked":"Slimebound:Schlurp","floor":23},{"not_picked":["Slimebound:LeechEnergy","Slimebound:Prepare"],"picked":"Slimebound:HauntingLick","floor":25},{"not_picked":["Slimebound:PressTheAttack","Slimebound:SplitMire","Slimebound:GrowthPunch"],"picked":"SKIP","floor":26},{"not_picked":["Slimebound:LeechingTouch","Slimebound:ItLooksTasty"],"picked":"Slimebound:HauntingLick+1","floor":27},{"not_picked":["Slimebound:HungryTackle","Slimebound:GoopTackle+1"],"picked":"Slimebound:Schlurp+1","floor":29},{"not_picked":["Slimebound:SplitSpecialist","Slimebound:ComboTackle+1","Slimebound:Grow+1"],"picked":"SKIP","floor":31},{"not_picked":["Slimebound:SplitAcid","Slimebound:LevelUp+1","Slimebound:TongueLash"],"picked":"SKIP","floor":32},{"not_picked":["Slimebound:RollThrough+1","Slimebound:Replication+1","Slimebound:LeechEnergy+1"],"picked":"SKIP","floor":36},{"not_picked":["Slimebound:RollThrough+1","Slimebound:Replication+1","Slimebound:LeechEnergy+1"],"picked":"SKIP","floor":36},{"not_picked":["Slimebound:GoopTackle+1","Slimebound:SplitBruiser+1"],"picked":"Slimebound:SamplingLick+1","floor":37},{"not_picked":["Slimebound:Gluttony+1","Slimebound:LeechEnergy+1","Slimebound:SlimeTap+1"],"picked":"SKIP","floor":38},{"not_picked":["Slimebound:Grow+1","Slimebound:ItLooksTasty+1"],"picked":"Slimebound:SamplingLick+1","floor":39},{"not_picked":["Slimebound:LevelUp+1","Slimebound:Replication","Slimebound:SplitBruiser+1"],"picked":"SKIP","floor":42},{"not_picked":["Slimebound:ItLooksTasty","Slimebound:Overexert+1","Slimebound:OneTwoCombo"],"picked":"SKIP","floor":48},{"not_picked":["Slimebound:TongueLash+1","Slimebound:AcidTongue+1","Slimebound:GoopTackle"],"picked":"SKIP","floor":49},{"not_picked":["Slimebound:SlimeSpikes","Slimebound:FinishingTackle+1","Slimebound:PressTheAttack+1"],"picked":"SKIP","floor":51},{"not_picked":["Slimebound:HungryTackle","Slimebound:Nibble+1","Slimebound:ComboTackle"],"picked":"SKIP","floor":52},{"not_picked":["Slimebound:RollThrough","Slimebound:ItLooksTasty"],"picked":"Slimebound:HauntingLick+1","floor":56}],"player_experience":241400,"relics_obtained":[{"floor":6,"key":"Happy Flower"},{"floor":7,"key":"Ornamental Fan"},{"floor":8,"key":"Shovel"},{"floor":10,"key":"Frozen Egg 2"},{"floor":14,"key":"Counterbalance"},{"floor":18,"key":"Replay:Wax Seal"},{"floor":22,"key":"Art of War"},{"floor":23,"key":"infinitespire:Satchel"},{"floor":24,"key":"War Paint"},{"floor":26,"key":"Quantum Egg"},{"floor":30,"key":"Turnip"},{"floor":39,"key":"conspire:Boomerang"},{"floor":41,"key":"hubris:SlimyHat"},{"floor":47,"key":"infinitespire:FocusingShard"},{"floor":48,"key":"Nunchaku"},{"floor":51,"key":"paleoftheancients:SoulOfTheGuardian"},{"floor":57,"key":"jedi:Pinwheel"}],"event_choices":[],"is_beta":false,"boss_relics":[{"not_picked":["thethorton:GreedFountain","Cursed Key"],"picked":"conspire:RunicOctahedron"},{"not_picked":["energizedSpire:SpiderWeb","hubris:GrandSneckoEye"],"picked":"jedi:paperlyon"}],"items_purged_floors":[20,27,27,43,43,46,54],"is_endless":false,"potions_floor_spawned":[3,6,9,15,21,23,25,29,32,38,39,42,48,51,52],"ascension_level":1}}