{"host":"343qqg62n5k3n5g2","time":1612462609,"event":{"mods":["ATMod(阿瑾Mod)","BaseMod","Colored Powertips","Minty Spire (QoL Compilation)","Quick Restart","Replay The Spire","Spicy Shops","StSLib","TestMod","【遗物卡牌】REMEMod","篝火指南"],"gold_per_floor":[120,120,139,3,22,22,56,56,137,412,431,449,449,471,471,553,553,571,486,486,486,536,4,72,102,102,127,102,102,125,21,21,106,106,132,158,0,32,32,32,67,110,133,204,48,48,48,48,48,59,80],"floor_reached":52,"language":"ZHS","playtime":3763,"items_purged":["Regret"],"score":1775,"play_id":"7537e4fa-503f-4928-9981-c2f3e99a2de2","local_time":"20210205021649","is_ascension_mode":true,"campfire_choices":[{"data":"AT_FamilyPortrait","floor":6.0,"key":"SMITH"},{"data":"Burst","floor":8.0,"key":"SMITH"},{"data":"Zap","floor":15.0,"key":"SMITH"},{"data":"Defragment","floor":29.0,"key":"SMITH"},{"data":"Hologram","floor":32.0,"key":"SMITH"},{"data":"Echo Form","floor":40.0,"key":"SMITH"},{"data":"testmod-Reverberation","floor":46.0,"key":"SMITH"},{"data":"testmod-Reverberation","floor":49.0,"key":"SMITH"}],"circlet_count":0,"master_deck":["AscendersBane","Strike_B","Strike_B","Strike_B","Strike_B","Defend_B","Defend_B","Defend_B","Defend_B","Zap+1","Dualcast","Burst+1","AT_FamilyPortrait+1","All For One","Streamline","Aggregate","AT_StudyProgram+1","Defragment+1","Gash","Ball Lightning","AT_HeatAcrobatics","Amplify","AT_HeatAcrobatics","ReplayTheSpireMod:Omega Cannon+1","Seek+1","Spreading Infection","AT_HeatAcrobatics","Languid","Clumsy","Hologram+1","Echo Form+1","Writhe","AT_HeatAcrobatics+1","ReplayTheSpireMod:Trickstab","Thunder Strike","Tempest","Stack+1","Turbo","testmod-Reverberation+1","testmod-Reverberation+1","CommonCold"],"relics":["Cracked Core","testmod-TestBox","AT_ATBox","testmod-DeterminationOfClimber","testmod-TestBox","testmod-Alchemist","Art of War","Gremlin Horn","Replay:Grab Bag","Coffee Dripper","Busted Crown","Nuclear Battery","The Courier","ReplayTheSpireMod:Ring of Challenge","Ring of Greed","Blue Doll","Smiling Mask","REME_HandOfSuture","Guide Book","AT_GuinsooRageblade","Pet Ghost","AT_GoldPhoenixTree","Replay:Baseball","Mummified Hand","Painkiller Herb","Red Mask","Counterbalance","DataDisk"],"acts_visited":["Exordium","TheCity","TheBeyond"],"potions_floor_usage":[],"damage_taken":[{"damage":0.0,"enemies":"2 Louse","floor":1.0,"turns":3.0},{"damage":2.0,"enemies":"Jaw Worm","floor":3.0,"turns":3.0},{"damage":0.0,"enemies":"Small Slimes","floor":5.0,"turns":2.0},{"damage":0.0,"enemies":"Lagavulin","floor":7.0,"turns":5.0},{"damage":8.0,"enemies":"Exordium Thugs","floor":11.0,"turns":4.0},{"damage":0.0,"enemies":"2 Fungi Beasts","floor":12.0,"turns":1.0},{"damage":17.0,"enemies":"Looter","floor":14.0,"turns":3.0},{"damage":31.0,"enemies":"Hexaghost","floor":16.0,"turns":4.0},{"damage":0.0,"enemies":"3 Byrds","floor":18.0,"turns":2.0},{"damage":3.0,"enemies":"Spheric Guardian","floor":24.0,"turns":1.0},{"damage":13.0,"enemies":"REME_1_Revenger","floor":25.0,"turns":3.0},{"damage":0.0,"enemies":"Chosen and Byrds","floor":28.0,"turns":4.0},{"damage":30.0,"enemies":"Snake Plant","floor":30.0,"turns":3.0},{"damage":0.0,"enemies":"Collector","floor":33.0,"turns":3.0},{"damage":0.0,"enemies":"Orb Walker","floor":35.0,"turns":2.0},{"damage":0.0,"enemies":"3 Darklings","floor":36.0,"turns":1.0},{"damage":7.0,"enemies":"Spire Growth","floor":38.0,"turns":3.0},{"damage":0.0,"enemies":"R_Hoarder","floor":41.0,"turns":3.0},{"damage":0.0,"enemies":"Transient","floor":42.0,"turns":4.0},{"damage":51.0,"enemies":"Sphere and 2 Shapes","floor":44.0,"turns":2.0},{"damage":26,"enemies":"Time Eater","floor":50,"turns":2},{"damage":0,"enemies":"Replay:Hell Engine","floor":51,"turns":1}],"seed_played":"-3942600047628656024","potions_obtained":[{"floor":11.0,"key":"PowerPotion"},{"floor":14.0,"key":"REME_GoldPotion"},{"floor":16.0,"key":"AttackPotion"}],"is_trial":false,"path_per_floor":["M","?","M","$","M","R","E","R","T","?","M","M","?","M","R","B",null,"M","?","?","?","?","R","M","E","T","T","M","R","M","$","R","B",null,"?","?","?","?","?","T","E","?","T","?","T","T","?","?","T","B","B",null],"character_chosen":"DEFECT","items_purchased":["testmod-Alchemist","REME_HandOfSuture","Guide Book","AT_GuinsooRageblade","Mummified Hand","Hologram","Stack+1","Turbo","testmod-Reverberation"],"campfire_rested":0,"item_purchase_floors":[4,23,23,23,31,31,45,45,45],"current_hp_per_floor":[65,65,65,65,67,67,71,71,71,71,63,65,65,51,51,30,61,67,67,46,46,46,46,47,39,39,39,51,51,27,27,27,35,68,74,79,79,76,76,76,79,79,79,35,35,35,65,65,65,42,65],"gold":80,"neow_bonus":"THREE_RARE_CARDS","is_daily":false,"chose_seed":false,"campfire_upgraded":8,"win_rate":0.0,"timestamp":1612462609,"path_taken":["M","?","M","?","M","R","E","R","T","?","M","?","?","M","R","BOSS","M","?","?","?","?","R","M","E","T","?","M","R","M","$","R","BOSS","?","?","?","?","?","T","E","?","T","?","T","T","?","?","T","BOSS","BOSS"],"items_purchased_type":["Relic","Relic","Relic","Relic","Relic","Card","Card","Card","Card"],"build_version":"2020-12-22","purchased_purges":1,"victory":true,"max_hp_per_floor":[71,71,71,71,71,71,71,71,71,71,71,71,71,71,71,71,71,74,74,79,79,79,79,79,79,79,79,79,79,79,79,79,79,79,79,79,79,79,79,79,79,79,79,79,79,79,65,65,65,65,65],"card_choices":[{"not_picked":["Creative AI","Biased Cognition"],"picked":"All For One","floor":0.0},{"not_picked":["Beam Cell","Coolheaded"],"picked":"Streamline","floor":1.0},{"not_picked":["Beam Cell","Panic Button"],"picked":"Aggregate","floor":3.0},{"not_picked":["ReplayGash","Sweeping Beam"],"picked":"AT_StudyProgram","floor":5.0},{"not_picked":["Barrage","Sweeping Beam"],"picked":"Defragment","floor":7.0},{"not_picked":["Beam Cell","REME_Whirling"],"picked":"Gash","floor":11.0},{"not_picked":["Thunder Strike","Beam Cell"],"picked":"Ball Lightning","floor":12.0},{"not_picked":["Ball Lightning","REME_DataAnalysis"],"picked":"AT_HeatAcrobatics","floor":14.0},{"not_picked":["Rainbow","Reboot"],"picked":"Amplify","floor":16.0},{"not_picked":[],"picked":"AT_HeatAcrobatics","floor":18.0},{"not_picked":["Rip and Tear"],"picked":"SKIP","floor":24.0},{"not_picked":[],"picked":"AT_HeatAcrobatics","floor":25.0},{"not_picked":["Auto Shields"],"picked":"SKIP","floor":28.0},{"not_picked":["Doom and Gloom"],"picked":"SKIP","floor":30.0},{"not_picked":[],"picked":"Echo Form","floor":33.0},{"not_picked":["Cold Snap"],"picked":"SKIP","floor":35.0},{"not_picked":["Cold Snap"],"picked":"SKIP","floor":36.0},{"not_picked":[],"picked":"AT_HeatAcrobatics+1","floor":38.0},{"not_picked":[],"picked":"ReplayTheSpireMod:Trickstab","floor":39.0},{"not_picked":[],"picked":"Thunder Strike","floor":41.0},{"not_picked":[],"picked":"Tempest","floor":42.0},{"not_picked":["Redo"],"picked":"SKIP","floor":44.0}],"player_experience":9426,"relics_obtained":[{"floor":7.0,"key":"Art of War"},{"floor":9.0,"key":"Gremlin Horn"},{"floor":22.0,"key":"ReplayTheSpireMod:Ring of Challenge"},{"floor":22.0,"key":"Ring of Greed"},{"floor":22.0,"key":"Blue Doll"},{"floor":22.0,"key":"Smiling Mask"},{"floor":25.0,"key":"Pet Ghost"},{"floor":26.0,"key":"AT_GoldPhoenixTree"},{"floor":27.0,"key":"Replay:Baseball"},{"floor":41.0,"key":"Counterbalance"},{"floor":43.0,"key":"DataDisk"}],"event_choices":[{"damage_healed":0.0,"max_hp_gain":0.0,"max_hp_loss":0.0,"gold_gain":0.0,"event_name":"给自己的盒子","player_choice":"Swap Relic","floor":2.0,"relics_lost":["REME_ComplimentaryCards"],"gold_loss":0.0,"damage_taken":0.0,"relics_obtained":["testmod-TestBox"]},{"damage_healed":0.0,"max_hp_gain":0.0,"max_hp_loss":0.0,"gold_gain":275.0,"event_name":"Golden Shrine","player_choice":"Desecrate","floor":10.0,"gold_loss":0.0,"damage_taken":0.0,"cards_obtained":["Regret"]},{"damage_healed":0.0,"max_hp_gain":0.0,"max_hp_loss":0.0,"gold_gain":0.0,"event_name":"Living Wall","player_choice":"Grow","floor":13.0,"gold_loss":0.0,"damage_taken":0.0,"cards_upgraded":["AT_StudyProgram"]},{"damage_healed":0.0,"max_hp_gain":0.0,"max_hp_loss":0.0,"gold_gain":0.0,"event_name":"Addict","player_choice":"Obtained Relic","floor":19.0,"gold_loss":85.0,"damage_taken":0.0,"relics_obtained":["The Courier"]},{"damage_healed":0.0,"max_hp_gain":5.0,"max_hp_loss":0.0,"gold_gain":0.0,"event_name":"Forgotten Altar","player_choice":"Shed Blood","floor":20.0,"gold_loss":0.0,"damage_taken":26.0},{"damage_healed":0.0,"max_hp_gain":0.0,"max_hp_loss":0.0,"gold_gain":0.0,"cards_transformed":["Eruption","Strike_B"],"event_name":"Drug Dealer","player_choice":"Became Test Subject","floor":21.0,"gold_loss":0.0,"damage_taken":0.0,"cards_obtained":["ReplayTheSpireMod:Omega Cannon","Seek"]},{"damage_healed":0.0,"max_hp_gain":0.0,"max_hp_loss":0.0,"gold_gain":0.0,"event_name":"Tomb of Lord Red Mask","player_choice":"Paid","floor":37.0,"gold_loss":158.0,"damage_taken":0.0,"relics_obtained":["Red Mask"]},{"damage_healed":0.0,"max_hp_gain":0.0,"max_hp_loss":0.0,"gold_gain":0.0,"event_name":"SensoryStone","player_choice":"Memory 1","floor":39.0,"gold_loss":0.0,"damage_taken":0.0},{"damage_healed":65.0,"max_hp_gain":0.0,"max_hp_loss":14.0,"gold_gain":0.0,"event_name":"The Moai Head","player_choice":"Heal","floor":47.0,"gold_loss":0.0,"damage_taken":0.0},{"cards_removed":["Spreading Infection"],"damage_healed":0.0,"max_hp_gain":0.0,"max_hp_loss":0.0,"gold_gain":0.0,"event_name":"Wheel of Change","player_choice":"Card Removal","floor":48.0,"gold_loss":0.0,"damage_taken":0.0}],"is_beta":false,"boss_relics":[{"not_picked":["testmod-GoldenSoul","Calling Bell"],"picked":"Replay:Grab Bag"},{"not_picked":["Velvet Choker","Cursed Key"],"picked":"Coffee Dripper"},{"not_picked":["Philosopher\u0027s Stone","Runic Dome"],"picked":"Busted Crown"},{"not_picked":["testmod-StringDisintegrator","testmod-KeyOfTheVoid"],"picked":"Nuclear Battery"},{"not_picked":["REME_ChargedStone","REME_DemonsWealth"],"picked":"Painkiller Herb"}],"items_purged_floors":[23],"is_endless":false,"potions_floor_spawned":[11,14,16,18,33,36,41,44],"ascension_level":20}}