{"host":"8z0h4areh8sio1k0","time":1612421288,"event":{"mods":["Aspiration","BaseMod","Colored Map","Conspire","Hubris","Infinite Spire","Minty Spire (QoL Compilation)","Replay The Spire","StSLib","TestMod","The Bug Knight"],"gold_per_floor":[118,134,145,10,30,30,50,50,50,225,225,225,225,242,242,338,338,356,356,373,396,396,396,409,409,409,450,375,474,474,499,499,672,672,735,1035,649,708,355,404,456,456,456,535,535,535,613,669,669,790,790,851,851,851,919,39,54,64,86,86,88,102,111,111,128,128,220,220,244,101,106,106,111,111,120,119,119,119,119,135,136,156,156,218,218,214,214,217,258,266,266,266,266,271,271,318,321,126,126,129,129,129,186,186,194,204,204,265,289,289,334,352,377,377,377,377,396,422,422,511,511,542,561,596,633,676,676,722,722,722,761,565,606,606,606,606,725,725,774,774,724,724,772,837,837,856,856,856,914,974,823,880,880,860,860],"floor_reached":154,"language":"ZHS","playtime":16390,"items_purged":["Defend_G","Strike_G","Strike_G","Strike_G","Doubt","Regret","All Out Attack+1","ReplayTheSpireMod:From All Sides+1"],"score":3534,"play_id":"2807f871-afd6-406e-92f0-99e635f6269c","local_time":"20210204144808","is_ascension_mode":false,"campfire_choices":[{"data":"Neutralize","floor":6,"key":"SMITH"},{"data":"conspire:DoublingDagger","floor":8,"key":"SMITH"},{"data":"Survivor","floor":11,"key":"SMITH"},{"data":"Acrobatics","floor":13,"key":"SMITH"},{"data":"Outmaneuver","floor":15,"key":"SMITH"},{"data":"Adrenaline","floor":23,"key":"SMITH"},{"floor":32,"key":"RECALL"},{"data":"ReplayTheSpireMod:Scrap Shanks","floor":42,"key":"SMITH"},{"data":"Atom Bomb","floor":45,"key":"SMITH"},{"data":"Accuracy","floor":49,"key":"SMITH"},{"data":"A Thousand Cuts","floor":64,"key":"SMITH"},{"data":"Backflip","floor":66,"key":"SMITH"},{"data":"ReplayTheSpireMod:Echoes of Time","floor":74,"key":"SMITH"},{"data":"ReplayTheSpireMod:Black Plague","floor":79,"key":"SMITH"},{"data":"ReplayTheSpireMod:From All Sides","floor":83,"key":"SMITH"},{"data":"After Image","floor":91,"key":"SMITH"},{"data":"hubris:Rewind","floor":99,"key":"SMITH"},{"data":"Die Die Die","floor":102,"key":"SMITH"},{"floor":110,"key":"REST"},{"floor":116,"key":"REST"},{"floor":119,"key":"DIG"},{"floor":127,"key":"REST"},{"floor":129,"key":"REST"},{"floor":136,"key":"REST"},{"floor":145,"key":"REST"},{"floor":148,"key":"REST"},{"data":"1","floor":153,"key":"LIFT"}],"circlet_count":0,"master_deck":["Survivor+1","Neutralize+1","Acrobatics+1","hubris:Sniper+1","Accuracy+1","conspire:DoublingDagger+1","Outmaneuver+1","Adrenaline+1","Dagger Spray+1","ReplayTheSpireMod:Echoes of Time+1","Backflip+1","Distraction+1","Die Die Die+1","Dodge and Roll+1","ReplayTheSpireMod:Scrap Shanks+1","conspire:PoisonWeapons+1","Prepared+1","Atom Bomb+1","A Thousand Cuts+1","ReplayTheSpireMod:Black Plague+1","Accuracy+1","hubris:Rewind+1","After Image+1","Blade Dance+1"],"relics":["Ring of the Snake","testmod-TestBox","aspiration:Nostalgia","Burning Blood","testmod-ConstraintPeriapt","Replay:Bottled Flurry","Replay:Grab Bag","Sozu","SlaversCollar","Astrolabe","testmod-DragonStarHat","testmod-DeterminationOfClimber","hubris:Towel","hubris:AncientText","infinitespire:EvilPickle","conspire:RoyalGoblet","Gremlin Horn","HandDrill","Snack Pack","aspiration:VileToxins","ReplayTheSpireMod:Shallot","testmod-Fanaticism","Bag of Preparation","testmod-Maize","Mango","testmod-Charity","infinitespire:ShieldingShard","Darkstone Periapt","conspire:Flyswatter","testmod-SaigiyounoYou","Snake Skull","hubris:Icosahedron","ReplayFunnel","Quantum Egg","testmod-AssaultLearning","Bird Faced Urn","Calipers","InkBottle","Smiling Mask","Bag of Marbles","aspiration:RitualDagger","hubris:SlimyHat","Centennial Puzzle","Red Mask","HollowMod:LifeEnderRelic","testmod-Register","infinitespire:Midas Blood","aspiration:WatcherSkillbook","Happy Flower","Girya","hubris:Metronome","testmod-Acrobat","aspiration:TomeofQuesting"],"acts_visited":["Exordium","TheCity","TheBeyond","Exordium","TheCity","TheBeyond","Exordium","TheCity","TheBeyond"],"potions_floor_usage":[16],"damage_taken":[{"damage":0,"enemies":"Jaw Worm","floor":1,"turns":4},{"damage":0,"enemies":"Small Slimes","floor":2,"turns":3},{"damage":2,"enemies":"2 Louse","floor":3,"turns":3},{"damage":5,"enemies":"Red Slaver","floor":5,"turns":4},{"damage":5,"enemies":"Exordium Thugs","floor":7,"turns":5},{"damage":0,"enemies":"Exordium Wildlife","floor":14,"turns":2},{"damage":6,"enemies":"Fading Forest","floor":16,"turns":11},{"damage":0,"enemies":"Chosen","floor":18,"turns":4},{"damage":0,"enemies":"3 Byrds","floor":20,"turns":2},{"damage":2,"enemies":"Sentry and Sphere","floor":21,"turns":3},{"damage":9,"enemies":"Centurion and Healer","floor":24,"turns":2},{"damage":0,"enemies":"Slavers","floor":27,"turns":1},{"damage":2,"enemies":"Snake Plant","floor":31,"turns":2},{"damage":12,"enemies":"Pondfish","floor":33,"turns":6},{"damage":0,"enemies":"3 Darklings","floor":35,"turns":1},{"damage":0,"enemies":"Orb Walker","floor":38,"turns":2},{"damage":8,"enemies":"Spire Growth","floor":40,"turns":2},{"damage":0,"enemies":"3 Darklings","floor":41,"turns":1},{"damage":32,"enemies":"Nightmare","floor":44,"turns":4},{"damage":8,"enemies":"Transient","floor":47,"turns":3},{"damage":0,"enemies":"Jaw Worm Horde","floor":48,"turns":1},{"damage":0,"enemies":"Replay:Hell Engine","floor":50,"turns":1},{"damage":0,"enemies":"2 Louse","floor":52,"turns":1},{"damage":0,"enemies":"Jaw Worm","floor":55,"turns":1},{"damage":0,"enemies":"3 Sentries","floor":57,"turns":1},{"damage":0,"enemies":"Small Slimes","floor":58,"turns":1},{"damage":0,"enemies":"Looter","floor":59,"turns":1},{"damage":184,"enemies":"Nightmare_Alpha","floor":61,"turns":5},{"damage":0,"enemies":"2 Fungi Beasts","floor":62,"turns":1},{"damage":0,"enemies":"3 Louse","floor":63,"turns":1},{"damage":0,"enemies":"Exordium Thugs","floor":65,"turns":1},{"damage":0,"enemies":"Slime Boss","floor":67,"turns":1},{"damage":0,"enemies":"Spheric Guardian","floor":69,"turns":1},{"damage":0,"enemies":"3 Byrds","floor":71,"turns":1},{"damage":0,"enemies":"Sentry and Sphere","floor":73,"turns":1},{"damage":0,"enemies":"Nightmare","floor":75,"turns":1},{"damage":0,"enemies":"Snake Plant","floor":76,"turns":2},{"damage":0,"enemies":"Slavers","floor":80,"turns":1},{"damage":0,"enemies":"Centurion and Healer","floor":81,"turns":1},{"damage":0,"enemies":"Shelled Parasite and Fungi","floor":82,"turns":1},{"damage":0,"enemies":"Champ","floor":84,"turns":1},{"damage":0,"enemies":"Orb Walker","floor":86,"turns":1},{"damage":0,"enemies":"3 Darklings","floor":88,"turns":1},{"damage":0,"enemies":"Mind Bloom Boss Battle","floor":89,"turns":1},{"damage":0,"enemies":"Spire Growth","floor":90,"turns":1},{"damage":0,"enemies":"Giant Head","floor":94,"turns":2},{"damage":0,"enemies":"Maw","floor":97,"turns":2},{"damage":0,"enemies":"Jaw Worm Horde","floor":100,"turns":1},{"damage":0,"enemies":"Donu and Deca","floor":103,"turns":2},{"damage":0,"enemies":"Small Slimes","floor":105,"turns":1},{"damage":0,"enemies":"2 Louse","floor":106,"turns":1},{"damage":0,"enemies":"Cultist","floor":109,"turns":1},{"damage":0,"enemies":"Gremlin Nob","floor":111,"turns":1},{"damage":0,"enemies":"Gremlin Gang","floor":112,"turns":1},{"damage":0,"enemies":"Large Slime","floor":117,"turns":1},{"damage":0,"enemies":"Exordium Thugs","floor":118,"turns":1},{"damage":4,"enemies":"Fading Forest","floor":120,"turns":3},{"damage":0,"enemies":"2 Thieves","floor":122,"turns":1},{"damage":0,"enemies":"Masked Bandits","floor":123,"turns":1},{"damage":0,"enemies":"Shell Parasite","floor":124,"turns":1},{"damage":0,"enemies":"Chosen and Byrds","floor":125,"turns":2},{"damage":0,"enemies":"Snake Plant","floor":126,"turns":1},{"damage":0,"enemies":"Shelled Parasite and Fungi","floor":128,"turns":1},{"damage":0,"enemies":"3 Cultists","floor":131,"turns":1},{"damage":0,"enemies":"Snake Plant","floor":133,"turns":1},{"damage":0,"enemies":"Collector","floor":137,"turns":2},{"damage":0,"enemies":"Orb Walker","floor":139,"turns":1},{"damage":0,"enemies":"3 Shapes","floor":143,"turns":1},{"damage":0,"enemies":"Reptomancer","floor":144,"turns":2},{"damage":0,"enemies":"conspire:MimicChest","floor":146,"turns":1},{"damage":0,"enemies":"Giant Head","floor":149,"turns":2},{"damage":0,"enemies":"Writhing Mass","floor":150,"turns":1},{"damage":0,"enemies":"4 Shapes","floor":152,"turns":1},{"damage":2,"enemies":"infinitespire:LordOfFortification","floor":154,"turns":3}],"seed_played":"2107291564137159218","potions_obtained":[{"floor":1,"key":"Milkshake"},{"floor":14,"key":"testmod-SpacePotion"},{"floor":16,"key":"Elixir"}],"is_trial":false,"path_per_floor":["M","M","M","$","M","R","M","R","T","?","R","?","R","M","R","B",null,"M","AVR","M","M","?","R","M","?","T","E","$","?","?","M","R_BF","B",null,"M","?","$","M","$","M","M","R","T","NM","R","AVR","M","M","R","B",null,"M","?","?","M","$","E","M","M","T","NM","M","M","R","M","R","B",null,"M","$","M","?","M","R","NM","M","T","?","R","E","M","M","R","B",null,"M","AVR","M","?","M","R","PTL","PTL","E","?","T","M","$","R","M","?","R","B",null,"M","M","?","?","M","R","E","M","T","?","?","R","M","M","R_BF","B",null,"M","?","M","M","M","R","M","R","T","M","$","M","?","AVR","R","B",null,"M","?","$","?","M","E","R","?","T","R","E","M","$","M","R","B"],"character_chosen":"THE_SILENT","items_purchased":["hubris:Sniper+1","Accuracy","Gremlin Horn","Dodge and Roll","ReplayTheSpireMod:Scrap Shanks","HandDrill","testmod-Maize","Mango","testmod-Charity","Snake Skull","Bag of Marbles","testmod-Register","aspiration:TomeofQuesting"],"campfire_rested":7,"item_purchase_floors":[4,4,37,37,39,39,56,56,56,70,98,132,151],"current_hp_per_floor":[70,70,70,70,70,70,70,70,70,70,70,70,70,70,70,70,70,70,70,70,70,70,70,70,70,70,70,70,70,70,70,70,70,70,70,70,70,70,70,70,70,70,70,57,57,57,70,70,70,70,70,70,70,70,70,84,92,99,102,102,117,124,129,129,135,135,144,144,147,147,157,157,163,163,180,187,187,187,187,195,206,211,211,231,231,246,246,255,259,272,272,272,272,284,284,285,297,297,297,305,305,305,317,317,322,331,331,332,340,340,346,353,354,354,354,354,362,369,369,385,385,393,400,408,415,423,423,432,432,432,441,441,450,450,450,450,460,460,467,467,467,467,472,479,479,488,488,488,499,513,513,528,528,553,553],"gold":860,"neow_bonus":"NOSTALGIA","is_daily":false,"chose_seed":false,"campfire_upgraded":17,"win_rate":0.0,"timestamp":1612421288,"path_taken":["M","M","M","$","M","R","M","R","T","?","R","?","R","M","R","BOSS","M","AVR","M","M","?","R","M","?","T","E","$","?","?","M","R_BF","BOSS","M","?","?","M","$","M","M","R","T","NM","R","AVR","M","M","R","BOSS","M","?","?","M","$","E","M","M","T","NM","M","?","R","M","R","BOSS","M","$","M","?","M","R","NM","M","T","?","R","E","M","M","R","BOSS","M","AVR","M","?","M","R","PTL","PTL","E","?","T","M","?","R","M","?","R","BOSS","M","M","?","?","M","R","E","M","T","?","?","R","M","M","R_BF","BOSS","M","?","M","M","M","R","M","R","T","M","$","M","?","AVR","R","BOSS","M","?","$","?","M","E","R","?","T","R","E","M","$","M","R","BOSS"],"items_purchased_type":["Card","Card","Relic","Card","Card","Relic","Relic","Relic","Relic","Relic","Relic","Relic","Relic"],"build_version":"2020-12-22","purchased_purges":8,"victory":false,"max_hp_per_floor":[70,70,70,70,70,70,70,70,70,70,70,70,70,70,70,70,70,70,70,70,70,70,70,70,70,70,70,70,70,70,70,70,70,70,70,70,70,70,70,70,70,70,70,70,70,70,70,70,70,70,70,70,70,70,70,84,92,99,102,102,117,124,129,129,135,135,144,144,147,147,157,157,163,163,180,187,187,187,187,195,206,211,211,231,231,246,246,255,259,272,272,272,272,284,284,285,297,297,297,305,305,305,317,317,322,331,331,332,340,340,346,353,354,354,354,354,362,369,369,385,385,393,400,408,415,423,423,432,432,432,441,441,450,450,450,450,460,460,467,467,467,467,472,479,479,488,488,488,499,513,513,528,528,555,555],"card_choices":[{"not_picked":["Bane","Deflect"],"picked":"Acrobatics","floor":1},{"not_picked":["PiercingWail","ReplayTheSpireMod:Exploit Weakness","ReplayTheSpireMod:Speed Training"],"picked":"SKIP","floor":2},{"not_picked":["Endless Agony","Deflect","Cloak And Dagger"],"picked":"SKIP","floor":3},{"not_picked":["Predator","Endless Agony","Slice"],"picked":"SKIP","floor":5},{"not_picked":["Outmaneuver","Endless Agony"],"picked":"conspire:DoublingDagger","floor":7},{"not_picked":["Envenom","Deflect"],"picked":"Outmaneuver","floor":14},{"not_picked":["ReplayTheSpireMod:Necrosis","Venomology"],"picked":"Adrenaline","floor":16},{"not_picked":["ReplayTheSpireMod:The Works+1","Riddle With Holes","Deflect"],"picked":"SKIP","floor":18},{"not_picked":["Flying Knee","Dodge and Roll"],"picked":"Backflip","floor":20},{"not_picked":["Deadly Poison","Flying Knee","Outmaneuver"],"picked":"SKIP","floor":21},{"not_picked":["PiercingWail","Bane"],"picked":"Distraction+1","floor":24},{"not_picked":["hubris:Sniper","Bouncing Flask","Catalyst"],"picked":"SKIP","floor":27},{"not_picked":["Outmaneuver+1","Deadly Poison","Setup"],"picked":"SKIP","floor":31},{"not_picked":["Atom Bomb","Grand Finale"],"picked":"Die Die Die","floor":33},{"not_picked":["Noxious Fumes","Heel Hook","Bane"],"picked":"SKIP","floor":35},{"not_picked":["Underhanded Strike","Dagger Spray+1","Unload"],"picked":"SKIP","floor":38},{"not_picked":["Backflip","Bane+1"],"picked":"conspire:PoisonWeapons+1","floor":40},{"not_picked":["Quick Slash+1","Outmaneuver"],"picked":"Prepared+1","floor":41},{"not_picked":["Dodge and Roll+1","Cloak And Dagger+1"],"picked":"Atom Bomb","floor":44},{"not_picked":["Dodge and Roll+1","Slice+1","Dagger Throw+1"],"picked":"SKIP","floor":47},{"not_picked":["Outmaneuver","Backflip","Endless Agony"],"picked":"SKIP","floor":48},{"not_picked":["Finisher","Slice","Predator"],"picked":"SKIP","floor":52},{"not_picked":["Sucker Punch","Outmaneuver","Deflect"],"picked":"SKIP","floor":55},{"not_picked":["Sucker Punch","Outmaneuver","Deflect"],"picked":"SKIP","floor":55},{"not_picked":["Hidden Blade","hubris:SlightOfHand","Footwork"],"picked":"SKIP","floor":57},{"not_picked":["All Out Attack","Underhanded Strike","Dodge and Roll"],"picked":"SKIP","floor":58},{"not_picked":["Underhanded Strike","Flying Knee","Poisoned Stab"],"picked":"SKIP","floor":59},{"not_picked":["Underhanded Strike","Flying Knee","Poisoned Stab"],"picked":"SKIP","floor":59},{"not_picked":["ReplayTheSpireMod:The Works","Cloak And Dagger"],"picked":"ReplayTheSpireMod:From All Sides","floor":61},{"not_picked":["Backflip","Toxin Wave","Deadly Poison"],"picked":"SKIP","floor":62},{"not_picked":["ReplayTheSpireMod:Speed Training","Predator","Blade Dance"],"picked":"SKIP","floor":63},{"not_picked":["Acrobatics","Footwork","Slice"],"picked":"SKIP","floor":65},{"not_picked":["Slice","Dodge and Roll+1","Quick Slash"],"picked":"SKIP","floor":69},{"not_picked":["Tactician","hubris:SlightOfHand+1","Bane"],"picked":"SKIP","floor":71},{"not_picked":["PiercingWail+1","Infinite Blades","Quick Slash"],"picked":"SKIP","floor":73},{"not_picked":["ReplayTheSpireMod:Chaos Vortex","infinitespire:Execution"],"picked":"ReplayTheSpireMod:Black Plague","floor":75},{"not_picked":["hubris:SlightOfHand+1","Underhanded Strike","Footwork"],"picked":"SKIP","floor":75},{"not_picked":["Endless Agony","Underhanded Strike+1","Masterful Stab"],"picked":"SKIP","floor":76},{"not_picked":["PiercingWail","Crippling Poison","Heel Hook"],"picked":"SKIP","floor":80},{"not_picked":["Infinite Blades","Acrobatics"],"picked":"Accuracy+1","floor":81},{"not_picked":["Venomology","Infinite Blades","conspire:DoublingDagger"],"picked":"SKIP","floor":82},{"not_picked":["ReplayTheSpireMod:Chaos Vortex","ReplayTheSpireMod:??????????????????????"],"picked":"hubris:Rewind","floor":84},{"not_picked":["Slice","Flying Knee","Escape Plan+1"],"picked":"SKIP","floor":86},{"not_picked":["Dodge and Roll","ReplayTheSpireMod:Scrap Shanks"],"picked":"After Image","floor":88},{"not_picked":["Quick Slash+1","Leg Sweep+1","Bane+1"],"picked":"SKIP","floor":90},{"not_picked":["Skewer","hubris:SlightOfHand+1","conspire:DoublingDagger+1"],"picked":"SKIP","floor":94},{"not_picked":["Blade Dance","Dodge and Roll+1","Choke+1"],"picked":"SKIP","floor":97},{"not_picked":["Deflect+1","Toxin Wave","Blur+1"],"picked":"SKIP","floor":100},{"not_picked":["hubris:SlightOfHand","Dash","Prepared"],"picked":"SKIP","floor":105},{"not_picked":["hubris:SlightOfHand","Slice","Acrobatics"],"picked":"SKIP","floor":106},{"not_picked":["Quick Slash","Prepared","Well Laid Plans"],"picked":"SKIP","floor":109},{"not_picked":["Deflect","Dagger Throw","Underhanded Strike"],"picked":"SKIP","floor":111},{"not_picked":["Sucker Punch","Flying Knee","Blade Dance"],"picked":"SKIP","floor":112},{"not_picked":["Blade Dance","ReplayTheSpireMod:Exploit Weakness","Poisoned Stab"],"picked":"SKIP","floor":117},{"not_picked":["Escape Plan","Dagger Spray","Prepared"],"picked":"SKIP","floor":118},{"not_picked":["Hidden Blade","Sneak Up","Underhanded Strike"],"picked":"SKIP","floor":122},{"not_picked":["Cloak And Dagger+1","PiercingWail+1","Slice"],"picked":"SKIP","floor":124},{"not_picked":["Dodge and Roll+1","Infinite Blades","Underhanded Strike+1"],"picked":"SKIP","floor":125},{"not_picked":["Prepared+1","Sneak Up","Flying Knee"],"picked":"SKIP","floor":126},{"not_picked":["ReplayTheSpireMod:Speed Training","ReplayTheSpireMod:Tripwire","Dodge and Roll"],"picked":"SKIP","floor":128},{"not_picked":["Outmaneuver","Bane"],"picked":"Backflip","floor":131},{"not_picked":["PiercingWail","Slice","Cloak And Dagger"],"picked":"SKIP","floor":133},{"not_picked":["Protect","BowlingBash+1","Dagger Spray+1","CutThroughFate"],"picked":"SKIP","floor":139},{"not_picked":["CrushJoints","ReplayTheSpireMod:The Works+1","Conclude"],"picked":"Blade Dance+1","floor":143},{"not_picked":["CrushJoints+1","EmptyBody+1","hubris:SlightOfHand+1","MentalFortress"],"picked":"SKIP","floor":144},{"not_picked":["EmptyBody+1","aspiration:Lunge","ConjureBlade","infinitespire:Neurotoxin"],"picked":"SKIP","floor":149},{"not_picked":["Backflip+1","FlyingSleeves","Prostrate","SashWhip+1"],"picked":"SKIP","floor":150},{"not_picked":["Setup","Dagger Throw+1","ReachHeaven","Acrobatics+1"],"picked":"SKIP","floor":152}],"player_experience":481923,"relics_obtained":[{"floor":9,"key":"Shovel"},{"floor":27,"key":"hubris:AncientText"},{"floor":43,"key":"Snack Pack"},{"floor":44,"key":"aspiration:VileToxins"},{"floor":57,"key":"infinitespire:ShieldingShard"},{"floor":60,"key":"Darkstone Periapt"},{"floor":61,"key":"conspire:Flyswatter"},{"floor":75,"key":"ReplayFunnel"},{"floor":77,"key":"Quantum Egg"},{"floor":80,"key":"testmod-AssaultLearning"},{"floor":89,"key":"Calipers"},{"floor":94,"key":"InkBottle"},{"floor":96,"key":"Smiling Mask"},{"floor":111,"key":"hubris:SlimyHat"},{"floor":113,"key":"Centennial Puzzle"},{"floor":123,"key":"Red Mask"},{"floor":130,"key":"HollowMod:LifeEnderRelic"},{"floor":144,"key":"Happy Flower"},{"floor":146,"key":"Girya"},{"floor":147,"key":"hubris:Metronome"},{"floor":149,"key":"testmod-Acrobat"}],"event_choices":[{"damage_healed":0,"gold_gain":175,"player_choice":"AGREE","damage_taken":0,"max_hp_gain":0,"max_hp_loss":0,"event_name":"Liars Game","floor":10,"gold_loss":0,"cards_obtained":["Doubt"]},{"damage_healed":0,"gold_gain":0,"player_choice":"Swap Relic","damage_taken":0,"relics_obtained":["Replay:Bottled Flurry"],"max_hp_gain":0,"max_hp_loss":0,"event_name":"给自己的盒子","floor":12,"relics_lost":["Shovel"],"gold_loss":0},{"cards_removed":["Defend_G"],"damage_healed":0,"gold_gain":0,"player_choice":"Elegance","damage_taken":0,"max_hp_gain":0,"max_hp_loss":0,"event_name":"Back to Basics","floor":22,"gold_loss":0},{"damage_healed":0,"gold_gain":99,"player_choice":"Stole From Cult","damage_taken":0,"max_hp_gain":0,"max_hp_loss":0,"event_name":"Nest","floor":29,"gold_loss":0},{"cards_removed":["Defend_G"],"damage_healed":0,"gold_gain":0,"player_choice":"Took Card","damage_taken":0,"max_hp_gain":0,"max_hp_loss":0,"event_name":"NoteForYourself","floor":30,"gold_loss":0,"cards_obtained":["Doubt"]},{"damage_healed":0,"gold_gain":300,"player_choice":"Gold","damage_taken":0,"max_hp_gain":0,"max_hp_loss":0,"event_name":"Wheel of Change","floor":36,"gold_loss":0},{"damage_healed":0,"gold_gain":0,"player_choice":"Box","damage_taken":0,"relics_obtained":["Bag of Preparation"],"max_hp_gain":0,"max_hp_loss":0,"event_name":"Big Fish","floor":53,"gold_loss":0,"cards_obtained":["Regret"]},{"damage_healed":0,"gold_gain":0,"cards_transformed":["Bullet Time"],"player_choice":"Transformed","damage_taken":0,"max_hp_gain":0,"max_hp_loss":0,"event_name":"Transmorgrifier","floor":54,"gold_loss":0,"cards_obtained":["A Thousand Cuts"]},{"cards_removed":["Defend_G"],"damage_healed":0,"gold_gain":0,"player_choice":"Elegance","damage_taken":0,"max_hp_gain":0,"max_hp_loss":0,"event_name":"Back to Basics","floor":78,"gold_loss":0},{"damage_healed":0,"gold_gain":0,"player_choice":"Fight","damage_taken":0,"max_hp_gain":0,"max_hp_loss":0,"event_name":"MindBloom","floor":89,"gold_loss":0},{"damage_healed":0,"gold_gain":0,"player_choice":"Memory 1","damage_taken":0,"max_hp_gain":0,"max_hp_loss":0,"event_name":"SensoryStone","floor":95,"gold_loss":0},{"cards_removed":["Doubt"],"damage_healed":0,"gold_gain":0,"player_choice":"Forget","damage_taken":0,"max_hp_gain":0,"max_hp_loss":0,"event_name":"Living Wall","floor":107,"gold_loss":0},{"damage_healed":0,"gold_gain":62,"player_choice":"Gained Gold","damage_taken":0,"max_hp_gain":0,"max_hp_loss":0,"event_name":"Golden Wing","floor":108,"gold_loss":0},{"damage_healed":0,"gold_gain":0,"player_choice":"Disagree","damage_taken":0,"max_hp_gain":0,"max_hp_loss":0,"event_name":"conspire:LoneGhost","floor":114,"gold_loss":0},{"damage_healed":0,"gold_gain":0,"player_choice":"Ignored","damage_taken":0,"max_hp_gain":0,"max_hp_loss":0,"event_name":"Shining Light","floor":115,"gold_loss":0},{"damage_healed":0,"gold_gain":0,"player_choice":"Fought Bandits","damage_taken":0,"max_hp_gain":0,"max_hp_loss":0,"event_name":"Masked Bandits","floor":123,"gold_loss":0},{"cards_removed":["Backflip"],"damage_healed":0,"gold_gain":0,"player_choice":"Elegance","damage_taken":0,"max_hp_gain":0,"max_hp_loss":0,"event_name":"Back to Basics","floor":134,"gold_loss":0},{"damage_healed":0,"gold_gain":0,"player_choice":"Memory 1","damage_taken":0,"max_hp_gain":0,"max_hp_loss":0,"event_name":"SensoryStone","floor":142,"gold_loss":0}],"is_beta":false,"boss_relics":[{"not_picked":["Snecko Scales","Coffee Dripper"],"picked":"Replay:Grab Bag"},{"not_picked":["Fusion Hammer","Velvet Choker"],"picked":"Sozu"},{"not_picked":["infinitespire:Cupcake","Busted Crown"],"picked":"SlaversCollar"},{"not_picked":["testmod-PortableAltar","Honey Jar"],"picked":"Astrolabe"},{"not_picked":["SacredBark","hubris:RunicObelisk"],"picked":"conspire:RoyalGoblet"},{"not_picked":["hubris:TerracottaHorce","testmod-KeyOfTheVoid"],"picked":"testmod-Fanaticism"},{"not_picked":["aspiration:RunicSpoon","testmod-Prudence"],"picked":"testmod-SaigiyounoYou"},{"not_picked":["conspire:SlowCooker","testmod-Temperance","conspire:RunicOctahedron"]},{"not_picked":["hubris:CrackedHourglass","Replay:Ancient Bell"],"picked":"aspiration:RitualDagger"},{"not_picked":["hubris:Stopwatch","testmod-NegativeEmotionEnhancer","SacredBark"]},{"not_picked":["aspiration:DefectSkillbook","conspire:SeveredTorchhead"],"picked":"aspiration:WatcherSkillbook"}],"items_purged_floors":[19,28,37,39,56,98,132,141],"is_endless":true,"potions_floor_spawned":[1,14,16,18,27,33,35,41,44,47,52,55,58,63,65,71,76,81,89,97,100,103,105,106,117,123,126,131,133,139,143,146,152],"killed_by":"infinitespire:LordOfFortification","ascension_level":0}}