{"host":"ipy8buq3e4d47khg","time":1612416959,"event":{"mods":["BaseMod","Colored Map","Colored Powertips","Minty Spire (QoL Compilation)","Quick Restart","Replay The Spire","Shop Mod","StSLib"],"gold_per_floor":[118,129,129,141,158,185,185,216,216,250,265,294,294,319,319,423,423,437,492,591,605,63,63,143,171,249,249,249],"floor_reached":27,"language":"ENG","playtime":4743,"items_purged":[],"score":344,"play_id":"085e3a57-59db-42c5-ad4a-984a8beb0b95","local_time":"20210203213559","is_ascension_mode":false,"campfire_choices":[{"floor":7.0,"key":"REST"},{"floor":13.0,"key":"REST"},{"floor":15.0,"key":"REST"},{"floor":23.0,"key":"REST"}],"circlet_count":1,"master_deck":["Strike_P","Strike_P","Strike_P","Strike_P","Defend_P","Defend_P","Defend_P","Defend_P","Eruption","Vigilance","Adaptation","Worship","BowlingBash","Halt","ReachHeaven","Replay:Anticipation","Alpha","Study","BattleHymn","SandsOfTime+1","LessonLearned","Worship","Secret Weapon","Collect+1"],"relics":["Snecko Eye","ReplayTheSpireMod:TigerMarble","WingedGreaves","Incense Burner","Peace Pipe","Ginger","Bottled Tornado","Velvet Choker","Pet Ghost","Circlet","Divine Protection","Shovel","Replay:Ringing Soul"],"acts_visited":["Exordium","TheCity"],"potions_floor_usage":[25,27],"damage_taken":[{"damage":3.0,"enemies":"2 Louse","floor":1.0,"turns":3.0},{"damage":0.0,"enemies":"Cultist","floor":2.0,"turns":3.0},{"damage":0.0,"enemies":"Jaw Worm","floor":4.0,"turns":4.0},{"damage":12.0,"enemies":"Blue Slaver","floor":5.0,"turns":3.0},{"damage":11.0,"enemies":"3 Sentries","floor":6.0,"turns":6.0},{"damage":0.0,"enemies":"Lagavulin","floor":8.0,"turns":3.0},{"damage":16.0,"enemies":"Gremlin Nob","floor":10.0,"turns":3.0},{"damage":19.0,"enemies":"3 Louse","floor":11.0,"turns":5.0},{"damage":8.0,"enemies":"3 Sentries","floor":12.0,"turns":5.0},{"damage":18.0,"enemies":"Lagavulin","floor":14.0,"turns":5.0},{"damage":0.0,"enemies":"Slime Boss","floor":16.0,"turns":5.0},{"damage":7.0,"enemies":"2 Thieves","floor":18.0,"turns":3.0},{"damage":6.0,"enemies":"3 Byrds","floor":21.0,"turns":4.0},{"damage":17,"enemies":"Slavers","floor":25,"turns":5},{"damage":56,"enemies":"Gremlin Leader","floor":27,"turns":4}],"seed_played":"2830307294183106847","potions_obtained":[{"floor":4.0,"key":"PowerPotion"},{"floor":11.0,"key":"PowerPotion"},{"floor":14.0,"key":"Ancient Potion"},{"floor":18.0,"key":"Swift Potion"},{"floor":19.0,"key":"Death Potion"},{"floor":21.0,"key":"BottledMiracle"}],"is_trial":false,"path_per_floor":["M","M","?","M","M","E","R","E","T","E","M","E","R","E","R","B",null,"M","?","?","M","$","R","T","E","T","E"],"character_chosen":"WATCHER","items_purchased":["Dead Branch","Secret Weapon","Collect+1"],"campfire_rested":4,"item_purchase_floors":[22,22,22],"current_hp_per_floor":[69,69,72,72,60,49,70,70,70,54,35,27,48,30,51,51,72,65,37,37,31,31,52,52,35,35,0,0],"gold":249,"neow_bonus":"BOSS_RELIC","is_daily":false,"chose_seed":false,"campfire_upgraded":0,"win_rate":0.0,"timestamp":1612416959,"path_taken":["M","M","?","M","M","E","R","E","T","E","M","E","R","E","R","BOSS","M","?","?","M","$","R","?","E","T","E"],"items_purchased_type":["Relic","Card","Card"],"build_version":"2020-12-22","purchased_purges":0,"victory":false,"max_hp_per_floor":[72,72,72,72,72,72,72,72,72,72,72,72,72,72,72,72,72,72,72,72,72,72,72,72,72,72,72,72],"card_choices":[{"not_picked":["Protect","CarveReality"],"picked":"Adaptation","floor":1.0},{"not_picked":["SashWhip","Evaluate"],"picked":"Worship","floor":2.0},{"not_picked":["EmptyMind","SashWhip"],"picked":"BowlingBash","floor":4.0},{"not_picked":["ClearTheMind","DeceiveReality"],"picked":"Halt","floor":5.0},{"not_picked":["JustLucky","EmptyMind"],"picked":"ReachHeaven","floor":6.0},{"not_picked":["EmptyFist","Tantrum"],"picked":"Replay:Anticipation","floor":8.0},{"not_picked":["Perseverance","Consecrate"],"picked":"Alpha","floor":10.0},{"not_picked":["SashWhip","CutThroughFate"],"picked":"Study","floor":11.0},{"not_picked":["MentalFortress","Perseverance"],"picked":"BattleHymn","floor":12.0},{"not_picked":["Replay:AllIn","Halt"],"picked":"SandsOfTime","floor":14.0},{"not_picked":["Replay:AllIn","Blasphemy"],"picked":"LessonLearned","floor":16.0},{"not_picked":["Prostrate","TalkToTheHand","EmptyBody"],"picked":"SKIP","floor":18.0},{"not_picked":["SashWhip","EmptyBody+1"],"picked":"Worship","floor":21.0},{"not_picked":["SignatureMove+1","Vengeance","FlurryOfBlows"],"picked":"SKIP","floor":25}],"player_experience":222876,"relics_obtained":[{"floor":6.0,"key":"ReplayTheSpireMod:TigerMarble"},{"floor":8.0,"key":"WingedGreaves"},{"floor":9.0,"key":"Incense Burner"},{"floor":10.0,"key":"Peace Pipe"},{"floor":12.0,"key":"Ginger"},{"floor":14.0,"key":"Bottled Tornado"},{"floor":19.0,"key":"Pet Ghost"},{"floor":24.0,"key":"Divine Protection"},{"floor":25,"key":"Shovel"},{"floor":26,"key":"Replay:Ringing Soul"}],"event_choices":[{"damage_healed":3.0,"max_hp_gain":0.0,"max_hp_loss":0.0,"gold_gain":0.0,"event_name":"Wheel of Change","player_choice":"Full Heal","floor":3.0,"gold_loss":0.0,"damage_taken":0.0},{"damage_healed":0.0,"max_hp_gain":0.0,"max_hp_loss":0.0,"gold_gain":99.0,"event_name":"Nest","player_choice":"Stole From Cult","floor":20.0,"gold_loss":0.0,"damage_taken":0.0}],"is_beta":false,"boss_relics":[{"not_picked":["Astrolabe","Runic Pyramid"],"picked":"Velvet Choker"}],"items_purged_floors":[],"is_endless":false,"potions_floor_spawned":[4,11,14,18,21],"killed_by":"Gremlin Leader","ascension_level":0}}