{"host":"n9lc5i44t98l6pio","time":1612476496,"event":{"mods":["BaseMod","Curses Come First","Downfall","Minty Spire (QoL Compilation)","Replay The Spire","Say the Spire","StSLib"],"gold_per_floor":[0,16,16,1,18,31,31,206,206,237,37,22,22,40,58,160,160,60,78,88,98,98,110,136,121,141,158,158,258,278,298,298,298,298],"floor_reached":32,"language":"ENG","playtime":2445,"items_purged":[],"score":396,"play_id":"cd8d9fb1-f29d-43f7-b818-50c9356c8fcc","local_time":"20210204230816","is_ascension_mode":false,"campfire_choices":[{"floor":11.0,"key":"RECALL"},{"floor":13.0,"key":"REST"},{"floor":28.0,"key":"REST"}],"circlet_count":0,"master_deck":["hexamod:Strike","hexamod:Strike","hexamod:Strike","hexamod:Strike","hexamod:Defend","hexamod:Defend","hexamod:Defend","hexamod:Defend","hexamod:Sear","hexamod:Float","The Bomb","The Bomb","hexamod:Sear","downfall:Icky","hexamod:Firestarter","hexamod:FastForward","hexamod:BurningTouch","hexamod:FlamesFromBeyond","Doubt","hexamod:ParanormalForm","hexamod:NightmareGuise","hexamod:FastForward","hexamod:Hexaguard","hexamod:SearingWound","hexamod:NightmareGuise","hexamod:ThermalTransfer","hexamod:HauntingEcho","hexamod:FastForward+1","hexamod:TurnItUp","hexamod:Firestarter+1","Spreading Infection","hexamod:SearingWound","ReplayTheSpireMod:Doomed","Replay:Hysterical Blindness","hexamod:AdvancingGuard","hexamod:InspiringFlames"],"relics":["hexamod:SpiritBrand","Happy Flower","Smiling Mask","downfall:HeartBlessingBlue","downfall:HeartBlessingGreen","ChewingGum","downfall:HeartBlessingRed","Regal Pillow","downfall:ExtraCursedKey"],"acts_visited":["Exordium","TheCity"],"potions_floor_usage":[31],"damage_taken":[{"damage":0.0,"enemies":"Cultist","floor":2.0,"turns":3.0},{"damage":0.0,"enemies":"downfall:FleeingMerchant","floor":4.0,"turns":4.0},{"damage":6.0,"enemies":"Jaw Worm","floor":5.0,"turns":3.0},{"damage":7.0,"enemies":"2 Louse","floor":6.0,"turns":2.0},{"damage":14.0,"enemies":"Gremlin Nob","floor":10.0,"turns":3.0},{"damage":10.0,"enemies":"downfall:FleeingMerchant","floor":12.0,"turns":4.0},{"damage":2.0,"enemies":"Gremlin Gang","floor":14.0,"turns":3.0},{"damage":4.0,"enemies":"Exordium Wildlife","floor":15.0,"turns":3.0},{"damage":7.0,"enemies":"SI_SHIV_ARCHETYPE","floor":16.0,"turns":9.0},{"damage":15.0,"enemies":"3 Byrds","floor":19.0,"turns":5.0},{"damage":0.0,"enemies":"Chosen","floor":20.0,"turns":4.0},{"damage":15.0,"enemies":"Snecko","floor":21.0,"turns":6.0},{"damage":15.0,"enemies":"Chosen and Byrds","floor":23.0,"turns":3.0},{"damage":0.0,"enemies":"downfall:FleeingMerchant","floor":25.0,"turns":4.0},{"damage":1.0,"enemies":"3 Cultists","floor":26.0,"turns":5.0},{"damage":32.0,"enemies":"Shelled Parasite and Fungi","floor":27.0,"turns":6.0},{"damage":28,"enemies":"Centurion and Healer","floor":30,"turns":6},{"damage":0,"enemies":"Snake Plant","floor":31,"turns":4},{"damage":18,"enemies":"3 Cultists","floor":32,"turns":2}],"seed_played":"-3854940630404926170","potions_obtained":[{"floor":2.0,"key":"Strength Potion"},{"floor":9.0,"key":"BlessingOfTheForge"},{"floor":9.0,"key":"Cursed Concoction"},{"floor":10.0,"key":"GamblersBrew"},{"floor":14.0,"key":"AttackPotion"},{"floor":21.0,"key":"EntropicBrew"}],"is_trial":false,"path_per_floor":["R","M","?","$","M","M","T","?","?","E","R","$","R","M","M","B",null,"R","M","M","M","?","M","T","$","M","M","R","?","M","M","M"],"character_chosen":"THE_SPIRIT","items_purchased":[],"campfire_rested":2,"item_purchase_floors":[],"current_hp_per_floor":[70,70,67,67,61,54,54,54,54,40,50,40,64,62,58,51,80,80,65,65,50,50,35,35,35,34,2,41,46,18,18,0,0,0],"gold":298,"neow_bonus":"RANDOM_COLORLESS_2","is_daily":false,"chose_seed":false,"campfire_upgraded":0,"win_rate":0.0,"timestamp":1612476496,"path_taken":["R","M","?","$","M","M","T","?","?","E","R","$","R","M","M","BOSS","R","M","M","M","?","M","T","$","M","M","R","?","M","M","M"],"items_purchased_type":[],"build_version":"2020-12-22","purchased_purges":0,"victory":false,"max_hp_per_floor":[70,70,70,70,70,70,70,70,70,70,80,80,80,80,80,80,80,80,80,80,80,80,80,80,80,80,80,80,85,85,85,85,85,85],"card_choices":[{"not_picked":["Secret Technique","Master of Strategy"],"picked":"The Bomb","floor":0.0},{"not_picked":["hexamod:SuperheatedStrike","hexamod:FastForward"],"picked":"hexamod:Firestarter","floor":2.0},{"not_picked":["hexamod:GhostShield","hexamod:CatchUp"],"picked":"hexamod:FastForward","floor":4.0},{"not_picked":["hexamod:BacktrackSmack","hexamod:CatchUp"],"picked":"hexamod:BurningTouch","floor":5.0},{"not_picked":["hexamod:EmpoweredFlame","hexamod:InspiringFlames"],"picked":"hexamod:FlamesFromBeyond","floor":6.0},{"not_picked":["hexamod:HeatMetal","hexamod:SpectralSpark"],"picked":"hexamod:ParanormalForm","floor":10.0},{"not_picked":["hexamod:InspiringFlames","hexamod:HauntingEcho"],"picked":"hexamod:NightmareGuise","floor":12.0},{"not_picked":["hexamod:NightmareStrike","hexamod:StepThrough"],"picked":"hexamod:FastForward","floor":14.0},{"not_picked":["hexamod:RetreatToShadows","hexamod:SwordOfDarkness"],"picked":"hexamod:Hexaguard","floor":15.0},{"not_picked":["hexamod:UnlimitedPower","hexamod:VolcanoVisage"],"picked":"hexamod:SearingWound","floor":16.0},{"not_picked":["hexamod:DynamicBlow","hexamod:Rewind"],"picked":"hexamod:NightmareGuise","floor":19.0},{"not_picked":["hexamod:NightmareStrike","hexamod:NightmareGuise"],"picked":"hexamod:ThermalTransfer","floor":20.0},{"not_picked":["hexamod:NightmareStrike+1","hexamod:SpectersWail"],"picked":"hexamod:HauntingEcho","floor":21.0},{"not_picked":["hexamod:RadiantFlame","hexamod:ShieldOfDarkness"],"picked":"hexamod:FastForward+1","floor":23.0},{"not_picked":["hexamod:NightmareStrike","hexamod:SwordOfDarkness+1"],"picked":"hexamod:TurnItUp","floor":25.0},{"not_picked":["hexamod:NightmareStrike","hexamod:BacktrackSmack"],"picked":"hexamod:Firestarter+1","floor":26.0},{"not_picked":["hexamod:EtherealExpedition","hexamod:Again","hexamod:Haunt+1"],"picked":"SKIP","floor":27.0},{"not_picked":["hexamod:StepThrough","hexamod:SpectralSpark"],"picked":"hexamod:AdvancingGuard","floor":30},{"not_picked":["hexamod:BurningTouch","hexamod:SwordOfDarkness+1"],"picked":"hexamod:InspiringFlames","floor":31}],"player_experience":242513,"relics_obtained":[{"floor":10.0,"key":"Smiling Mask"},{"floor":24.0,"key":"Regal Pillow"}],"event_choices":[{"damage_healed":0.0,"max_hp_gain":0.0,"max_hp_loss":0.0,"gold_gain":0.0,"event_name":"Scrap Ooze","player_choice":"Success","floor":3.0,"gold_loss":0.0,"damage_taken":3.0,"relics_obtained":["Happy Flower"]},{"damage_healed":0.0,"max_hp_gain":0.0,"max_hp_loss":0.0,"gold_gain":0.0,"event_name":"Lab","player_choice":"Got Potions","floor":9.0,"gold_loss":0.0,"damage_taken":0.0}],"is_beta":false,"boss_relics":[{"not_picked":["Painkiller Herb","Runic Dome"],"picked":"ChewingGum"}],"items_purged_floors":[],"is_endless":false,"potions_floor_spawned":[2,10,14,21,26,30],"killed_by":"3 Cultists","ascension_level":0}}