{"host":"sav7uxregyirlf69","time":1612446625,"event":{"mods":["AchievementEnabler","BaseMod","Colored Map","DeckTracker","Keyboard Shortcuts","Minty Spire (QoL Compilation)","READ ME - Guardian Mod","StSLib","SuperFastMode"],"gold_per_floor":[19,37,52,52,52,52,77,93,93,18,18,18,28,45,45,124,124,138,188,208,20,33,33,53,53,80,80,80,80,80,80],"floor_reached":30,"language":"KOR","playtime":533,"items_purged":["Defend_G","Strike_G"],"score":460,"play_id":"8b7a654d-7578-4f4c-b178-d4185430fd14","local_time":"20210204225025","is_ascension_mode":true,"campfire_choices":[{"data":"Deadly Poison","floor":6,"key":"SMITH"},{"data":"Finisher","floor":11,"key":"SMITH"},{"data":"Blade Dance","floor":15,"key":"SMITH"},{"floor":23,"key":"REST"},{"floor":25,"key":"REST"},{"data":"Reflex","floor":27,"key":"SMITH"}],"circlet_count":0,"master_deck":["AscendersBane","Strike_G","Strike_G","Strike_G","Defend_G","Defend_G","Defend_G","Defend_G","Survivor","Neutralize","Deadly Poison+1","Backstab","Flying Knee","Blade Dance+1","After Image","Finisher+1","Prepared","Adrenaline","Backflip","Acrobatics","Well Laid Plans","Reflex+1","Footwork"],"relics":["Ring of the Snake","Tingsha","Singing Bowl","StrikeDummy","HoveringKite","Blood Vial"],"acts_visited":["Exordium","TheCity"],"potions_floor_usage":[7,30],"damage_taken":[{"damage":1,"enemies":"Small Slimes","floor":1,"turns":3},{"damage":4,"enemies":"2 Louse","floor":2,"turns":3},{"damage":7,"enemies":"Cultist","floor":3,"turns":4},{"damage":7,"enemies":"3 Sentries","floor":7,"turns":8},{"damage":2,"enemies":"Red Slaver","floor":8,"turns":4},{"damage":0,"enemies":"Large Slime","floor":13,"turns":5},{"damage":5,"enemies":"Gremlin Gang","floor":14,"turns":4},{"damage":31,"enemies":"The Guardian","floor":16,"turns":10},{"damage":6,"enemies":"Spheric Guardian","floor":18,"turns":3},{"damage":17,"enemies":"2 Thieves","floor":20,"turns":3},{"damage":25,"enemies":"Centurion and Healer","floor":22,"turns":7},{"damage":10,"enemies":"Snecko","floor":24,"turns":5},{"damage":50,"enemies":"Cultist and Chosen","floor":30,"turns":7}],"seed_played":"-1295112862286394610","potions_obtained":[{"floor":1,"key":"Energy Potion"},{"floor":2,"key":"DistilledChaos"},{"floor":7,"key":"SmokeBomb"},{"floor":20,"key":"PowerPotion"}],"is_trial":false,"path_per_floor":["M","M","M","?","?","R","E","M","T","$","R","$","M","M","R","B",null,"M","?","M","$","M","R","M","R","T","R","$","?","M"],"character_chosen":"THE_SILENT","items_purchased":["Well Laid Plans"],"campfire_rested":2,"item_purchase_floors":[21],"current_hp_per_floor":[58,54,47,47,47,47,40,38,38,38,38,38,40,35,35,4,52,46,46,29,29,4,24,16,37,37,37,37,37,0,0],"gold":80,"neow_bonus":"ONE_RARE_RELIC","is_daily":false,"chose_seed":false,"campfire_upgraded":4,"win_rate":0.0,"timestamp":1612446625,"path_taken":["M","M","M","?","?","R","E","?","T","?","R","$","M","M","R","BOSS","M","?","M","$","?","R","?","R","T","R","?","?","M"],"items_purchased_type":["Card"],"build_version":"2020-12-22","purchased_purges":2,"victory":false,"max_hp_per_floor":[66,66,66,66,66,66,66,66,66,66,66,66,68,68,68,68,68,68,68,68,68,68,68,70,70,70,70,70,70,70,70],"card_choices":[{"not_picked":["Distraction","Slice"],"picked":"Deadly Poison","floor":1},{"not_picked":["Eviscerate","Underhanded Strike"],"picked":"Backstab","floor":2},{"not_picked":["Deadly Poison","PiercingWail"],"picked":"Flying Knee","floor":3},{"not_picked":["Dodge and Roll","Backflip"],"picked":"After Image","floor":7},{"not_picked":["Dagger Throw","Deadly Poison"],"picked":"Finisher","floor":8},{"not_picked":["Sucker Punch","Setup","Quick Slash"],"picked":"Singing Bowl","floor":13},{"not_picked":["Blur","Masterful Stab"],"picked":"Prepared","floor":14},{"not_picked":["After Image","Grand Finale"],"picked":"Adrenaline","floor":16},{"not_picked":["Leg Sweep+1","Quick Slash"],"picked":"Backflip","floor":18},{"not_picked":["Leg Sweep","Dodge and Roll"],"picked":"Acrobatics","floor":20},{"not_picked":["Slice","Riddle With Holes+1"],"picked":"Reflex","floor":22},{"not_picked":["Flying Knee+1","Dagger Throw","Outmaneuver"],"picked":"Singing Bowl","floor":24}],"player_experience":1489097,"relics_obtained":[{"floor":7,"key":"Singing Bowl"},{"floor":9,"key":"StrikeDummy"},{"floor":26,"key":"Blood Vial"}],"event_choices":[{"damage_healed":0,"gold_gain":0,"player_choice":"Ignored","damage_taken":0,"max_hp_gain":0,"max_hp_loss":0,"event_name":"Liars Game","floor":4,"gold_loss":0},{"damage_healed":0,"gold_gain":0,"cards_transformed":["Strike_G"],"player_choice":"Transformed","damage_taken":0,"max_hp_gain":0,"max_hp_loss":0,"event_name":"Transmorgrifier","floor":5,"gold_loss":0,"cards_obtained":["Blade Dance"]},{"damage_healed":0,"gold_gain":100,"player_choice":"Bet on Murderer","damage_taken":0,"max_hp_gain":0,"max_hp_loss":0,"event_name":"The Joust","floor":19,"gold_loss":50},{"damage_healed":0,"gold_gain":0,"player_choice":"Read","damage_taken":0,"max_hp_gain":0,"max_hp_loss":0,"event_name":"The Library","floor":29,"gold_loss":0,"cards_obtained":["Footwork"]}],"is_beta":false,"boss_relics":[{"not_picked":["WristBlade","Runic Pyramid"],"picked":"HoveringKite"}],"items_purged_floors":[10,21],"is_endless":false,"potions_floor_spawned":[1,2,7,20],"killed_by":"Cultist and Chosen","ascension_level":20}}