{"host":"61y0z9o9vf3ujftj","time":1612458439,"event":{"mods":["BaseMod","Colored Map","Colored Powertips","GifTheSpireLib","HexUI Lib","Highlight Path","Minty Spire (QoL Compilation)","Permanent Neow","Relic Stats","StSLib","ojb\u0027s Info Mod"],"gold_per_floor":[361,372,388,388,398,426,426,441,464,490,490,521,531,167,167,243,243,243,137,150,27,27,27,54,54,54,54,80,91,121,132,132,211,211,228,68,80,80,91,117,117,146,146,146,5,39,39,57,57,57],"floor_reached":51,"language":"ENG","playtime":4030,"items_purged":["Strike_R","Strike_R","Strike_R"],"score":1639,"play_id":"a7640edd-e8ca-4982-8448-8801b19345ba","local_time":"20210204110719","is_ascension_mode":true,"campfire_choices":[{"data":"Pummel","floor":11.0,"key":"SMITH"},{"floor":15.0,"key":"REST"},{"data":"Feed","floor":23.0,"key":"SMITH"},{"data":"Ghostly","floor":25.0,"key":"SMITH"},{"data":"Ghostly","floor":32.0,"key":"SMITH"},{"data":"Ghostly","floor":47.0,"key":"SMITH"},{"data":"Ghostly","floor":49.0,"key":"SMITH"}],"circlet_count":0,"master_deck":["AscendersBane","Strike_R","Defend_R","Defend_R","Defend_R","Defend_R","Bash+1","Anger","Headbutt","Intimidate","Clothesline","Shrug It Off","Pummel+1","Feed+1","Inflame","Immolate","Fire Breathing","Disarm","Shrug It Off+1","Ghostly+1","Ghostly+1","Ghostly+1","Ghostly+1","Ghostly","Writhe","Ghostly Armor","Evolve","Wild Strike","Demon Form","Sword Boomerang","Apotheosis","Heavy Blade","Battle Trance+1","Shrug It Off","Shockwave","Pummel+1"],"relics":["Burning Blood","Akabeko","Vajra","Anchor","Dream Catcher","Membership Card","FossilizedHelix","Mark of Pain","Paper Frog","Du-Vu Doll","Juzu Bracelet","Blue Candle","Ice Cream","Pen Nib","Velvet Choker","Toolbox","Bag of Preparation","Orichalcum","Red Skull","Toy Ornithopter","HornCleat"],"acts_visited":["Exordium","TheCity","TheBeyond"],"potions_floor_usage":[50],"damage_taken":[{"damage":13.0,"enemies":"Jaw Worm","floor":1.0,"turns":6.0},{"damage":2.0,"enemies":"2 Louse","floor":2.0,"turns":3.0},{"damage":1.0,"enemies":"Cultist","floor":3.0,"turns":3.0},{"damage":3.0,"enemies":"2 Fungi Beasts","floor":5.0,"turns":4.0},{"damage":45.0,"enemies":"3 Sentries","floor":6.0,"turns":11.0},{"damage":7.0,"enemies":"Large Slime","floor":8.0,"turns":5.0},{"damage":22.0,"enemies":"Lagavulin","floor":10.0,"turns":5.0},{"damage":14.0,"enemies":"3 Sentries","floor":12.0,"turns":7.0},{"damage":3.0,"enemies":"Gremlin Gang","floor":13.0,"turns":4.0},{"damage":34.0,"enemies":"Hexaghost","floor":16.0,"turns":9.0},{"damage":0.0,"enemies":"Spheric Guardian","floor":18.0,"turns":1.0},{"damage":5.0,"enemies":"Shell Parasite","floor":20.0,"turns":4.0},{"damage":5.0,"enemies":"Book of Stabbing","floor":24.0,"turns":6.0},{"damage":0.0,"enemies":"Gremlin Leader","floor":28.0,"turns":7.0},{"damage":0.0,"enemies":"Snake Plant","floor":29.0,"turns":4.0},{"damage":0.0,"enemies":"Slavers","floor":30.0,"turns":5.0},{"damage":8.0,"enemies":"3 Cultists","floor":31.0,"turns":7.0},{"damage":0.0,"enemies":"Champ","floor":33.0,"turns":10.0},{"damage":0.0,"enemies":"Orb Walker","floor":35.0,"turns":2.0},{"damage":0.0,"enemies":"3 Darklings","floor":37.0,"turns":4.0},{"damage":2.0,"enemies":"Jaw Worm Horde","floor":39.0,"turns":4.0},{"damage":0.0,"enemies":"Reptomancer","floor":40.0,"turns":7.0},{"damage":0.0,"enemies":"Nemesis","floor":42.0,"turns":5.0},{"damage":0.0,"enemies":"Giant Head","floor":46.0,"turns":7.0},{"damage":0.0,"enemies":"4 Shapes","floor":48.0,"turns":4.0},{"damage":27,"enemies":"Donu and Deca","floor":50,"turns":8}],"seed_played":"-6056093593887041948","potions_obtained":[{"floor":2.0,"key":"SmokeBomb"},{"floor":10.0,"key":"ColorlessPotion"},{"floor":12.0,"key":"SteroidPotion"},{"floor":16.0,"key":"Swift Potion"},{"floor":24.0,"key":"Dexterity Potion"},{"floor":28.0,"key":"SkillPotion"},{"floor":29.0,"key":"Block Potion"},{"floor":33.0,"key":"BlessingOfTheForge"},{"floor":39.0,"key":"ElixirPotion"},{"floor":42.0,"key":"SkillPotion"},{"floor":44.0,"key":"FairyPotion"}],"is_trial":false,"path_per_floor":["M","M","M","?","M","E","?","M","T","E","R","E","M","$","R","B",null,"M","$","M","$","?","R","E","R","T","?","E","M","E","M","R","B",null,"M","$","M","?","M","E","?","E","T","?","$","E","R","M","R","B",null],"character_chosen":"IRONCLAD","items_purchased":["Membership Card","FossilizedHelix","Inflame","Fire Breathing","Disarm","Paper Frog","Apotheosis","Toolbox","Toy Ornithopter"],"campfire_rested":1,"item_purchase_floors":[14,14,14,19,19,21,36,36,45],"current_hp_per_floor":[65,69,72,72,72,33,33,32,32,16,16,8,14,14,36,8,58,64,64,68,68,39,39,43,43,43,43,47,51,51,49,49,55,55,59,59,63,63,67,67,67,67,67,67,67,71,71,71,71,54],"gold":57,"neow_bonus":"TWO_FIFTY_GOLD","is_daily":false,"chose_seed":false,"campfire_upgraded":6,"win_rate":0.0,"timestamp":1612458439,"path_taken":["M","M","M","?","M","E","?","M","T","E","R","E","M","$","R","BOSS","M","$","M","?","?","R","E","R","T","?","E","M","E","M","R","BOSS","M","$","M","?","M","E","?","E","T","?","$","E","R","M","R","BOSS"],"items_purchased_type":["Relic","Relic","Card","Card","Card","Relic","Card","Relic","Relic"],"build_version":"2020-12-22","purchased_purges":3,"victory":true,"max_hp_per_floor":[72,72,72,72,72,72,72,72,72,72,72,72,75,75,75,75,75,75,75,78,78,39,39,43,43,43,43,47,51,51,51,51,55,55,59,59,63,63,67,67,67,67,67,67,67,71,71,71,71,75],"relic_stats":{"Dream Catcher":1,"counters":[26,142],"Blue Candle":[0],"Pen Nib":[9],"Juzu Bracelet":1,"Bag of Preparation":[8],"Orichalcum":[12],"obtain_stats":[{"Ice Cream":28,"Blue Candle":27,"Vajra":9,"Velvet Choker":34,"Pen Nib":30,"Juzu Bracelet":26,"Bag of Preparation":40,"Orichalcum":42,"Burning Blood":0,"Akabeko":6,"Du-Vu Doll":24,"Anchor":10,"Dream Catcher":12,"HornCleat":46,"Toolbox":36,"Mark of Pain":17,"Membership Card":14,"FossilizedHelix":14,"Red Skull":43,"Toy Ornithopter":45,"Paper Frog":21},{"Ice Cream":14,"Blue Candle":13,"Vajra":6,"Velvet Choker":18,"Pen Nib":16,"Juzu Bracelet":13,"Bag of Preparation":22,"Orichalcum":23,"Burning Blood":0,"Akabeko":5,"Du-Vu Doll":13,"Anchor":7,"Dream Catcher":8,"HornCleat":24,"Toolbox":19,"Mark of Pain":10,"Membership Card":9,"FossilizedHelix":9,"Red Skull":23,"Toy Ornithopter":23,"Paper Frog":12},{"Ice Cream":75,"Blue Candle":68,"Vajra":32,"Velvet Choker":101,"Pen Nib":84,"Juzu Bracelet":68,"Bag of Preparation":118,"Orichalcum":123,"Burning Blood":0,"Akabeko":27,"Du-Vu Doll":68,"Anchor":37,"Dream Catcher":44,"HornCleat":130,"Toolbox":103,"Mark of Pain":57,"Membership Card":48,"FossilizedHelix":48,"Red Skull":123,"Toy Ornithopter":123,"Paper Frog":62}],"Burning Blood":88,"Toy Ornithopter":0},"card_choices":[{"not_picked":["Iron Wave","Heavy Blade"],"picked":"Anger","floor":1.0},{"not_picked":["Heavy Blade","Evolve"],"picked":"Headbutt","floor":2.0},{"not_picked":["Havoc","Clash"],"picked":"Intimidate","floor":3.0},{"not_picked":["Flex","Cleave"],"picked":"Clothesline","floor":5.0},{"not_picked":["Evolve","Flame Barrier"],"picked":"Shrug It Off","floor":6.0},{"not_picked":["Body Slam","Havoc"],"picked":"Iron Wave","floor":8.0},{"not_picked":["Combust","Carnage"],"picked":"Pummel","floor":10.0},{"not_picked":["Shrug It Off","Flame Barrier"],"picked":"Feed","floor":12.0},{"not_picked":["Sword Boomerang","Evolve","Dark Embrace"],"picked":"SKIP","floor":13.0},{"not_picked":["Double Tap","Juggernaut"],"picked":"Immolate","floor":16.0},{"not_picked":["Fire Breathing","True Grit"],"picked":"Shrug It Off+1","floor":20.0},{"not_picked":["Thunderclap","Anger","Searing Blow"],"picked":"SKIP","floor":24.0},{"not_picked":["Warcry","True Grit","Iron Wave"],"picked":"SKIP","floor":28.0},{"not_picked":["Entrench","Carnage"],"picked":"Ghostly Armor","floor":29.0},{"not_picked":["Armaments","True Grit"],"picked":"Evolve","floor":30.0},{"not_picked":["Dark Embrace","Flame Barrier"],"picked":"Wild Strike","floor":31.0},{"not_picked":["Immolate","Juggernaut"],"picked":"Demon Form","floor":33.0},{"not_picked":["Body Slam","Dropkick+1"],"picked":"Sword Boomerang","floor":35.0},{"not_picked":["Battle Trance","Twin Strike"],"picked":"Heavy Blade","floor":37.0},{"not_picked":["Sever Soul+1","Feel No Pain"],"picked":"Battle Trance+1","floor":39.0},{"not_picked":["Anger","True Grit+1"],"picked":"Shrug It Off","floor":40.0},{"not_picked":["Searing Blow+1","Uppercut"],"picked":"Shockwave","floor":42.0},{"not_picked":["Intimidate","Uppercut+1","Rupture"],"picked":"SKIP","floor":46.0},{"not_picked":["True Grit","Shockwave+1"],"picked":"Pummel+1","floor":48.0}],"player_experience":507621,"relics_obtained":[{"floor":6.0,"key":"Akabeko"},{"floor":9.0,"key":"Vajra"},{"floor":10.0,"key":"Anchor"},{"floor":12.0,"key":"Dream Catcher"},{"floor":24.0,"key":"Du-Vu Doll"},{"floor":26.0,"key":"Juzu Bracelet"},{"floor":28.0,"key":"Ice Cream"},{"floor":30.0,"key":"Pen Nib"},{"floor":40.0,"key":"Bag of Preparation"},{"floor":42.0,"key":"Orichalcum"},{"floor":43.0,"key":"Red Skull"},{"floor":46.0,"key":"HornCleat"}],"event_choices":[{"damage_healed":0.0,"max_hp_gain":0.0,"max_hp_loss":0.0,"gold_gain":0.0,"event_name":"Liars Game","player_choice":"Ignored","floor":4.0,"gold_loss":0.0,"damage_taken":0.0},{"damage_healed":0.0,"max_hp_gain":0.0,"max_hp_loss":0.0,"gold_gain":0.0,"event_name":"Upgrade Shrine","player_choice":"Upgraded","floor":7.0,"gold_loss":0.0,"damage_taken":0.0,"cards_upgraded":["Bash"]},{"damage_healed":0.0,"max_hp_gain":0.0,"max_hp_loss":39.0,"gold_gain":0.0,"event_name":"Ghosts","player_choice":"Became a Ghost","floor":22.0,"gold_loss":0.0,"damage_taken":0.0,"cards_obtained":["Ghostly","Ghostly","Ghostly","Ghostly","Ghostly"]},{"damage_healed":0.0,"max_hp_gain":0.0,"max_hp_loss":0.0,"gold_gain":0.0,"event_name":"The Mausoleum","player_choice":"Opened","floor":27.0,"gold_loss":0.0,"damage_taken":0.0,"relics_obtained":["Blue Candle"],"cards_obtained":["Writhe"]},{"cards_removed":["Strike_R"],"damage_healed":0.0,"max_hp_gain":0.0,"max_hp_loss":0.0,"gold_gain":0.0,"event_name":"Purifier","player_choice":"Purged","floor":38.0,"gold_loss":0.0,"damage_taken":0.0},{"cards_removed":["Iron Wave"],"damage_healed":0.0,"max_hp_gain":0.0,"max_hp_loss":0.0,"gold_gain":0.0,"event_name":"Falling","player_choice":"Removed Attack","floor":41.0,"gold_loss":0.0,"damage_taken":0.0},{"damage_healed":0.0,"max_hp_gain":0.0,"max_hp_loss":0.0,"gold_gain":0.0,"event_name":"Lab","player_choice":"Got Potions","floor":44.0,"gold_loss":0.0,"damage_taken":0.0}],"is_beta":false,"boss_relics":[{"not_picked":["Runic Dome","Runic Cube"],"picked":"Mark of Pain"},{"not_picked":["Runic Pyramid","SacredBark"],"picked":"Velvet Choker"}],"items_purged_floors":[14,19,45],"is_endless":false,"potions_floor_spawned":[2,10,12,16,24,28,29,33,39,42],"ascension_level":13}}