{"host":"mhr97lg0mj90r8b2","time":1612436006,"event":{"mods":["BaseMod","Minty Spire (QoL Compilation)","Quick Restart","StSLib"],"gold_per_floor":[115,134,134,150,166,166,166,195,195,230,230,264,264,280,280,375,375,386,386,400,413,413,413,20,38,65,92,105,134,146,161,161,262,262,274,274,286,302,317,345,391,391,391],"floor_reached":42,"language":"ZHS","playtime":2683,"items_purged":["Strike_P"],"score":567,"play_id":"a69baa33-bd69-40c3-9000-9dddef2fa26c","local_time":"20210204185326","is_ascension_mode":false,"campfire_choices":[{"data":"ForeignInfluence","floor":6.0,"key":"SMITH"},{"floor":11.0,"key":"REST"},{"data":"1","floor":13.0,"key":"LIFT"},{"data":"Eruption","floor":15.0,"key":"SMITH"},{"data":"2","floor":23,"key":"LIFT"},{"data":"3","floor":32,"key":"LIFT"}],"circlet_count":0,"master_deck":["Strike_P","Defend_P","Defend_P","Defend_P","Defend_P","Eruption+1","Vigilance","ForeignInfluence+1","Adaptation","Halt","Wallop","Worship+1","BowlingBash","Sanctity+1","Devotion","CutThroughFate","SandsOfTime","InnerPeace+1","FearNoEvil","Worship+1","DeceiveReality+1","TalkToTheHand","Meditate+1","Vault+1","TalkToTheHand+1","Discovery+1","ClearTheMind+1","ThirdEye+1","Alpha+1"],"relics":["Velvet Choker","GoldenEye","Toxic Egg 2","Girya","Ornamental Fan","Empty Cage","Letter Opener","Nunchaku","Boot","Eternal Feather","Black Star","Molten Egg 2","The Courier","CaptainsWheel"],"acts_visited":["Exordium","TheCity","TheBeyond"],"potions_floor_usage":[18,25,27,30,40,41,41],"damage_taken":[{"damage":0.0,"enemies":"Jaw Worm","floor":1.0,"turns":3.0},{"damage":0.0,"enemies":"Small Slimes","floor":2.0,"turns":1.0},{"damage":3.0,"enemies":"2 Louse","floor":4.0,"turns":2.0},{"damage":0.0,"enemies":"2 Fungi Beasts","floor":5.0,"turns":3.0},{"damage":7.0,"enemies":"Lagavulin","floor":8.0,"turns":5.0},{"damage":17.0,"enemies":"Gremlin Nob","floor":10.0,"turns":5.0},{"damage":1.0,"enemies":"3 Sentries","floor":12.0,"turns":3.0},{"damage":12.0,"enemies":"3 Louse","floor":14.0,"turns":3.0},{"damage":26.0,"enemies":"Hexaghost","floor":16.0,"turns":12.0},{"damage":15,"enemies":"2 Thieves","floor":18,"turns":3},{"damage":0,"enemies":"Chosen","floor":20,"turns":3},{"damage":7,"enemies":"Snake Plant","floor":21,"turns":3},{"damage":6,"enemies":"Shelled Parasite and Fungi","floor":25,"turns":4},{"damage":0,"enemies":"Gremlin Leader","floor":27,"turns":6},{"damage":6,"enemies":"3 Cultists","floor":28,"turns":4},{"damage":0,"enemies":"Book of Stabbing","floor":29,"turns":5},{"damage":7,"enemies":"Snecko","floor":30,"turns":3},{"damage":1,"enemies":"Centurion and Healer","floor":31,"turns":4},{"damage":19,"enemies":"Automaton","floor":33,"turns":8},{"damage":0,"enemies":"3 Shapes","floor":35,"turns":4},{"damage":3,"enemies":"3 Darklings","floor":37,"turns":6},{"damage":7,"enemies":"4 Shapes","floor":38,"turns":4},{"damage":30,"enemies":"Sphere and 2 Shapes","floor":39,"turns":5},{"damage":6,"enemies":"Reptomancer","floor":40,"turns":5},{"damage":28,"enemies":"2 Orb Walkers","floor":41,"turns":5},{"damage":14,"enemies":"Spire Growth","floor":42,"turns":3}],"seed_played":"2909534418241528152","potions_obtained":[{"floor":1.0,"key":"Explosive Potion"},{"floor":12.0,"key":"ColorlessPotion"},{"floor":14.0,"key":"Weak Potion"},{"floor":16.0,"key":"Block Potion"},{"floor":18,"key":"SpeedPotion"},{"floor":28,"key":"SkillPotion"},{"floor":30,"key":"BottledMiracle"},{"floor":33,"key":"Explosive Potion"},{"floor":35,"key":"ColorlessPotion"},{"floor":39,"key":"Regen Potion"},{"floor":40,"key":"PowerPotion"}],"is_trial":false,"path_per_floor":["M","M","?","M","M","R","?","E","T","E","R","E","R","M","R","B",null,"M","?","M","M","?","R","$","M","T","E","M","E","M","M","R","B",null,"M","?","M","M","M","E","?","M"],"character_chosen":"WATCHER","items_purchased":["Letter Opener","FearNoEvil"],"campfire_rested":1,"item_purchase_floors":[24,24],"current_hp_per_floor":[72,72,72,69,69,69,69,62,62,45,66,65,65,53,53,27,72,57,57,57,50,50,50,50,44,44,44,38,38,31,30,42,23,72,72,72,69,62,32,26,10,0,0],"gold":391,"neow_bonus":"BOSS_RELIC","is_daily":false,"chose_seed":false,"campfire_upgraded":2,"win_rate":0.0,"timestamp":1612436006,"path_taken":["M","M","?","M","M","R","?","E","T","E","R","E","R","M","R","BOSS","M","?","M","M","?","R","$","M","T","E","M","E","M","M","R","BOSS","M","?","M","M","M","E","?","M"],"items_purchased_type":["Relic","Card"],"build_version":"2020-12-22","purchased_purges":1,"victory":false,"max_hp_per_floor":[72,72,72,72,72,72,72,72,72,72,72,72,72,72,72,72,72,72,72,72,72,72,72,72,72,72,72,72,72,72,72,72,72,72,72,72,72,72,72,72,72,72,72],"card_choices":[{"not_picked":["Halt","JustLucky"],"picked":"ForeignInfluence","floor":1.0},{"not_picked":["Protect","Prostrate"],"picked":"Adaptation","floor":2.0},{"not_picked":["EmptyFist","JustLucky","Protect"],"picked":"SKIP","floor":4.0},{"not_picked":["CutThroughFate","Halt"],"picked":"Wallop","floor":5.0},{"not_picked":["SashWhip","Fasting2"],"picked":"Worship+1","floor":8.0},{"not_picked":["Scrawl+1","ConjureBlade+1"],"picked":"BowlingBash","floor":10.0},{"not_picked":["Crescendo+1","Study"],"picked":"Sanctity+1","floor":12.0},{"not_picked":["Halt+1","Worship+1","Consecrate"],"picked":"SKIP","floor":14.0},{"not_picked":["DeusExMachina+1","Judgement+1"],"picked":"Devotion","floor":16.0},{"not_picked":["BowlingBash","Crescendo+1"],"picked":"CutThroughFate","floor":18},{"not_picked":["EmptyBody+1","Worship+1"],"picked":"SandsOfTime","floor":20},{"not_picked":["WaveOfTheHand+1","FlurryOfBlows+1"],"picked":"InnerPeace+1","floor":21},{"not_picked":["BowlingBash","FlyingSleeves+1"],"picked":"Worship+1","floor":25},{"not_picked":["BowlingBash","WindmillStrike"],"picked":"DeceiveReality+1","floor":27},{"not_picked":["Evaluate+1","LikeWater"],"picked":"TalkToTheHand","floor":28},{"not_picked":["Worship+1","Prostrate+1"],"picked":"Meditate+1","floor":29},{"not_picked":["BowlingBash","CrushJoints","Halt+1"],"picked":"SKIP","floor":30},{"not_picked":["Prostrate+1","Collect+1","EmptyFist+1"],"picked":"SKIP","floor":31},{"not_picked":["DeusExMachina+1","LessonLearned"],"picked":"Vault+1","floor":33},{"not_picked":["Prostrate+1","CutThroughFate"],"picked":"TalkToTheHand+1","floor":35},{"not_picked":["Dark Shackles+1","Mind Blast"],"picked":"Discovery+1","floor":36},{"not_picked":["JustLucky+1","Weave"],"picked":"ClearTheMind+1","floor":37},{"not_picked":["BattleHymn","Conclude","WreathOfFlame+1"],"picked":"SKIP","floor":38},{"not_picked":["FlurryOfBlows","BowlingBash","Crescendo+1"],"picked":"SKIP","floor":39},{"not_picked":["Consecrate+1","Meditate+1"],"picked":"ThirdEye+1","floor":40},{"not_picked":["Crescendo+1","JustLucky+1"],"picked":"Alpha+1","floor":41}],"player_experience":124221,"relics_obtained":[{"floor":8.0,"key":"Toxic Egg 2"},{"floor":10.0,"key":"Girya"},{"floor":12.0,"key":"Ornamental Fan"},{"floor":26,"key":"Nunchaku"},{"floor":27,"key":"Boot"},{"floor":29,"key":"Eternal Feather"},{"floor":40,"key":"Molten Egg 2"},{"floor":40,"key":"The Courier"},{"floor":41,"key":"CaptainsWheel"}],"event_choices":[{"damage_healed":0.0,"max_hp_gain":0.0,"max_hp_loss":0.0,"gold_gain":0.0,"cards_transformed":["Strike_P"],"event_name":"Living Wall","player_choice":"Change","floor":3.0,"gold_loss":0.0,"damage_taken":0.0,"cards_obtained":["Halt"]},{"damage_healed":0.0,"max_hp_gain":0.0,"max_hp_loss":0.0,"gold_gain":0.0,"event_name":"Big Fish","player_choice":"Box","floor":7.0,"gold_loss":0.0,"damage_taken":0.0,"relics_obtained":["GoldenEye"],"cards_obtained":["Regret"]},{"damage_healed":0,"gold_gain":0,"player_choice":"Ignored","damage_taken":0,"max_hp_gain":0,"max_hp_loss":0,"event_name":"Vampires","floor":19,"gold_loss":0},{"damage_healed":0,"gold_gain":0,"player_choice":"Ignored","damage_taken":0,"max_hp_gain":0,"max_hp_loss":0,"event_name":"Cursed Tome","floor":22,"gold_loss":0},{"damage_healed":0,"gold_gain":0,"player_choice":"Memory 1","damage_taken":0,"max_hp_gain":0,"max_hp_loss":0,"event_name":"SensoryStone","floor":36,"gold_loss":0},{"damage_healed":0,"gold_gain":0,"player_choice":"Fight","damage_taken":0,"max_hp_gain":0,"max_hp_loss":0,"event_name":"Mysterious Sphere","floor":41,"gold_loss":0}],"is_beta":false,"boss_relics":[{"not_picked":["Sozu","VioletLotus"],"picked":"Empty Cage"},{"not_picked":["SacredBark","Busted Crown"],"picked":"Black Star"}],"items_purged_floors":[24],"is_endless":false,"potions_floor_spawned":[1,12,14,16,18,28,30,33,35,39,40],"killed_by":"Spire Growth","ascension_level":0}}