{"host":"osk2oboccoevp2u5","time":1612472626,"event":{"mods":["AchievementEnabler","Alarm Clock","BaseMod","Colored Powertips","Disable Question Mark Monsters","Displayed Cursed Tome","Key Reminder","Koishi","Minty Spire (QoL Compilation)","Potion Indicator Mod","Quick Restart","Rare Cards Sparkle","Reorder Act Four","StSLib","Useless Jewels Mod"],"gold_per_floor":[110,129,148,168,168,168,47,47,92,92,92,126,143,143,143],"floor_reached":14,"language":"ENG","playtime":548,"items_purged":["Koishi:BasicStrike"],"score":127,"play_id":"415e1a6a-9929-4a61-b745-3c5be3ee8edc","local_time":"20210204170346","is_ascension_mode":true,"campfire_choices":[{"data":"Koishi:HauntingSlash","floor":6,"key":"SMITH"},{"data":"Koishi:PhantomBarrier","floor":8,"key":"SMITH"},{"data":"Koishi:EmbryosDream","floor":11,"key":"SMITH"}],"circlet_count":0,"master_deck":["Koishi:BasicStrike","Koishi:BasicStrike","Koishi:BasicStrike","Koishi:BasicDefend","Koishi:BasicDefend","Koishi:BasicDefend","Koishi:BasicDefend","Koishi:Provoke+1","Koishi:HauntingSlash+1","Koishi:SubterraneanRose+1","Koishi:EmbryosDream+1","Koishi:PhantomBarrier+1","Koishi:ConfinedInnocent"],"relics":["Koishi:ImaginaryFriend","Pen Nib","Art of War","keyreminder:keyreminder"],"acts_visited":["Exordium"],"potions_floor_usage":[12,12,14],"damage_taken":[{"damage":0,"enemies":"2 Louse","floor":1,"turns":4},{"damage":0,"enemies":"Jaw Worm","floor":2,"turns":6},{"damage":1,"enemies":"Cultist","floor":3,"turns":5},{"damage":7,"enemies":"Red Slaver","floor":4,"turns":8},{"damage":0,"enemies":"Lagavulin","floor":12,"turns":8},{"damage":0,"enemies":"Large Slime","floor":13,"turns":3},{"damage":57,"enemies":"Gremlin Nob","floor":14,"turns":6}],"seed_played":"-6217491232485791262","potions_obtained":[{"floor":3,"key":"CultistPotion"},{"floor":4,"key":"SteroidPotion"},{"floor":12,"key":"ColorlessPotion"}],"is_trial":false,"path_per_floor":["M","M","M","M","?","R","$","R","T","?","R","E","M","E"],"character_chosen":"KOISHI","items_purchased":["Koishi:PhantomBarrier"],"campfire_rested":0,"item_purchase_floors":[7],"current_hp_per_floor":[66,66,66,61,48,48,48,48,48,53,53,57,57,0,0],"gold":143,"neow_bonus":"TEN_PERCENT_HP_BONUS","is_daily":false,"chose_seed":false,"campfire_upgraded":3,"win_rate":0.0,"timestamp":1612472626,"path_taken":["M","M","M","M","?","R","$","R","T","?","R","E","M","E"],"items_purchased_type":["Card"],"build_version":"2020-12-22","purchased_purges":1,"victory":false,"max_hp_per_floor":[66,66,66,66,66,66,66,66,66,71,71,71,71,71,71],"card_choices":[{"not_picked":["Koishi:PhantomStrike","Koishi:PhantomBarrier"],"picked":"Koishi:SubterraneanRose","floor":1},{"not_picked":["Koishi:JumpScare","Koishi:FourthEye"],"picked":"Koishi:EmbryosDream","floor":2},{"not_picked":["Koishi:RacingHeart","Koishi:ParalyzingFear","Koishi:JumpScare"],"picked":"SKIP","floor":3},{"not_picked":["Koishi:IdleWhim","Koishi:FleetingPhantom","Koishi:UnansweredLove"],"picked":"SKIP","floor":4},{"not_picked":["Koishi:Whimsy","Koishi:MindNumbingTerror","Koishi:LastRemote"],"picked":"SKIP","floor":12},{"not_picked":["Koishi:SubconsciousSweep","Koishi:HeartfeltFancy"],"picked":"Koishi:ConfinedInnocent","floor":13}],"player_experience":953688,"relics_obtained":[{"floor":9,"key":"Pen Nib"},{"floor":12,"key":"Art of War"}],"event_choices":[{"damage_healed":0,"gold_gain":0,"player_choice":"Entered Light","damage_taken":13,"max_hp_gain":0,"max_hp_loss":0,"event_name":"Shining Light","floor":5,"gold_loss":0,"cards_upgraded":["Koishi:SubterraneanRose","Koishi:Provoke"]},{"damage_healed":0,"gold_gain":0,"player_choice":"Donut","damage_taken":0,"max_hp_gain":5,"max_hp_loss":0,"event_name":"Big Fish","floor":10,"gold_loss":0}],"is_beta":false,"boss_relics":[],"items_purged_floors":[7],"is_endless":false,"potions_floor_spawned":[3,4,12],"killed_by":"Gremlin Nob","ascension_level":2}}