{"host":"TheHustler","time":1612447285,"event":{"mods":["BaseMod","Block Reminder","Colored Map","Colored Powertips","Minty Spire (QoL Compilation)","Quick Restart","StSLib","SuperFastMode","Unceasing Turn Reminder"],"gold_per_floor":[144,144,189,234,279,369,369,414,414,459,504,549,624,141,141,441,441,486,531,140,185,230,320,320,410,460,460,505,505,550,595,595,895,895,940,985,411,456,501,591,591,357,357,357,447,447,0,45,45,45],"floor_reached":51,"language":"ENG","playtime":1038,"items_purged":["Pain"],"score":955,"play_id":"81195e00-53a2-4037-b70a-8a3b2ca44003","local_time":"20210204150125","daily_mods":["Insanity","Red Cards","Midas"],"is_ascension_mode":false,"campfire_choices":[{"floor":7.0,"key":"REST"},{"floor":15,"key":"REST"},{"floor":24,"key":"REST"},{"floor":27,"key":"REST"},{"floor":32,"key":"REST"},{"floor":46,"key":"REST"},{"floor":49,"key":"REST"}],"circlet_count":0,"master_deck":["Stack+1","Flex+1","Shrug It Off+1","Fire Breathing+1","Rip and Tear+1","Havoc+1","Bloodletting+1","Disarm+1","Anger+1","Flex+1","Barrage+1","Warcry+1","Barrage+1","Go for the Eyes+1","Hello World+1","Dual Wield+1","Steam+1","Leap+1","Blood for Blood+1","Metallicize+1","Shrug It Off+1","Flame Barrier+1","Shrug It Off+1","Reckless Charge+1","Conserve Battery+1","Clothesline+1","Clothesline+1","Barrage+1","Wild Strike+1","Genetic Algorithm+1","Shrug It Off+1","Hologram+1","Cleave+1","Cold Snap+1","Force Field+1","Loop+1","Scrape+1","Whirlwind+1","Undo+1","Chaos+1","Chaos+1","Warcry+1","Gash+1","Ball Lightning+1","Heavy Blade+1","Tempest+1","Clash+1","Double Energy+1","Warcry+1","Thunderclap+1","Sweeping Beam+1","True Grit+1","Creative AI+1","Ball Lightning+1","Loop+1","Headbutt+1","Ball Lightning+1","Defragment+1","Forethought+1","Seek+1","Flex+1","Mind Blast+1","Anger+1","Twin Strike+1","Coolheaded+1","Coolheaded+1","Stack+1","Reaper+1","Dark Embrace+1","Corruption+1","Body Slam+1","Defragment+1","Mind Blast+1","Capacitor+1","Demon Form+1","Consume+1","Enlightenment","Perfected Strike+1","Chaos+1"],"relics":["Cracked Core","WarpedTongs","Gremlin Horn","Cables","Molten Egg 2","Philosopher\u0027s Stone","HandDrill","Whetstone","Orichalcum","Happy Flower","Bronze Scales","Nuclear Battery","Shuriken","Bag of Marbles","Ornamental Fan","Mark of the Bloom","Anchor","InkBottle","The Courier","Red Mask"],"acts_visited":["Exordium","TheCity","TheBeyond"],"potions_floor_usage":[50,50,50],"damage_taken":[{"damage":0.0,"enemies":"Small Slimes","floor":1.0,"turns":2.0},{"damage":2.0,"enemies":"Cultist","floor":3.0,"turns":2.0},{"damage":0.0,"enemies":"2 Louse","floor":4.0,"turns":1.0},{"damage":4.0,"enemies":"Exordium Thugs","floor":5.0,"turns":4.0},{"damage":18.0,"enemies":"3 Sentries","floor":6.0,"turns":3.0},{"damage":8.0,"enemies":"Looter","floor":8.0,"turns":3.0},{"damage":2.0,"enemies":"Large Slime","floor":10.0,"turns":6.0},{"damage":3.0,"enemies":"Exordium Wildlife","floor":11.0,"turns":2.0},{"damage":0.0,"enemies":"3 Louse","floor":12.0,"turns":2.0},{"damage":41,"enemies":"Hexaghost","floor":16,"turns":7},{"damage":14,"enemies":"Shell Parasite","floor":18,"turns":4},{"damage":11,"enemies":"3 Byrds","floor":19,"turns":3},{"damage":0,"enemies":"Snake Plant","floor":21,"turns":2},{"damage":0,"enemies":"Sentry and Sphere","floor":22,"turns":2},{"damage":22,"enemies":"Slavers","floor":23,"turns":3},{"damage":4,"enemies":"Book of Stabbing","floor":25,"turns":4},{"damage":0,"enemies":"Chosen and Byrds","floor":28,"turns":3},{"damage":0,"enemies":"Shelled Parasite and Fungi","floor":30,"turns":2},{"damage":8,"enemies":"Snake Plant","floor":31,"turns":1},{"damage":20,"enemies":"Collector","floor":33,"turns":5},{"damage":1,"enemies":"Orb Walker","floor":35,"turns":2},{"damage":3,"enemies":"3 Shapes","floor":36,"turns":2},{"damage":0,"enemies":"Jaw Worm Horde","floor":38,"turns":1},{"damage":6,"enemies":"Sphere and 2 Shapes","floor":39,"turns":1},{"damage":0,"enemies":"Reptomancer","floor":40,"turns":1},{"damage":0,"enemies":"Nemesis","floor":45,"turns":1},{"damage":0,"enemies":"Spire Growth","floor":48,"turns":1},{"damage":13,"enemies":"Time Eater","floor":50,"turns":5}],"seed_played":"2514053361250750194","potions_obtained":[{"floor":5.0,"key":"Weak Potion"},{"floor":6.0,"key":"Dexterity Potion"},{"floor":12.0,"key":"PotionOfCapacity"},{"floor":33,"key":"SkillPotion"},{"floor":35,"key":"CultistPotion"}],"is_trial":false,"path_per_floor":["M","?","M","M","M","E","R","M","T","M","M","M","?","$","R","B",null,"M","M","$","M","M","E","R","E","T","R","M","?","M","M","R","B",null,"M","M","$","M","M","E","?","$","T","?","E","R","?","M","R","B",null],"character_chosen":"DEFECT","items_purchased":["Molten Egg 2","Defragment","Forethought","Mind Blast+1","HandDrill","Whetstone","Shuriken","Bag of Marbles","Defragment","Mind Blast+1","Enlightenment","Anchor"],"campfire_rested":7,"item_purchase_floors":[14,14,14,20,20,20,37,37,37,37,42,42],"current_hp_per_floor":[75,75,73,73,69,51,73,65,65,63,60,60,53,53,75,34,75,61,50,50,50,50,28,50,46,46,68,68,68,68,60,75,68,75,74,71,71,71,75,75,75,75,75,75,75,75,75,75,75,62],"gold":45,"neow_bonus":"","is_daily":true,"chose_seed":false,"campfire_upgraded":0,"win_rate":0.0,"timestamp":1612447285,"path_taken":["M","?","M","M","M","E","R","M","T","?","?","M","?","$","R","BOSS","M","M","$","?","M","E","R","E","T","R","M","?","M","M","R","BOSS","M","M","$","M","M","E","?","$","T","?","E","R","?","M","R","BOSS"],"items_purchased_type":["Relic","Card","Card","Card","Relic","Relic","Relic","Relic","Card","Card","Card","Relic"],"build_version":"2020-12-18","purchased_purges":1,"victory":true,"max_hp_per_floor":[75,75,75,75,75,75,75,75,75,75,75,75,75,75,75,75,75,75,75,75,75,75,75,75,75,75,75,75,75,75,75,75,75,75,75,75,75,75,75,75,75,75,75,75,75,75,75,75,75,75],"card_choices":[{"not_picked":["Rebound","Havoc","Barrage"],"picked":"SKIP","floor":1.0},{"not_picked":["Wild Strike","Heavy Blade"],"picked":"Thunderclap","floor":3.0},{"not_picked":["Armaments","Stack"],"picked":"Sweeping Beam","floor":4.0},{"not_picked":["Dual Wield","Searing Blow","True Grit"],"picked":"SKIP","floor":5.0},{"not_picked":["Dual Wield","Searing Blow"],"picked":"True Grit","floor":5.0},{"not_picked":["BootSequence","Spot Weakness"],"picked":"Creative AI","floor":6.0},{"not_picked":["Go for the Eyes","Anger"],"picked":"Ball Lightning","floor":8.0},{"not_picked":["Cold Snap","Blizzard"],"picked":"Loop","floor":10.0},{"not_picked":["True Grit","Headbutt","Warcry"],"picked":"SKIP","floor":11.0},{"not_picked":["True Grit","Warcry"],"picked":"Headbutt","floor":11.0},{"not_picked":["Body Slam","Recycle"],"picked":"Ball Lightning","floor":12.0},{"not_picked":["Brutality","Meteor Strike+1"],"picked":"Seek","floor":16},{"not_picked":["Steam","Tempest","Warcry"],"picked":"SKIP","floor":18},{"not_picked":["Scrape+1","Perfected Strike+1"],"picked":"Flex","floor":19},{"not_picked":["Melter+1","Sweeping Beam+1"],"picked":"Anger+1","floor":21},{"not_picked":["Beam Cell+1","Clash+1"],"picked":"Twin Strike+1","floor":22},{"not_picked":["Havoc+1","Sever Soul+1"],"picked":"Coolheaded","floor":23},{"not_picked":["Shockwave","Turbo","Clash+1"],"picked":"SKIP","floor":25},{"not_picked":["Metallicize","Hello World"],"picked":"Coolheaded+1","floor":28},{"not_picked":["Perfected Strike+1","Armaments"],"picked":"Reaper+1","floor":30},{"not_picked":["Headbutt+1","Recycle"],"picked":"Dark Embrace","floor":31},{"not_picked":["Meteor Strike+1","Thunder Strike+1"],"picked":"Corruption","floor":33},{"not_picked":["Thunderclap+1","Wild Strike+1"],"picked":"Body Slam+1","floor":35},{"not_picked":["Heavy Blade+1","Combust","Sword Boomerang+1"],"picked":"SKIP","floor":36},{"not_picked":["Go for the Eyes+1","Loop"],"picked":"Capacitor","floor":38},{"not_picked":["Perfected Strike+1","Iron Wave+1"],"picked":"Demon Form","floor":39},{"not_picked":["Rebound+1","Iron Wave+1"],"picked":"Consume","floor":40},{"not_picked":["Rupture","Turbo"],"picked":"Perfected Strike+1","floor":45},{"not_picked":["Chill","Tempest+1"],"picked":"Chaos+1","floor":48}],"player_experience":663284,"relics_obtained":[{"floor":6.0,"key":"Gremlin Horn"},{"floor":9.0,"key":"Cables"},{"floor":23,"key":"Orichalcum"},{"floor":25,"key":"Happy Flower"},{"floor":26,"key":"Bronze Scales"},{"floor":40,"key":"Ornamental Fan"},{"floor":43,"key":"InkBottle"},{"floor":45,"key":"The Courier"}],"event_choices":[{"damage_healed":0.0,"max_hp_gain":0.0,"max_hp_loss":0.0,"gold_gain":0.0,"event_name":"Accursed Blacksmith","player_choice":"Rummage","floor":2.0,"gold_loss":0.0,"damage_taken":0.0,"relics_obtained":["WarpedTongs"],"cards_obtained":["Pain"]},{"damage_healed":0,"gold_gain":75,"player_choice":"Touch","damage_taken":7,"max_hp_gain":0,"max_hp_loss":0,"event_name":"FaceTrader","floor":13,"gold_loss":0},{"damage_healed":0,"gold_gain":0,"player_choice":"1 cards matched","damage_taken":0,"max_hp_gain":0,"max_hp_loss":0,"event_name":"Match and Keep!","floor":29,"gold_loss":0,"cards_obtained":["Stack"]},{"damage_healed":0,"gold_gain":0,"player_choice":"Upgrade","damage_taken":0,"relics_obtained":["Mark of the Bloom"],"max_hp_gain":0,"max_hp_loss":0,"event_name":"MindBloom","floor":41,"gold_loss":0,"cards_upgraded":["Stack","Flex","Shrug It Off","Fire Breathing","Rip and Tear","Havoc","Bloodletting","Disarm","Anger","Flex","Barrage","Warcry","Barrage","Go for the Eyes","Hello World","Dual Wield","Steam","Leap","Blood for Blood","Warcry","Metallicize","Shrug It Off","Flame Barrier","Shrug It Off","Conserve Battery","Clothesline","Clothesline","Barrage","Wild Strike","Genetic Algorithm","Shrug It Off","Hologram","Cleave","Force Field","Loop","Scrape","Whirlwind","Undo","Chaos","Chaos","Warcry","Gash","Ball Lightning","Heavy Blade","Tempest","Clash","Double Energy","Warcry","Thunderclap","Sweeping Beam","True Grit","Creative AI","Ball Lightning","Loop","Headbutt","Ball Lightning","Defragment","Forethought","Seek","Flex","Coolheaded","Stack","Dark Embrace","Corruption","Defragment","Capacitor","Demon Form","Consume"]},{"cards_removed":["Warcry"],"damage_healed":0,"gold_gain":0,"player_choice":"Removed Skill","damage_taken":0,"max_hp_gain":0,"max_hp_loss":0,"event_name":"Falling","floor":44,"gold_loss":0},{"damage_healed":0,"gold_gain":0,"player_choice":"Paid","damage_taken":0,"relics_obtained":["Red Mask"],"max_hp_gain":0,"max_hp_loss":0,"event_name":"Tomb of Lord Red Mask","floor":47,"gold_loss":447}],"is_beta":true,"boss_relics":[{"not_picked":["Empty Cage","Runic Dome"],"picked":"Philosopher\u0027s Stone"},{"not_picked":["Sozu","SacredBark"],"picked":"Nuclear Battery"}],"items_purged_floors":[14],"is_endless":false,"potions_floor_spawned":[5,6,12,16,18,19,25,30,33,35,36,39,48],"ascension_level":0}}