{"host":"2hea6pl5vmah38iy","time":1612439888,"event":{"mods":["AchievementEnabler","BaseMod","Colored Map","DeckTracker","Keyboard Shortcuts","Minty Spire (QoL Compilation)","Rare Cards Sparkle","StSLib","SuperFastMode","everything is the same but u backflip on backflip"],"gold_per_floor":[109,128,146,166,91,91,107,107,132,148,148,168,181,214,214,286,286,186,186,186,186,186,186,186,186,186,186,186,186],"floor_reached":28,"language":"KOR","playtime":3032,"items_purged":[],"score":524,"play_id":"da87d644-0e8f-4cc7-b96e-53b676a2ddb0","local_time":"20210204205808","is_ascension_mode":true,"campfire_choices":[{"data":"Consume","floor":6.0,"key":"SMITH"},{"floor":11.0,"key":"REST"},{"data":"Dualcast","floor":15.0,"key":"SMITH"},{"data":"Capacitor","floor":25.0,"key":"SMITH"},{"floor":27.0,"key":"REST"}],"circlet_count":0,"master_deck":["AscendersBane","Strike_B","Strike_B","Defend_B","Defend_B","Zap","Dualcast+1","Glacier","Consume+1","Capacitor+1","Hologram","Compile Driver","Defragment","Conserve Battery","Genetic Algorithm","Echo Form","Compile Driver","Undo","Loop"],"relics":["Cracked Core","Centennial Puzzle","Bag of Preparation","Ectoplasm","Blood Vial"],"acts_visited":["Exordium","TheCity"],"potions_floor_usage":[28,28],"damage_taken":[{"damage":0.0,"enemies":"Small Slimes","floor":1.0,"turns":2.0},{"damage":9.0,"enemies":"2 Louse","floor":2.0,"turns":2.0},{"damage":2.0,"enemies":"Cultist","floor":3.0,"turns":5.0},{"damage":5.0,"enemies":"Looter","floor":4.0,"turns":4.0},{"damage":4.0,"enemies":"Blue Slaver","floor":7.0,"turns":5.0},{"damage":8.0,"enemies":"2 Fungi Beasts","floor":10.0,"turns":5.0},{"damage":11.0,"enemies":"Looter","floor":12.0,"turns":4.0},{"damage":4.0,"enemies":"Red Slaver","floor":13.0,"turns":4.0},{"damage":9.0,"enemies":"3 Sentries","floor":14.0,"turns":11.0},{"damage":0.0,"enemies":"The Guardian","floor":16.0,"turns":11.0},{"damage":15.0,"enemies":"2 Thieves","floor":18.0,"turns":4.0},{"damage":0.0,"enemies":"Spheric Guardian","floor":19.0,"turns":5.0},{"damage":0.0,"enemies":"Snecko","floor":20.0,"turns":6.0},{"damage":21.0,"enemies":"Shelled Parasite and Fungi","floor":22.0,"turns":7.0},{"damage":14.0,"enemies":"Centurion and Healer","floor":24.0,"turns":7.0},{"damage":30,"enemies":"Gremlin Leader","floor":28,"turns":4}],"seed_played":"-8764829518171744793","potions_obtained":[{"floor":1.0,"key":"Regen Potion"},{"floor":2.0,"key":"Ancient Potion"},{"floor":13.0,"key":"Fruit Juice"},{"floor":14.0,"key":"BlessingOfTheForge"},{"floor":19.0,"key":"Block Potion"},{"floor":22.0,"key":"ColorlessPotion"},{"floor":24.0,"key":"LiquidMemories"}],"is_trial":false,"path_per_floor":["M","M","M","M","?","R","M","?","T","M","R","M","M","E","R","B",null,"M","M","M","?","M","?","M","R","T","R","E"],"character_chosen":"DEFECT","items_purchased":[],"campfire_rested":2,"item_purchase_floors":[],"current_hp_per_floor":[46,37,35,30,30,30,26,26,26,18,39,28,29,35,35,35,66,51,51,51,51,30,30,16,16,16,38,10,10],"gold":186,"neow_bonus":"REMOVE_TWO","is_daily":false,"chose_seed":false,"campfire_upgraded":3,"win_rate":0.0,"timestamp":1612439888,"path_taken":["M","M","M","M","?","R","M","?","T","M","R","M","M","E","R","BOSS","M","?","M","?","M","?","M","R","T","R","E"],"items_purchased_type":[],"build_version":"2020-12-22","purchased_purges":0,"victory":false,"max_hp_per_floor":[71,71,71,71,71,71,71,71,71,71,71,71,76,76,76,76,76,76,76,76,76,76,76,76,76,76,76,76,76],"card_choices":[{"not_picked":["Rebound","Beam Cell"],"picked":"Glacier","floor":1.0},{"not_picked":["Sweeping Beam","Reprogram"],"picked":"Consume","floor":2.0},{"not_picked":["Go for the Eyes","Streamline"],"picked":"Capacitor","floor":3.0},{"not_picked":["Beam Cell","Tempest"],"picked":"Hologram","floor":4.0},{"not_picked":["Conserve Battery","Rip and Tear"],"picked":"Compile Driver","floor":7.0},{"not_picked":["Turbo","Tempest"],"picked":"Defragment","floor":10.0},{"not_picked":["Defragment","Stack"],"picked":"Conserve Battery","floor":12.0},{"not_picked":["Turbo","Defragment"],"picked":"Genetic Algorithm","floor":13.0},{"not_picked":["Glacier","Streamline","Static Discharge"],"picked":"SKIP","floor":14.0},{"not_picked":["Thunder Strike","Reboot"],"picked":"Echo Form","floor":16.0},{"not_picked":["Barrage","Go for the Eyes"],"picked":"Compile Driver","floor":18.0},{"not_picked":["Redo+1","Doom and Gloom"],"picked":"Undo","floor":19.0},{"not_picked":["Genetic Algorithm","BootSequence"],"picked":"Loop","floor":20.0},{"not_picked":["Sweeping Beam","Leap","Conserve Battery"],"picked":"SKIP","floor":22.0},{"not_picked":["Sweeping Beam","Leap","Conserve Battery"],"picked":"SKIP","floor":22.0},{"not_picked":["Hologram","Defragment","Rebound+1"],"picked":"SKIP","floor":24.0}],"player_experience":557818,"relics_obtained":[{"floor":9.0,"key":"Centennial Puzzle"},{"floor":14.0,"key":"Bag of Preparation"},{"floor":26.0,"key":"Blood Vial"}],"event_choices":[{"cards_removed":["Strike_B"],"damage_healed":0.0,"max_hp_gain":0.0,"max_hp_loss":0.0,"gold_gain":0.0,"event_name":"The Cleric","player_choice":"Card Removal","floor":5.0,"gold_loss":75.0,"damage_taken":0.0},{"cards_removed":["Defend_B"],"damage_healed":0.0,"max_hp_gain":0.0,"max_hp_loss":0.0,"gold_gain":0.0,"event_name":"Bonfire Elementals","player_choice":"Offered Basic","floor":8.0,"gold_loss":0.0,"damage_taken":0.0},{"damage_healed":0.0,"max_hp_gain":0.0,"max_hp_loss":0.0,"gold_gain":50.0,"event_name":"Nest","player_choice":"Stole From Cult","floor":21.0,"gold_loss":0.0,"damage_taken":0.0},{"damage_healed":0.0,"max_hp_gain":0.0,"max_hp_loss":0.0,"gold_gain":0.0,"event_name":"Ghosts","player_choice":"Ignored","floor":23.0,"gold_loss":0.0,"damage_taken":0.0}],"is_beta":false,"boss_relics":[{"not_picked":["Fusion Hammer","Busted Crown"],"picked":"Ectoplasm"}],"items_purged_floors":[],"is_endless":false,"potions_floor_spawned":[1,2,12,13,14,19,22,24],"killed_by":"Gremlin Leader","ascension_level":18}}