{"host":"7tvb1em0d2fx72q7","time":1612418009,"event":{"mods":["BaseMod","Challenge The Spire","Minty Spire (QoL Compilation)","StSLib","everything is the same but u backflip on backflip"],"gold_per_floor":[115,129,204,204,221,221,248,248,248,40,5,5,17,32,32,110,110,121,137,148,148],"floor_reached":20,"language":"ENG","playtime":1616,"items_purged":[],"score":418,"play_id":"427e2c08-7cbe-4317-a0d2-c6c590057131","local_time":"20210204005329","is_ascension_mode":true,"campfire_choices":[{"floor":6,"key":"REST"},{"data":"Eruption","floor":12,"key":"SMITH"},{"data":"TalkToTheHand","floor":15,"key":"SMITH"}],"circlet_count":0,"master_deck":["AscendersBane","Strike_P","Strike_P","Strike_P","Strike_P","Defend_P+1","Defend_P","Defend_P","Defend_P+1","Eruption+1","Vigilance","Consecrate","JustLucky+1","LikeWater","ThirdEye+1","LikeWater+1","TalkToTheHand+1","CarveReality","LessonLearned","CutThroughFate","JustLucky"],"relics":["HolyWater","White Beast Statue","Gremlin Horn","Toy Ornithopter"],"acts_visited":["Exordium","TheCity"],"potions_floor_usage":[14],"damage_taken":[{"damage":0,"enemies":"2 Louse","floor":1,"turns":3},{"damage":11,"enemies":"Small Slimes","floor":2,"turns":6},{"damage":0,"enemies":"Cultist","floor":5,"turns":4},{"damage":13,"enemies":"Gremlin Nob","floor":7,"turns":3},{"damage":7,"enemies":"Looter","floor":13,"turns":3},{"damage":0,"enemies":"2 Fungi Beasts","floor":14,"turns":3},{"damage":0,"enemies":"The Guardian","floor":16,"turns":11},{"damage":41,"enemies":"2 Thieves","floor":18,"turns":4},{"damage":0,"enemies":"Shell Parasite","floor":19,"turns":15},{"damage":11,"enemies":"Centurion and Healer","floor":20,"turns":10}],"seed_played":"-2244468290308024870","potions_obtained":[{"floor":5,"key":"DuplicationPotion"},{"floor":13,"key":"Explosive Potion"},{"floor":14,"key":"Dexterity Potion"},{"floor":16,"key":"Explosive Potion"},{"floor":19,"key":"Energy Potion"}],"is_trial":false,"path_per_floor":["M","M","?","?","M","R","E","?","T","$","?","R","M","M","R","B",null,"M","M","M"],"character_chosen":"WATCHER","items_purchased":["LikeWater","Toy Ornithopter"],"campfire_rested":1,"item_purchase_floors":[10,10],"current_hp_per_floor":[67,56,45,23,23,45,32,6,6,6,24,24,17,22,22,22,61,20,20,9,9],"gold":148,"neow_bonus":"TEN_PERCENT_HP_BONUS","is_daily":false,"chose_seed":false,"campfire_upgraded":2,"win_rate":0.0,"timestamp":1612418009,"path_taken":["M","M","?","?","M","R","E","?","T","$","?","R","M","M","R","BOSS","M","M","M"],"items_purchased_type":["Card","Relic"],"build_version":"2020-12-22","purchased_purges":0,"victory":false,"max_hp_per_floor":[74,74,74,74,74,74,74,74,74,74,74,74,74,74,74,74,74,74,74,74,74],"card_choices":[{"not_picked":["DeceiveReality","ClearTheMind"],"picked":"Consecrate","floor":1},{"not_picked":["Consecrate","Crescendo"],"picked":"JustLucky","floor":2},{"not_picked":["Meditate","FlyingSleeves"],"picked":"LikeWater","floor":5},{"not_picked":["SignatureMove","Evaluate"],"picked":"ThirdEye","floor":7},{"not_picked":["EmptyFist","EmptyBody"],"picked":"TalkToTheHand","floor":13},{"not_picked":["SashWhip","FlyingSleeves"],"picked":"CarveReality","floor":14},{"not_picked":["Vault","MasterReality"],"picked":"LessonLearned","floor":16},{"not_picked":["ClearTheMind","FlyingSleeves+1"],"picked":"CutThroughFate","floor":18},{"not_picked":["FollowUp","Halt"],"picked":"JustLucky","floor":19}],"player_experience":2017223,"relics_obtained":[{"floor":7,"key":"White Beast Statue"},{"floor":9,"key":"Gremlin Horn"}],"event_choices":[{"damage_healed":0,"gold_gain":75,"player_choice":"Gather Gold","damage_taken":11,"max_hp_gain":0,"max_hp_loss":0,"event_name":"World of Goop","floor":3,"gold_loss":0},{"damage_healed":0,"gold_gain":0,"player_choice":"Entered Light","damage_taken":22,"max_hp_gain":0,"max_hp_loss":0,"event_name":"Shining Light","floor":4,"gold_loss":0,"cards_upgraded":["Defend_P","JustLucky"]},{"damage_healed":0,"gold_gain":0,"player_choice":"Fled","damage_taken":26,"max_hp_gain":0,"max_hp_loss":0,"event_name":"Scrap Ooze","floor":8,"gold_loss":0},{"damage_healed":18,"gold_gain":0,"player_choice":"Healed","damage_taken":0,"max_hp_gain":0,"max_hp_loss":0,"event_name":"The Cleric","floor":11,"gold_loss":35}],"is_beta":false,"boss_relics":[{"not_picked":["Astrolabe","VioletLotus"],"picked":"HolyWater"}],"items_purged_floors":[],"is_endless":false,"potions_floor_spawned":[5,13,14,16,18,19,20],"killed_by":"Centurion and Healer","ascension_level":17}}