{"host":"6pfj0wha12yu6wq3","time":1612404072,"event":{"mods":["AchievementEnabler","BaseMod","Colored Map","Colored Powertips","Curses Come First","DeckTracker","Minty Spire (QoL Compilation)","RNG Fix","Relic Sorter","Relic Stats","StSLib","UnlockEverythingMod","ojb\u0027s Better Paths Mod","ojb\u0027s Info Mod"],"gold_per_floor":[116,134,134,59,129,155,165,165,165,190,209,222,297,297,297,387,387,410,410,300,319,337,370,388,428,455,197,240,259,95,110,110,208,208,227,227,288,307,330,363,406,418,430,477,489,501,513,525,537,549,561,573,585,36,69,69],"floor_reached":57,"language":"ENG","playtime":4297,"items_purged":["Defend_G","Normality","Strike_G"],"score":3281,"play_id":"0af6b838-2c7d-40be-9502-c5e5cec398db","local_time":"20210203210112","is_ascension_mode":true,"campfire_choices":[{"data":"A Thousand Cuts","floor":8,"key":"SMITH"},{"data":"Prepared","floor":15,"key":"SMITH"},{"data":"Calculated Gamble","floor":32,"key":"SMITH"},{"floor":42,"key":"RECALL"},{"floor":45,"key":"DIG"},{"floor":47,"key":"DIG"},{"floor":49,"key":"DIG"},{"floor":53,"key":"DIG"}],"circlet_count":0,"master_deck":["AscendersBane","Strike_G","Strike_G","Strike_G","Strike_G","Defend_G","Defend_G","Survivor","Neutralize","Terror","Predator","Concentrate+1","A Thousand Cuts+1","Escape Plan+1","Acrobatics","Prepared+1","Phantasmal Killer","Eviscerate","Calculated Gamble+1","Blade Dance","Adrenaline+1","Prepared","Dash","Terror","Eviscerate","Backflip+1","After Image","Reflex","Endless Agony+1","Dodge and Roll+1","Leg Sweep","Eviscerate","After Image","Master of Strategy","Panacea","Good Instincts","Blur","Footwork+1"],"relics":["Ring of the Snake","NeowsBlessing","Ninja Scroll","Tough Bandages","Pocketwatch","StrikeDummy","Golden Idol","Cursed Key","Kunai","Thread and Needle","Bag of Marbles","OrangePellets","Omamori","Potion Belt","Fusion Hammer","Shovel","MawBank","Turnip","Anchor","Du-Vu Doll","Mummified Hand","War Paint","Snake Skull","HornCleat","Bronze Scales","Pen Nib"],"acts_visited":["Exordium","TheCity","TheBeyond","TheEnding"],"potions_floor_usage":[16,33,35,39,40,40,40,40,50,56,56,56],"damage_taken":[{"damage":0,"enemies":"Small Slimes","floor":1,"turns":1},{"damage":0,"enemies":"Cultist","floor":2,"turns":1},{"damage":0,"enemies":"Gremlin Nob","floor":6,"turns":1},{"damage":4,"enemies":"Jaw Worm","floor":7,"turns":2},{"damage":11,"enemies":"Lagavulin","floor":10,"turns":4},{"damage":5,"enemies":"Red Slaver","floor":11,"turns":3},{"damage":0,"enemies":"Lots of Slimes","floor":12,"turns":3},{"damage":0,"enemies":"Slime Boss","floor":16,"turns":4},{"damage":13,"enemies":"Spheric Guardian","floor":18,"turns":4},{"damage":0,"enemies":"3 Byrds","floor":21,"turns":2},{"damage":15,"enemies":"Shelled Parasite and Fungi","floor":22,"turns":3},{"damage":0,"enemies":"Gremlin Leader","floor":23,"turns":3},{"damage":0,"enemies":"Cultist and Chosen","floor":24,"turns":3},{"damage":0,"enemies":"Slavers","floor":25,"turns":2},{"damage":0,"enemies":"Gremlin Leader","floor":28,"turns":5},{"damage":0,"enemies":"Snake Plant","floor":29,"turns":2},{"damage":0,"enemies":"Sentry and Sphere","floor":31,"turns":3},{"damage":8,"enemies":"Collector","floor":33,"turns":3},{"damage":1,"enemies":"3 Darklings","floor":35,"turns":4},{"damage":0,"enemies":"2 Orb Walkers","floor":37,"turns":4},{"damage":0,"enemies":"3 Shapes","floor":38,"turns":2},{"damage":0,"enemies":"Sphere and 2 Shapes","floor":39,"turns":3},{"damage":9,"enemies":"Nemesis","floor":40,"turns":9},{"damage":0,"enemies":"Mind Bloom Boss Battle","floor":41,"turns":5},{"damage":0,"enemies":"Reptomancer","floor":44,"turns":3},{"damage":0,"enemies":"Awakened One","floor":50,"turns":11},{"damage":20,"enemies":"Time Eater","floor":51,"turns":12},{"damage":7,"enemies":"Shield and Spear","floor":55,"turns":6},{"damage":32,"enemies":"The Heart","floor":56,"turns":6}],"seed_played":"-1463965863147819514","potions_obtained":[{"floor":2,"key":"AttackPotion"},{"floor":6,"key":"Block Potion"},{"floor":7,"key":"FearPotion"},{"floor":12,"key":"Strength Potion"},{"floor":23,"key":"Dexterity Potion"},{"floor":28,"key":"DistilledChaos"},{"floor":31,"key":"SteroidPotion"},{"floor":33,"key":"SteroidPotion"},{"floor":37,"key":"EntropicBrew"},{"floor":38,"key":"LiquidMemories"},{"floor":40,"key":"Fire Potion"},{"floor":41,"key":"DistilledChaos"}],"is_trial":false,"path_per_floor":["M","M","?","$","T","E","M","R","T","E","M","M","?","?","R","B",null,"M","?","?","M","M","E","M","E","T","$","E","M","$","M","R","B",null,"M","?","?","M","M","E","?","R","T","E","R","?","R","T","R","B","B",null,"R","$","E","B",null],"character_chosen":"THE_SILENT","items_purchased":["OrangePellets","Potion Belt","Bronze Scales","LiquidBronze","SteroidPotion","Energy Potion","Blur"],"campfire_rested":0,"item_purchase_floors":[27,30,54,54,54,54,54],"current_hp_per_floor":[59,59,59,59,59,59,55,55,55,44,39,39,28,28,28,28,52,39,39,39,39,24,24,24,24,24,24,24,24,24,24,24,16,49,48,48,48,48,48,39,39,39,39,39,39,29,29,29,29,29,9,47,47,47,40,8],"gold":69,"neow_bonus":"THREE_ENEMY_KILL","is_daily":false,"chose_seed":false,"campfire_upgraded":3,"win_rate":0.0,"timestamp":1612404072,"path_taken":["M","?","?","?","?","E","M","R","T","E","M","?","?","?","R","BOSS","M","?","?","?","M","E","M","E","T","$","E","?","?","?","R","BOSS","M","?","?","M","M","E","?","R","T","E","R","?","R","?","R","BOSS","BOSS","R","$","E","BOSS"],"items_purchased_type":["Relic","Relic","Relic","Potion","Potion","Potion","Card"],"build_version":"2020-12-22","purchased_purges":3,"victory":true,"max_hp_per_floor":[66,66,66,66,66,66,66,66,66,66,66,66,66,60,60,60,60,60,60,60,60,60,60,60,60,60,60,60,60,60,60,60,60,60,60,60,60,60,60,60,60,60,60,60,60,60,60,60,60,60,60,60,60,60,60,60],"relic_stats":{"counters":[29,114],"Golden Idol":196,"Snake Skull":[0],"Pen Nib":[2],"War Paint":["Concentrate","Adrenaline"],"Cursed Key":3,"MawBank":168,"OrangePellets":[3],"Tough Bandages":[954],"Shovel":4,"Mummified Hand":[17],"Bronze Scales":[100],"Turnip":[4],"Kunai":[71],"obtain_stats":[{"Snake Skull":49,"Cursed Key":17,"Tough Bandages":6,"Shovel":37,"HornCleat":53,"Ninja Scroll":5,"Mummified Hand":47,"Fusion Hammer":34,"Kunai":23,"Ring of the Snake":0,"Potion Belt":30,"NeowsBlessing":0,"Golden Idol":14,"Thread and Needle":25,"Pen Nib":55,"Omamori":28,"War Paint":48,"MawBank":40,"Du-Vu Doll":45,"OrangePellets":27,"Anchor":44,"Bronze Scales":54,"Turnip":41,"Bag of Marbles":26,"StrikeDummy":10,"Pocketwatch":9},{"Snake Skull":25,"Cursed Key":8,"Tough Bandages":3,"Shovel":20,"HornCleat":27,"Ninja Scroll":2,"Mummified Hand":25,"Fusion Hammer":18,"Kunai":12,"Ring of the Snake":0,"Potion Belt":16,"NeowsBlessing":0,"Golden Idol":7,"Thread and Needle":14,"Pen Nib":28,"Omamori":15,"War Paint":25,"MawBank":23,"Du-Vu Doll":25,"OrangePellets":14,"Anchor":25,"Bronze Scales":27,"Turnip":24,"Bag of Marbles":14,"StrikeDummy":5,"Pocketwatch":4},{"Snake Skull":79,"Cursed Key":19,"Tough Bandages":3,"Shovel":57,"HornCleat":102,"Ninja Scroll":2,"Mummified Hand":79,"Fusion Hammer":49,"Kunai":31,"Ring of the Snake":0,"Potion Belt":43,"NeowsBlessing":0,"Golden Idol":15,"Thread and Needle":36,"Pen Nib":108,"Omamori":41,"War Paint":79,"MawBank":71,"Du-Vu Doll":79,"OrangePellets":36,"Anchor":79,"Bronze Scales":102,"Turnip":76,"Bag of Marbles":36,"StrikeDummy":9,"Pocketwatch":5}],"Ring of the Snake":[57],"Pocketwatch":[36]},"card_choices":[{"not_picked":["Dodge and Roll","Acrobatics"],"picked":"Terror","floor":1},{"not_picked":["Cloak And Dagger","Sucker Punch"],"picked":"Predator","floor":2},{"not_picked":["PiercingWail","Heel Hook"],"picked":"A Thousand Cuts","floor":6},{"not_picked":["Crippling Poison","Deflect","Deadly Poison"],"picked":"SKIP","floor":7},{"not_picked":["Noxious Fumes","Flying Knee"],"picked":"Escape Plan","floor":10},{"not_picked":["Dodge and Roll","Bane"],"picked":"Acrobatics","floor":11},{"not_picked":["Deadly Poison","Sucker Punch"],"picked":"Prepared","floor":12},{"not_picked":["Adrenaline","Night Terror"],"picked":"Phantasmal Killer","floor":16},{"not_picked":["Masterful Stab","Prepared"],"picked":"Eviscerate","floor":18},{"not_picked":["Outmaneuver","Well Laid Plans"],"picked":"Blade Dance","floor":21},{"not_picked":["Endless Agony","Finisher"],"picked":"Adrenaline","floor":22},{"not_picked":["Dagger Spray","Dagger Throw"],"picked":"Prepared","floor":23},{"not_picked":["Flying Knee","Bouncing Flask+1"],"picked":"Dash","floor":24},{"not_picked":["Poisoned Stab","Quick Slash"],"picked":"Terror","floor":25},{"not_picked":["Dagger Throw","Slice+1"],"picked":"Eviscerate","floor":28},{"not_picked":["Flying Knee","Deadly Poison"],"picked":"Backflip+1","floor":29},{"not_picked":["Prepared","Poisoned Stab","Dodge and Roll"],"picked":"SKIP","floor":31},{"not_picked":["Glass Knife","Bullet Time"],"picked":"After Image","floor":33},{"not_picked":["Slice","Sucker Punch"],"picked":"Reflex","floor":35},{"not_picked":["Outmaneuver","Flechettes"],"picked":"Endless Agony+1","floor":37},{"not_picked":["Underhanded Strike","Flying Knee"],"picked":"Dodge and Roll+1","floor":38},{"not_picked":["Deflect","Deadly Poison","Sucker Punch"],"picked":"SKIP","floor":39},{"not_picked":["Infinite Blades","Dodge and Roll+1"],"picked":"Leg Sweep","floor":40},{"not_picked":["Cloak And Dagger","Flying Knee+1"],"picked":"Eviscerate","floor":41},{"not_picked":["Envenom","Outmaneuver"],"picked":"After Image","floor":44},{"not_picked":["PanicButton","Jack Of All Trades"],"picked":"Master of Strategy","floor":46},{"not_picked":["Magnetism","Thinking Ahead"],"picked":"Panacea","floor":46},{"not_picked":["Metamorphosis","Jack Of All Trades"],"picked":"Good Instincts","floor":46},{"not_picked":["Catalyst","Prepared"],"picked":"Footwork+1","floor":55}],"player_experience":613710,"relics_obtained":[{"floor":5,"key":"Ninja Scroll"},{"floor":6,"key":"Tough Bandages"},{"floor":9,"key":"Pocketwatch"},{"floor":10,"key":"StrikeDummy"},{"floor":23,"key":"Kunai"},{"floor":25,"key":"Thread and Needle"},{"floor":26,"key":"Bag of Marbles"},{"floor":28,"key":"Omamori"},{"floor":37,"key":"Shovel"},{"floor":40,"key":"MawBank"},{"floor":41,"key":"Turnip"},{"floor":44,"key":"Anchor"},{"floor":45,"key":"Du-Vu Doll"},{"floor":47,"key":"Mummified Hand"},{"floor":48,"key":"War Paint"},{"floor":49,"key":"Snake Skull"},{"floor":53,"key":"HornCleat"},{"floor":55,"key":"Pen Nib"}],"event_choices":[{"damage_healed":0,"gold_gain":0,"cards_transformed":["Defend_G"],"player_choice":"Change","damage_taken":0,"max_hp_gain":0,"max_hp_loss":0,"event_name":"Living Wall","floor":3,"gold_loss":0,"cards_obtained":["Concentrate"]},{"damage_healed":0,"gold_gain":75,"player_choice":"Gather Gold","damage_taken":11,"max_hp_gain":0,"max_hp_loss":0,"event_name":"World of Goop","floor":13,"gold_loss":0},{"damage_healed":0,"gold_gain":0,"player_choice":"Lose Max HP","damage_taken":0,"relics_obtained":["Golden Idol"],"max_hp_gain":0,"max_hp_loss":6,"event_name":"Golden Idol","floor":14,"gold_loss":0},{"damage_healed":0,"gold_gain":0,"player_choice":"Read","damage_taken":0,"max_hp_gain":0,"max_hp_loss":0,"event_name":"The Library","floor":19,"gold_loss":0,"cards_obtained":["Calculated Gamble"]},{"cards_removed":["Defend_G"],"damage_healed":0,"gold_gain":0,"player_choice":"Upgrade and Remove","damage_taken":0,"max_hp_gain":0,"max_hp_loss":0,"event_name":"Designer","floor":20,"gold_loss":110,"cards_upgraded":["Escape Plan"]},{"damage_healed":0,"gold_gain":0,"player_choice":"Ignored","damage_taken":0,"max_hp_gain":0,"max_hp_loss":0,"event_name":"Tomb of Lord Red Mask","floor":36,"gold_loss":0},{"damage_healed":0,"gold_gain":0,"player_choice":"Fight","damage_taken":0,"max_hp_gain":0,"max_hp_loss":0,"event_name":"Mysterious Sphere","floor":37,"gold_loss":0},{"damage_healed":0,"gold_gain":0,"player_choice":"Fight","damage_taken":0,"max_hp_gain":0,"max_hp_loss":0,"event_name":"MindBloom","floor":41,"gold_loss":0},{"damage_healed":0,"gold_gain":0,"player_choice":"Memory 3","damage_taken":10,"max_hp_gain":0,"max_hp_loss":0,"event_name":"SensoryStone","floor":46,"gold_loss":0}],"is_beta":false,"boss_relics":[{"not_picked":["Philosopher\u0027s Stone","Astrolabe"],"picked":"Cursed Key"},{"not_picked":["Empty Cage","Tiny House"],"picked":"Fusion Hammer"}],"items_purged_floors":[4,27,54],"is_endless":false,"potions_floor_spawned":[2,6,7,12,23,25,28,31,33,37,38,40,41],"ascension_level":20}}