{"host":"sad04l3m69qtnhom","time":1612439783,"event":{"mods":["AchievementEnabler","BaseMod","Colored Map","Colored Powertips","DeckTracker","Highlight Path","Minty Spire (QoL Compilation)","Permanent Neow","Quick Restart","SuperFastMode","everything is the same but u backflip on backflip"],"gold_per_floor":[18,18,31,44,44,44,60,60,60,60,73,111,111,125,125,221,221,245,245,73,73,73,73,73,73,73,73,73],"floor_reached":27,"language":"KOR","playtime":2767,"items_purged":["Dagger Throw"],"score":345,"play_id":"40dd4e38-b325-4179-8249-f378a2e2b979","local_time":"20210204205623","is_ascension_mode":true,"campfire_choices":[{"data":"Blade Dance","floor":6,"key":"SMITH"},{"floor":8,"key":"DIG"},{"floor":10,"key":"DIG"},{"data":"Accuracy","floor":15,"key":"SMITH"},{"data":"Finisher","floor":23,"key":"SMITH"},{"data":"A Thousand Cuts","floor":25,"key":"SMITH"}],"circlet_count":0,"master_deck":["AscendersBane","Survivor","Neutralize","Blade Dance+1","Accuracy+1","Backflip","Die Die Die","After Image","Eviscerate","Distraction","Prepared","Night Terror","Finisher+1","A Thousand Cuts+1","Well Laid Plans","Escape Plan","Finesse"],"relics":["Ring of the Snake","Shovel","Bloody Idol","Meat on the Bone","HornCleat","Ice Cream","Vajra","Pandora\u0027s Box","Prayer Wheel","Bag of Preparation"],"acts_visited":["Exordium","TheCity"],"potions_floor_usage":[4,12,12,18],"damage_taken":[{"damage":4,"enemies":"Cultist","floor":1,"turns":5},{"damage":0,"enemies":"2 Louse","floor":3,"turns":4},{"damage":0,"enemies":"Jaw Worm","floor":4,"turns":7},{"damage":5,"enemies":"2 Fungi Beasts","floor":7,"turns":3},{"damage":3,"enemies":"Looter","floor":11,"turns":4},{"damage":19,"enemies":"Gremlin Nob","floor":12,"turns":4},{"damage":4,"enemies":"Exordium Wildlife","floor":14,"turns":4},{"damage":41,"enemies":"The Guardian","floor":16,"turns":11},{"damage":19,"enemies":"2 Thieves","floor":18,"turns":3},{"damage":36,"enemies":"Slavers","floor":27,"turns":4}],"seed_played":"1569804696544944262","potions_obtained":[{"floor":1,"key":"Poison Potion"},{"floor":3,"key":"Dexterity Potion"},{"floor":7,"key":"Swift Potion"},{"floor":14,"key":"DuplicationPotion"}],"is_trial":false,"path_per_floor":["M","?","M","M","?","R","M","R","T","R","M","E","?","M","R","B",null,"M","?","$","?","?","R","T","R","T","E"],"character_chosen":"THE_SILENT","items_purchased":["Finesse"],"campfire_rested":0,"item_purchase_floors":[20],"current_hp_per_floor":[59,59,59,59,52,52,47,47,47,47,44,37,58,54,54,25,55,36,36,36,36,36,36,36,36,36,0,0],"gold":73,"neow_bonus":"ONE_RARE_RELIC","is_daily":false,"chose_seed":false,"campfire_upgraded":4,"win_rate":0.0,"timestamp":1612439783,"path_taken":["M","?","M","M","?","R","M","R","T","R","M","E","?","M","R","BOSS","M","?","$","?","?","R","?","R","T","E"],"items_purchased_type":["Card"],"build_version":"2020-12-22","purchased_purges":1,"victory":false,"max_hp_per_floor":[70,65,65,65,65,65,65,65,65,65,65,65,65,65,65,65,65,65,65,65,65,65,65,65,65,65,65,65],"card_choices":[{"not_picked":["Skewer","Dagger Spray","Expertise"],"picked":"SKIP","floor":1},{"not_picked":["Dagger Throw","Dodge and Roll","Deflect"],"picked":"SKIP","floor":3},{"not_picked":["Accuracy","Deflect"],"picked":"Blade Dance","floor":4},{"not_picked":["Concentrate","Deflect","Glass Knife"],"picked":"SKIP","floor":7},{"not_picked":["Skewer","Cloak And Dagger"],"picked":"Accuracy","floor":11},{"not_picked":["Leg Sweep","Outmaneuver"],"picked":"Backflip","floor":12},{"not_picked":["Deadly Poison","Dash"],"picked":"Die Die Die","floor":14},{"not_picked":["Phantasmal Killer","Adrenaline"],"picked":"After Image","floor":16},{"not_picked":["Slice","Cloak And Dagger"],"picked":"Escape Plan","floor":18}],"player_experience":443817,"relics_obtained":[{"floor":8,"key":"Meat on the Bone"},{"floor":9,"key":"HornCleat"},{"floor":10,"key":"Ice Cream"},{"floor":12,"key":"Vajra"},{"floor":24,"key":"Prayer Wheel"},{"floor":26,"key":"Bag of Preparation"}],"event_choices":[{"damage_healed":0,"gold_gain":0,"player_choice":"Lose Max HP","damage_taken":0,"relics_obtained":["Golden Idol"],"max_hp_gain":0,"max_hp_loss":5,"event_name":"Golden Idol","floor":2,"gold_loss":0},{"cards_removed":["Strike_G"],"damage_healed":0,"gold_gain":0,"player_choice":"Card Removal","damage_taken":7,"max_hp_gain":0,"max_hp_loss":0,"event_name":"Golden Wing","floor":5,"gold_loss":0},{"damage_healed":21,"gold_gain":0,"player_choice":"Banana","damage_taken":0,"max_hp_gain":0,"max_hp_loss":0,"event_name":"Big Fish","floor":13,"gold_loss":0},{"cards_removed":["Skewer"],"damage_healed":0,"gold_gain":0,"player_choice":"Elegance","damage_taken":0,"max_hp_gain":0,"max_hp_loss":0,"event_name":"Back to Basics","floor":19,"gold_loss":0},{"damage_healed":0,"gold_gain":0,"player_choice":"Gave Idol","damage_taken":0,"relics_obtained":["Bloody Idol"],"max_hp_gain":0,"max_hp_loss":0,"event_name":"Forgotten Altar","floor":21,"relics_lost":["Golden Idol"],"gold_loss":0},{"damage_healed":0,"gold_gain":0,"player_choice":"Ignored","damage_taken":0,"max_hp_gain":0,"max_hp_loss":0,"event_name":"Cursed Tome","floor":22,"gold_loss":0}],"is_beta":false,"boss_relics":[{"not_picked":["Tiny House","Ring of the Serpent"],"picked":"Pandora\u0027s Box"}],"items_purged_floors":[20],"is_endless":false,"potions_floor_spawned":[1,3,7,14],"killed_by":"Slavers","ascension_level":13}}