{"host":"0k696jvpnlqjk4gh","time":1612458997,"event":{"mods":["AchievementEnabler","BaseMod","Colored Map","Colored Powertips","Minty Spire (QoL Compilation)","Quick Restart"],"gold_per_floor":[119,119,194,159,184,223,252,287,287,287,307,325,325,325,325,450,450,438,438,105,105,126,126,51,51,51,86,185,310,323,361,361,482,482,500,500,518,518,537,537,576,576,576,909,909,374,374,393,393,393,393,393,203,234,234],"floor_reached":56,"language":"ENG","playtime":4577,"items_purged":["Defend_G"],"score":1505,"play_id":"41009855-9d3e-4575-9a65-7551d0708bae","local_time":"20210204171637","is_ascension_mode":true,"campfire_choices":[{"floor":13.0,"key":"REST"},{"data":"Accuracy","floor":15.0,"key":"SMITH"},{"floor":23.0,"key":"REST"},{"floor":25.0,"key":"RECALL"},{"floor":32.0,"key":"REST"},{"floor":40.0,"key":"REST"},{"data":"Infinite Blades","floor":42.0,"key":"SMITH"},{"floor":45.0,"key":"REST"},{"data":"A Thousand Cuts","floor":49.0,"key":"SMITH"},{"data":"A Thousand Cuts","floor":52.0,"key":"SMITH"}],"circlet_count":0,"master_deck":["Strike_G","Strike_G","Strike_G","Defend_G","Defend_G","Defend_G","Defend_G","Survivor","Neutralize","Blade Dance","Slice","Accuracy+1","PiercingWail+1","Cloak And Dagger+1","Venomology+1","Outmaneuver+1","Cloak And Dagger+1","Infinite Blades+1","Accuracy+1","Slice","Terror+1","A Thousand Cuts+1","Cloak And Dagger+1","Leg Sweep+1","Blade Dance+1","Deflect+1","Blade Dance+1","A Thousand Cuts+1","Blade Dance+1","Infinite Blades+1"],"relics":["Ring of the Serpent","NeowsBlessing","Prayer Wheel","Odd Mushroom","Blood Vial","Toxic Egg 2","Black Star","WingedGreaves","MutagenicStrength","Mummified Hand","Regal Pillow","Mango","Thread and Needle","Paper Crane","Matryoshka","Dream Catcher","Snake Skull","Centennial Puzzle","Happy Flower","Boot","Lantern","Oddly Smooth Stone","ClockworkSouvenir","TheAbacus","Ginger","Bag of Marbles"],"acts_visited":["Exordium","TheCity","TheBeyond","TheEnding"],"potions_floor_usage":[55,55],"damage_taken":[{"damage":0.0,"enemies":"Jaw Worm","floor":1.0,"turns":1.0},{"damage":0.0,"enemies":"2 Louse","floor":5.0,"turns":1.0},{"damage":0.0,"enemies":"Lagavulin","floor":6.0,"turns":1.0},{"damage":10.0,"enemies":"The Mushroom Lair","floor":7.0,"turns":3.0},{"damage":19.0,"enemies":"Gremlin Nob","floor":8.0,"turns":4.0},{"damage":0.0,"enemies":"Small Slimes","floor":11.0,"turns":2.0},{"damage":2.0,"enemies":"2 Fungi Beasts","floor":12.0,"turns":2.0},{"damage":41.0,"enemies":"Hexaghost","floor":16.0,"turns":10.0},{"damage":28.0,"enemies":"2 Thieves","floor":18.0,"turns":4.0},{"damage":4.0,"enemies":"3 Byrds","floor":22.0,"turns":5.0},{"damage":28.0,"enemies":"Gremlin Leader","floor":27.0,"turns":6.0},{"damage":18.0,"enemies":"Colosseum Slavers","floor":29.0,"turns":3.0},{"damage":25.0,"enemies":"Colosseum Nobs","floor":29.0,"turns":4.0},{"damage":3.0,"enemies":"3 Cultists","floor":30.0,"turns":3.0},{"damage":6.0,"enemies":"Book of Stabbing","floor":31.0,"turns":4.0},{"damage":41.0,"enemies":"Champ","floor":33.0,"turns":9.0},{"damage":39.0,"enemies":"3 Darklings","floor":35.0,"turns":5.0},{"damage":0.0,"enemies":"Orb Walker","floor":37.0,"turns":3.0},{"damage":11.0,"enemies":"4 Shapes","floor":39.0,"turns":2.0},{"damage":29.0,"enemies":"Reptomancer","floor":41.0,"turns":4.0},{"damage":0.0,"enemies":"Sphere and 2 Shapes","floor":48.0,"turns":4.0},{"damage":25.0,"enemies":"Donu and Deca","floor":50.0,"turns":4.0},{"damage":37.0,"enemies":"Shield and Spear","floor":54.0,"turns":3.0},{"damage":109,"enemies":"The Heart","floor":55,"turns":6}],"seed_played":"-4135163483678227897","potions_obtained":[{"floor":5.0,"key":"SneckoOil"},{"floor":7.0,"key":"Strength Potion"},{"floor":11.0,"key":"Poison Potion"},{"floor":30.0,"key":"Regen Potion"},{"floor":31.0,"key":"Explosive Potion"},{"floor":37.0,"key":"Fire Potion"},{"floor":39.0,"key":"Swift Potion"},{"floor":54.0,"key":"PowerPotion"}],"is_trial":false,"path_per_floor":["M","?","?","?","M","E","?","E","T","?","M","M","R","T","R","B",null,"M","?","$","?","M","R","?","R","T","E","?","?","M","E","R","B",null,"M","?","M","?","M","R","E","R","T","?","R","$","?","M","R","B",null,"R","$","E","B",null],"character_chosen":"THE_SILENT","items_purchased":["Infinite Blades","WingedGreaves","Lantern","Oddly Smooth Stone","ClockworkSouvenir","Blade Dance+1","TheAbacus"],"campfire_rested":5,"item_purchase_floors":[20,20,46,46,46,53,53],"current_hp_per_floor":[70,65,54,65,65,65,55,36,36,36,38,38,57,57,57,18,65,37,37,37,37,35,54,54,54,54,42,42,3,2,10,48,9,79,49,49,51,51,47,79,50,50,50,50,79,79,79,79,79,54,79,79,79,42,23],"gold":234,"neow_bonus":"THREE_ENEMY_KILL","is_daily":false,"chose_seed":false,"campfire_upgraded":4,"win_rate":0.0,"timestamp":1612458997,"path_taken":["M","?","?","?","M","E","?","E","T","?","M","?","R","?","R","BOSS","M","?","$","?","?","R","?","R","T","E","?","?","?","E","R","BOSS","M","?","?","?","M","R","E","R","T","?","R","$","?","M","R","BOSS","R","$","E","BOSS"],"items_purchased_type":["Card","Relic","Relic","Relic","Relic","Card","Relic"],"build_version":"2020-12-22","purchased_purges":1,"victory":true,"max_hp_per_floor":[70,65,65,65,65,65,65,65,65,65,65,65,65,65,65,65,65,65,65,65,65,65,65,65,65,65,79,79,79,79,79,79,79,79,79,79,79,79,79,79,79,79,79,79,79,79,79,79,79,79,79,79,79,79,79],"card_choices":[{"not_picked":["Flying Knee","Backstab"],"picked":"Blade Dance","floor":1.0},{"not_picked":["Deadly Poison","Underhanded Strike"],"picked":"Dagger Spray","floor":5.0},{"not_picked":["Distraction","Flying Knee"],"picked":"Slice","floor":6.0},{"not_picked":["Cloak And Dagger","Venomology"],"picked":"Accuracy","floor":8.0},{"not_picked":["Endless Agony","Bouncing Flask+1"],"picked":"PiercingWail+1","floor":11.0},{"not_picked":["Deadly Poison+1","Underhanded Strike"],"picked":"Cloak And Dagger+1","floor":11.0},{"not_picked":["Skewer","Tactician+1"],"picked":"Venomology+1","floor":12.0},{"not_picked":["Skewer","Bouncing Flask+1","Deflect+1"],"picked":"SKIP","floor":12.0},{"not_picked":["Prepared+1","Dodge and Roll+1"],"picked":"Outmaneuver+1","floor":18.0},{"not_picked":["Backflip+1","Deflect+1","Sucker Punch"],"picked":"SKIP","floor":18.0},{"not_picked":["Crippling Poison+1","Underhanded Strike+1","Riddle With Holes"],"picked":"SKIP","floor":22.0},{"not_picked":["Bane","Sucker Punch+1","Tactician+1"],"picked":"SKIP","floor":22.0},{"not_picked":["Dagger Throw","Bane","Wraith Form v2"],"picked":"SKIP","floor":27.0},{"not_picked":["Quick Slash+1","Sucker Punch"],"picked":"Accuracy+1","floor":29.0},{"not_picked":["Backflip+1","Outmaneuver+1"],"picked":"Slice","floor":30.0},{"not_picked":["Skewer","PiercingWail+1","Well Laid Plans+1"],"picked":"SKIP","floor":30.0},{"not_picked":["Deadly Poison+1","Predator"],"picked":"Terror+1","floor":31.0},{"not_picked":["Glass Knife","Doppelganger+1"],"picked":"A Thousand Cuts","floor":33.0},{"not_picked":["Deflect+1","Dodge and Roll+1"],"picked":"Cloak And Dagger+1","floor":35.0},{"not_picked":["Crippling Poison+1","Escape Plan+1","Noxious Fumes"],"picked":"SKIP","floor":35.0},{"not_picked":["Deflect+1","Blur+1"],"picked":"Blade Dance+1","floor":37.0},{"not_picked":["Choke","Dagger Spray","Expertise+1"],"picked":"SKIP","floor":37.0},{"not_picked":["Quick Slash+1","Dodge and Roll+1"],"picked":"Deflect+1","floor":39.0},{"not_picked":["Finisher+1","Poisoned Stab","Well Laid Plans"],"picked":"SKIP","floor":39.0},{"not_picked":["Deflect+1","Dagger Throw+1"],"picked":"Blade Dance+1","floor":40.0},{"not_picked":["Die Die Die","Backflip+1","Distraction+1"],"picked":"SKIP","floor":41.0},{"not_picked":["PiercingWail+1","Dagger Throw"],"picked":"A Thousand Cuts","floor":48.0},{"not_picked":["Bane","PiercingWail+1","Flying Knee"],"picked":"SKIP","floor":48.0},{"not_picked":["Dagger Spray+1","Dodge and Roll+1"],"picked":"Infinite Blades+1","floor":54.0}],"player_experience":146976,"relics_obtained":[{"floor":6.0,"key":"Prayer Wheel"},{"floor":7.0,"key":"Odd Mushroom"},{"floor":8.0,"key":"Blood Vial"},{"floor":9.0,"key":"Toxic Egg 2"},{"floor":26.0,"key":"Mummified Hand"},{"floor":27.0,"key":"Regal Pillow"},{"floor":27.0,"key":"Mango"},{"floor":29.0,"key":"Thread and Needle"},{"floor":29.0,"key":"Paper Crane"},{"floor":31.0,"key":"Matryoshka"},{"floor":31.0,"key":"Dream Catcher"},{"floor":41.0,"key":"Snake Skull"},{"floor":41.0,"key":"Centennial Puzzle"},{"floor":43.0,"key":"Happy Flower"},{"floor":43.0,"key":"Boot"},{"floor":54.0,"key":"Ginger"},{"floor":54.0,"key":"Bag of Marbles"}],"event_choices":[{"damage_healed":0.0,"max_hp_gain":0.0,"max_hp_loss":5.0,"gold_gain":0.0,"event_name":"Golden Idol","player_choice":"Lose Max HP","floor":2.0,"gold_loss":0.0,"damage_taken":0.0,"relics_obtained":["Golden Idol"]},{"damage_healed":0.0,"max_hp_gain":0.0,"max_hp_loss":0.0,"gold_gain":75.0,"event_name":"World of Goop","player_choice":"Gather Gold","floor":3.0,"gold_loss":0.0,"damage_taken":11.0},{"damage_healed":16.0,"max_hp_gain":0.0,"max_hp_loss":0.0,"gold_gain":0.0,"event_name":"The Cleric","player_choice":"Healed","floor":4.0,"gold_loss":35.0,"damage_taken":0.0},{"damage_healed":0.0,"max_hp_gain":0.0,"max_hp_loss":0.0,"gold_gain":0.0,"event_name":"Mushrooms","player_choice":"Fought Mushrooms","floor":7.0,"gold_loss":0.0,"damage_taken":0.0},{"damage_healed":0.0,"max_hp_gain":0.0,"max_hp_loss":0.0,"gold_gain":0.0,"cards_transformed":["Strike_G"],"event_name":"Transmorgrifier","player_choice":"Transformed","floor":10.0,"gold_loss":0.0,"damage_taken":0.0,"cards_obtained":["Prepared"]},{"damage_healed":0.0,"max_hp_gain":0.0,"max_hp_loss":0.0,"gold_gain":0.0,"event_name":"The Library","player_choice":"Read","floor":19.0,"gold_loss":0.0,"damage_taken":0.0,"cards_obtained":["Cloak And Dagger"]},{"damage_healed":0.0,"max_hp_gain":0.0,"max_hp_loss":0.0,"gold_gain":0.0,"event_name":"Drug Dealer","player_choice":"Inject Mutagens","floor":21.0,"gold_loss":0.0,"damage_taken":0.0,"relics_obtained":["MutagenicStrength"]},{"cards_removed":["Prepared"],"damage_healed":0.0,"max_hp_gain":0.0,"max_hp_loss":0.0,"gold_gain":0.0,"event_name":"Beggar","player_choice":"Gave Gold","floor":24.0,"gold_loss":75.0,"damage_taken":0.0},{"damage_healed":0.0,"max_hp_gain":0.0,"max_hp_loss":0.0,"gold_gain":99.0,"event_name":"Nest","player_choice":"Stole From Cult","floor":28.0,"gold_loss":0.0,"damage_taken":0.0},{"damage_healed":0.0,"max_hp_gain":0.0,"max_hp_loss":0.0,"gold_gain":0.0,"event_name":"Colosseum","player_choice":"Fight","floor":29.0,"gold_loss":0.0,"damage_taken":0.0},{"damage_healed":0.0,"max_hp_gain":0.0,"max_hp_loss":0.0,"gold_gain":0.0,"event_name":"Colosseum","player_choice":"Fought Nobs","floor":29.0,"gold_loss":0.0,"damage_taken":0.0},{"damage_healed":0.0,"max_hp_gain":0.0,"max_hp_loss":0.0,"gold_gain":0.0,"cards_transformed":["Strike_G"],"event_name":"Transmorgrifier","player_choice":"Transformed","floor":36.0,"gold_loss":0.0,"damage_taken":0.0,"cards_obtained":["Leg Sweep"]},{"damage_healed":0.0,"max_hp_gain":0.0,"max_hp_loss":0.0,"gold_gain":0.0,"event_name":"Tomb of Lord Red Mask","player_choice":"Ignored","floor":38.0,"gold_loss":0.0,"damage_taken":0.0},{"damage_healed":0.0,"max_hp_gain":0.0,"max_hp_loss":0.0,"gold_gain":333.0,"event_name":"The Moai Head","player_choice":"Gave Idol","floor":44.0,"relics_lost":["Golden Idol"],"gold_loss":0.0,"damage_taken":0.0},{"cards_removed":["Dagger Spray"],"damage_healed":0.0,"max_hp_gain":0.0,"max_hp_loss":0.0,"gold_gain":0.0,"event_name":"Falling","player_choice":"Removed Attack","floor":47.0,"gold_loss":0.0,"damage_taken":0.0}],"is_beta":false,"boss_relics":[{"not_picked":["Fusion Hammer","Cursed Key"],"picked":"Black Star"},{"not_picked":["Philosopher\u0027s Stone","Velvet Choker"],"picked":"Ring of the Serpent"}],"items_purged_floors":[46],"is_endless":false,"potions_floor_spawned":[5,7,11,29,30,31,37,39,41,54],"ascension_level":4}}