{"host":"jxmsv4d84jcvxth5","time":1612411401,"event":{"mods":["BaseMod","Colored Map","Minty Spire (QoL Compilation)","Relic Stats","StSLib"],"gold_per_floor":[110,110,110,133,151,151,192,208,208,208,53,84,100,100,100,193,193,211,234,253,253,267,267,267,267],"floor_reached":24,"language":"ENG","playtime":1541,"items_purged":[],"score":466,"play_id":"2015f628-af3e-484d-a5a9-f06bbcb07b73","local_time":"20210203230321","is_ascension_mode":true,"campfire_choices":[{"data":"Clothesline","floor":6,"key":"SMITH"},{"data":"Wild Strike","floor":10,"key":"SMITH"},{"data":"Demon Form","floor":15,"key":"SMITH"},{"data":"Reaper","floor":23,"key":"SMITH"}],"circlet_count":0,"master_deck":["AscendersBane","Strike_R+1","Strike_R+1","Strike_R+1","Strike_R+1","Strike_R+1","Defend_R+1","Defend_R+1","Defend_R+1","Defend_R+1","Bash+1","Clothesline+1","Wild Strike+1","Shrug It Off","Pummel","Demon Form+1","Fire Breathing","Shockwave","Reaper+1","Fiend Fire"],"relics":["Burning Blood","Happy Flower","Golden Idol","Self Forming Clay","Question Card","Mercury Hourglass","Coffee Dripper"],"acts_visited":["Exordium","TheCity"],"potions_floor_usage":[12,24,24],"damage_taken":[{"damage":9,"enemies":"Jaw Worm","floor":1,"turns":3},{"damage":5,"enemies":"2 Louse","floor":4,"turns":4},{"damage":2,"enemies":"Cultist","floor":5,"turns":4},{"damage":25,"enemies":"Lagavulin","floor":7,"turns":5},{"damage":2,"enemies":"Blue Slaver","floor":8,"turns":3},{"damage":0,"enemies":"Gremlin Nob","floor":12,"turns":3},{"damage":1,"enemies":"3 Louse","floor":13,"turns":3},{"damage":35,"enemies":"Hexaghost","floor":16,"turns":8},{"damage":31,"enemies":"Shell Parasite","floor":18,"turns":5},{"damage":17,"enemies":"2 Thieves","floor":19,"turns":4},{"damage":28,"enemies":"Centurion and Healer","floor":20,"turns":6},{"damage":23,"enemies":"Sentry and Sphere","floor":22,"turns":5},{"damage":29,"enemies":"Book of Stabbing","floor":24,"turns":5}],"seed_played":"1884539182367163679","potions_obtained":[{"floor":1,"key":"ColorlessPotion"},{"floor":8,"key":"Block Potion"},{"floor":13,"key":"Weak Potion"},{"floor":18,"key":"DistilledChaos"},{"floor":20,"key":"HeartOfIron"}],"is_trial":false,"path_per_floor":["M","?","?","M","M","R","E","M","T","R","$","E","M","?","R","B",null,"M","M","M","?","M","R","E"],"character_chosen":"IRONCLAD","items_purchased":["Demon Form"],"campfire_rested":0,"item_purchase_floors":[11],"current_hp_per_floor":[65,65,65,66,68,68,49,53,53,53,53,59,64,64,64,35,60,41,31,41,41,24,24,0,0],"gold":267,"neow_bonus":"RANDOM_COMMON_RELIC","is_daily":false,"chose_seed":false,"campfire_upgraded":4,"win_rate":0.0,"timestamp":1612411401,"path_taken":["M","?","?","M","?","R","E","M","T","R","$","E","M","?","R","BOSS","M","M","M","?","M","R","E"],"items_purchased_type":["Card"],"build_version":"2020-12-22","purchased_purges":0,"victory":false,"max_hp_per_floor":[75,75,68,68,68,68,68,68,68,68,68,68,68,68,68,68,68,68,68,68,68,68,68,68,68],"relic_stats":{"Happy Flower":[19],"counters":[13,58],"Golden Idol":64,"Self Forming Clay":[90],"Question Card":7,"obtain_stats":[{"Happy Flower":0,"Golden Idol":3,"Self Forming Clay":7,"Coffee Dripper":17,"Question Card":9,"Burning Blood":0,"Mercury Hourglass":12},{"Happy Flower":0,"Golden Idol":1,"Self Forming Clay":4,"Coffee Dripper":8,"Question Card":5,"Burning Blood":0,"Mercury Hourglass":6},{"Happy Flower":0,"Golden Idol":3,"Self Forming Clay":16,"Coffee Dripper":33,"Question Card":19,"Burning Blood":0,"Mercury Hourglass":22}],"Burning Blood":70,"Mercury Hourglass":[114]},"card_choices":[{"not_picked":["Sentinel","Dark Embrace"],"picked":"Clothesline","floor":1},{"not_picked":["Rage","Infernal Blade","Clash"],"picked":"SKIP","floor":4},{"not_picked":["Pummel","Flex"],"picked":"Wild Strike","floor":5},{"not_picked":["Thunderclap","True Grit"],"picked":"Shrug It Off","floor":7},{"not_picked":["Thunderclap","Shrug It Off"],"picked":"Pummel","floor":8},{"not_picked":["Ghostly Armor","Juggernaut","Wild Strike"],"picked":"Fire Breathing","floor":12},{"not_picked":["Wild Strike","Hemokinesis","Twin Strike"],"picked":"Shockwave","floor":13},{"not_picked":["Exhume","Juggernaut","Impervious"],"picked":"Reaper","floor":16},{"not_picked":["Hemokinesis","Infernal Blade","Sentinel+1","Sword Boomerang"],"picked":"SKIP","floor":18},{"not_picked":["Clash","Body Slam","Pommel Strike","Havoc"],"picked":"SKIP","floor":19},{"not_picked":["Pommel Strike","Flex","Armaments"],"picked":"Fiend Fire","floor":20},{"not_picked":["Armaments","True Grit","Wild Strike","Clothesline"],"picked":"SKIP","floor":22}],"player_experience":1549592,"relics_obtained":[{"floor":7,"key":"Self Forming Clay"},{"floor":9,"key":"Question Card"},{"floor":12,"key":"Mercury Hourglass"}],"event_choices":[{"damage_healed":0,"gold_gain":0,"player_choice":"Grow","damage_taken":0,"max_hp_gain":0,"max_hp_loss":0,"event_name":"Living Wall","floor":2,"gold_loss":0,"cards_upgraded":["Bash"]},{"damage_healed":0,"gold_gain":0,"player_choice":"Lose Max HP","damage_taken":0,"relics_obtained":["Golden Idol"],"max_hp_gain":0,"max_hp_loss":7,"event_name":"Golden Idol","floor":3,"gold_loss":0},{"damage_healed":0,"gold_gain":0,"player_choice":"0 cards matched","damage_taken":0,"max_hp_gain":0,"max_hp_loss":0,"event_name":"Match and Keep!","floor":14,"gold_loss":0,"cards_obtained":[]},{"damage_healed":0,"gold_gain":0,"player_choice":"Simplicity","damage_taken":0,"max_hp_gain":0,"max_hp_loss":0,"event_name":"Back to Basics","floor":21,"gold_loss":0,"cards_upgraded":["Strike_R","Strike_R","Strike_R","Strike_R","Strike_R","Defend_R","Defend_R","Defend_R","Defend_R"]}],"is_beta":false,"boss_relics":[{"not_picked":["Black Blood","Runic Dome"],"picked":"Coffee Dripper"}],"items_purged_floors":[],"is_endless":false,"potions_floor_spawned":[1,8,13,18,20],"killed_by":"Book of Stabbing","ascension_level":20}}