{"host":"Aki","time":1612406911,"event":{"mods":["ATMod(°¢èªMod)","BaseMod","Challenge The Spire","Custom Start","DeckTracker","Minty Spire (QoL Compilation)","Quick Restart","StSLib"],"gold_per_floor":[114,114,127,139,154,154,188,188,188,202,277,312,337,352,352,450,450,469,483,498,516,255,284,184,184,236,262,274,302,20,38,38,141,141,153,166,181,196,210,210,225,255,255,267,295,139,173,184,184,184,184,184,34,69,69],"floor_reached":56,"language":"ZHS","playtime":3296,"items_purged":["Strike_G","Strike_G","Strike_G"],"score":1717,"play_id":"55f88943-27b0-4732-a665-4b29d0aa086f","local_time":"20210204104831","is_ascension_mode":true,"campfire_choices":[{"data":"AT_TwilightShroud","floor":6.0,"key":"SMITH"},{"data":"AT_ArcaneSupremacy","floor":8.0,"key":"SMITH"},{"floor":15.0,"key":"DIG"},{"floor":32.0,"key":"DIG"},{"floor":40.0,"key":"DIG"},{"floor":49,"key":"RECALL"},{"floor":52,"key":"DIG"}],"circlet_count":0,"master_deck":["Strike_G","Strike_G","Defend_G","Defend_G","Defend_G+1","Defend_G","Defend_G+1","Survivor+1","Neutralize+1","AT_WindFlip","Blade Dance","AT_TwilightShroud+1","AT_ArcaneSupremacy+1","Bouncing Flask+1","Acrobatics+1","Prepared+1","A Thousand Cuts+1","Calculated Gamble+1","Tactician+1","Footwork","Cloak And Dagger+1","AT_MyraUnstableElement+1","Venomology+1","Reflex+1","AT_WindRun+1","Catalyst+1","Escape Plan+1","Acrobatics+1","After Image","AT_EssenceShift"],"relics":["Ring of the Snake","AT_ATBox","NeowsBlessing","Toxic Egg 2","Bird Faced Urn","Shovel","Odd Mushroom","AT_BladeRuinedKing","Coffee Dripper","Anchor","War Paint","Ginger","Oddly Smooth Stone","TheAbacus","Question Card","AT_TrinityForce","Toy Ornithopter","Blood Vial","Singing Bowl","Mummified Hand","Orrery","Gremlin Horn","White Beast Statue","AT_ChloranthyRing","Happy Flower"],"acts_visited":["Exordium","TheCity","TheBeyond","TheEnding"],"potions_floor_usage":[41,45,47,47,50,54,55,55,55,55],"damage_taken":[{"damage":0.0,"enemies":"2 Louse","floor":1.0,"turns":1.0},{"damage":0.0,"enemies":"Jaw Worm","floor":3.0,"turns":1.0},{"damage":0.0,"enemies":"Small Slimes","floor":4.0,"turns":1.0},{"damage":1.0,"enemies":"Red Slaver","floor":5.0,"turns":4.0},{"damage":6.0,"enemies":"Lagavulin","floor":7.0,"turns":9.0},{"damage":0.0,"enemies":"3 Louse","floor":10.0,"turns":2.0},{"damage":6.0,"enemies":"3 Sentries","floor":12.0,"turns":9.0},{"damage":0.0,"enemies":"The Mushroom Lair","floor":13.0,"turns":4.0},{"damage":9.0,"enemies":"Looter","floor":14.0,"turns":3.0},{"damage":7.0,"enemies":"Hexaghost","floor":16.0,"turns":6.0},{"damage":0.0,"enemies":"Chosen","floor":18.0,"turns":4.0},{"damage":0.0,"enemies":"Spheric Guardian","floor":19.0,"turns":5.0},{"damage":6.0,"enemies":"Snake Plant","floor":20.0,"turns":4.0},{"damage":3.0,"enemies":"Snecko","floor":21.0,"turns":4.0},{"damage":8.0,"enemies":"Book of Stabbing","floor":23.0,"turns":4.0},{"damage":0.0,"enemies":"Gremlin Leader","floor":27.0,"turns":6.0},{"damage":0.0,"enemies":"3 Cultists","floor":28.0,"turns":5.0},{"damage":0.0,"enemies":"Book of Stabbing","floor":29.0,"turns":3.0},{"damage":0.0,"enemies":"Centurion and Healer","floor":31.0,"turns":5.0},{"damage":0.0,"enemies":"Automaton","floor":33.0,"turns":2.0},{"damage":3.0,"enemies":"3 Darklings","floor":35.0,"turns":3.0},{"damage":0.0,"enemies":"Orb Walker","floor":36.0,"turns":2.0},{"damage":0.0,"enemies":"Writhing Mass","floor":37.0,"turns":2.0},{"damage":0.0,"enemies":"Sphere and 2 Shapes","floor":38.0,"turns":3.0},{"damage":0.0,"enemies":"3 Darklings","floor":39.0,"turns":2.0},{"damage":0,"enemies":"Transient","floor":41,"turns":5},{"damage":0,"enemies":"Reptomancer","floor":42,"turns":4},{"damage":0,"enemies":"Maw","floor":44,"turns":3},{"damage":5,"enemies":"Giant Head","floor":45,"turns":4},{"damage":0,"enemies":"Nemesis","floor":47,"turns":3},{"damage":0,"enemies":"Writhing Mass","floor":48,"turns":1},{"damage":3,"enemies":"Awakened One","floor":50,"turns":3},{"damage":0,"enemies":"Shield and Spear","floor":54,"turns":1},{"damage":36,"enemies":"The Heart","floor":55,"turns":7}],"seed_played":"-8055133697692791887","potions_obtained":[{"floor":3.0,"key":"Dexterity Potion"},{"floor":4.0,"key":"Ancient Potion"},{"floor":10.0,"key":"Poison Potion"},{"floor":12.0,"key":"Block Potion"},{"floor":23.0,"key":"AttackPotion"},{"floor":36.0,"key":"CultistPotion"},{"floor":41,"key":"Swift Potion"},{"floor":47,"key":"GamblersBrew"},{"floor":54,"key":"Weak Potion"}],"is_trial":false,"path_per_floor":["M","?","M","M","M","R","E","R","T","M","?","E","?","M","R","B",null,"M","M","M","M","$","E","$","?","T","E","M","E","$","M","R","B",null,"M","M","M","M","M","R","M","E","T","M","E","$","E","M","R","B",null,"R","$","E","B",null],"character_chosen":"THE_SILENT","items_purchased":["Footwork","Anchor","TheAbacus","Orrery","AT_ChloranthyRing"],"campfire_rested":0,"item_purchase_floors":[22,22,30,46,53],"current_hp_per_floor":[70,56,56,56,55,55,49,49,49,49,38,34,36,27,27,22,70,70,70,66,67,67,66,66,66,66,70,70,70,70,70,70,70,70,67,69,70,70,70,70,70,70,70,70,68,76,78,80,80,77,80,80,80,80,50],"gold":69,"neow_bonus":"THREE_ENEMY_KILL","is_daily":false,"chose_seed":false,"campfire_upgraded":2,"win_rate":0.0,"timestamp":1612406911,"path_taken":["M","?","M","M","M","R","E","R","T","M","?","E","?","M","R","BOSS","M","M","M","M","$","E","$","?","T","E","?","E","?","M","R","BOSS","M","M","M","M","M","R","M","E","T","M","E","$","E","M","R","BOSS","R","$","E","BOSS"],"items_purchased_type":["Card","Relic","Relic","Relic","Relic"],"build_version":"2020-12-18","purchased_purges":3,"victory":true,"max_hp_per_floor":[70,70,70,70,70,70,70,70,70,70,70,70,70,70,70,70,70,70,70,70,70,70,70,70,70,70,70,70,70,70,70,70,70,70,70,70,70,70,70,70,70,70,70,70,70,78,78,80,80,80,80,80,80,80,80],"card_choices":[{"not_picked":["Sucker Punch","AT_WindFlip","Riddle With Holes"],"picked":"SKIP","floor":1.0},{"not_picked":["Dagger Throw","Dagger Spray"],"picked":"Blade Dance","floor":3.0},{"not_picked":["AT_KneejerkReflex","Poisoned Stab"],"picked":"AT_TwilightShroud","floor":4.0},{"not_picked":["Riddle With Holes","Outmaneuver"],"picked":"AT_ArcaneSupremacy","floor":5.0},{"not_picked":["Quick Slash","Sucker Punch"],"picked":"Bouncing Flask+1","floor":7.0},{"not_picked":["Bane","Underhanded Strike","Envenom"],"picked":"SKIP","floor":10.0},{"not_picked":["Flying Knee","Outmaneuver+1"],"picked":"Acrobatics+1","floor":12.0},{"not_picked":["Blade Dance+1","AT_WindFlip"],"picked":"Prepared+1","floor":13.0},{"not_picked":["Quick Slash","AT_WindRun+1","Die Die Die"],"picked":"SKIP","floor":14.0},{"not_picked":["Doppelganger+1","Wraith Form v2"],"picked":"A Thousand Cuts","floor":16.0},{"not_picked":["Outmaneuver+1","Blade Dance+1","Flechettes"],"picked":"SKIP","floor":18.0},{"not_picked":["Slice","Poisoned Stab"],"picked":"Calculated Gamble+1","floor":19.0},{"not_picked":["Outmaneuver+1","Underhanded Strike"],"picked":"Tactician+1","floor":20.0},{"not_picked":["AT_KingSlayer","Deflect+1","AT_WindFlip"],"picked":"SKIP","floor":21.0},{"not_picked":["Quick Slash","Finisher","Eviscerate"],"picked":"SKIP","floor":23.0},{"not_picked":["Flying Knee","Deadly Poison+1","Sucker Punch"],"picked":"SKIP","floor":27.0},{"not_picked":["Deflect+1","AT_KneejerkReflex"],"picked":"Cloak And Dagger+1","floor":28.0},{"not_picked":["Flechettes","AT_TinkerSharpsword+1","Blade Dance+1"],"picked":"SKIP","floor":29.0},{"not_picked":["Finisher","PiercingWail+1"],"picked":"AT_MyraUnstableElement+1","floor":31.0},{"not_picked":["Die Die Die","Phantasmal Killer+1","Glass Knife"],"picked":"Venomology+1","floor":33.0},{"not_picked":["Expertise+1","Deadly Poison+1","Quick Slash+1","Slice+1"],"picked":"SKIP","floor":35.0},{"not_picked":["Bane","Well Laid Plans+1","Deflect+1"],"picked":"Reflex+1","floor":36.0},{"not_picked":["Dagger Throw+1","Noxious Fumes+1","Poisoned Stab","Outmaneuver+1"],"picked":"SKIP","floor":37.0},{"not_picked":["Underhanded Strike","Deflect+1","Blur+1"],"picked":"AT_WindRun+1","floor":38.0},{"not_picked":["Slice+1","Flying Knee+1","Deadly Poison+1","Dash"],"picked":"SKIP","floor":39.0},{"not_picked":["Deflect+1","Underhanded Strike+1","Bane","Dagger Spray+1"],"picked":"SKIP","floor":41},{"not_picked":["AT_TwilightShroud+1","PiercingWail+1","AT_TinkerSharpsword+1","Corpse Explosion+1"],"picked":"SKIP","floor":42},{"not_picked":["Poisoned Stab+1","Sucker Punch+1","Deflect+1"],"picked":"Catalyst+1","floor":44},{"not_picked":["Dagger Throw","Eviscerate","AT_TwilightShroud+1"],"picked":"Escape Plan+1","floor":45},{"not_picked":["Glass Knife","Dagger Throw","Deadly Poison+1","Prepared+1"],"picked":"Singing Bowl","floor":46},{"not_picked":["Bane","PiercingWail+1","Blade Dance+1","Predator"],"picked":"Singing Bowl","floor":46},{"not_picked":["Terror+1","Tactician+1","Noxious Fumes"],"picked":"Acrobatics+1","floor":46},{"not_picked":["Quick Slash","PiercingWail+1","AT_TwilightShroud+1","Blade Dance+1"],"picked":"Singing Bowl","floor":46},{"not_picked":["Accuracy","Slice","Flying Knee","Terror+1"],"picked":"Singing Bowl","floor":46},{"not_picked":["Blade Dance+1","Slice+1","Dagger Spray"],"picked":"After Image","floor":47},{"not_picked":["Riddle With Holes+1","Deadly Poison+1","Bane","Accuracy"],"picked":"Singing Bowl","floor":48},{"not_picked":["Deadly Poison+1","Corpse Explosion+1","AT_ShadowStep+1"],"picked":"AT_EssenceShift","floor":54}],"player_experience":33203,"relics_obtained":[{"floor":7.0,"key":"Toxic Egg 2"},{"floor":9.0,"key":"Bird Faced Urn"},{"floor":12.0,"key":"Shovel"},{"floor":13.0,"key":"Odd Mushroom"},{"floor":15.0,"key":"AT_BladeRuinedKing"},{"floor":23.0,"key":"War Paint"},{"floor":27.0,"key":"Ginger"},{"floor":29.0,"key":"Oddly Smooth Stone"},{"floor":32.0,"key":"Question Card"},{"floor":40.0,"key":"Toy Ornithopter"},{"floor":42,"key":"Blood Vial"},{"floor":43,"key":"Singing Bowl"},{"floor":45,"key":"Mummified Hand"},{"floor":47,"key":"Gremlin Horn"},{"floor":52,"key":"White Beast Statue"},{"floor":54,"key":"Happy Flower"}],"event_choices":[{"damage_healed":0.0,"max_hp_gain":0.0,"max_hp_loss":0.0,"gold_gain":0.0,"event_name":"Shining Light","player_choice":"Entered Light","floor":2.0,"gold_loss":0.0,"damage_taken":14.0,"cards_upgraded":["Neutralize","Defend_G"]},{"damage_healed":0.0,"max_hp_gain":0.0,"max_hp_loss":0.0,"gold_gain":75.0,"event_name":"World of Goop","player_choice":"Gather Gold","floor":11.0,"gold_loss":0.0,"damage_taken":11.0},{"damage_healed":0.0,"max_hp_gain":0.0,"max_hp_loss":0.0,"gold_gain":0.0,"event_name":"Mushrooms","player_choice":"Fought Mushrooms","floor":13.0,"gold_loss":0.0,"damage_taken":0.0},{"damage_healed":0.0,"max_hp_gain":0.0,"max_hp_loss":0.0,"gold_gain":0.0,"event_name":"Accursed Blacksmith","player_choice":"Forge","floor":25.0,"gold_loss":0.0,"damage_taken":0.0,"cards_upgraded":["A Thousand Cuts"]}],"is_beta":true,"boss_relics":[{"not_picked":["Fusion Hammer","Empty Cage"],"picked":"Coffee Dripper"},{"not_picked":["SacredBark","Cursed Key"],"picked":"AT_TrinityForce"}],"items_purged_floors":[22,24,30],"is_endless":false,"potions_floor_spawned":[3,4,10,12,14,16,20,23,27,29,36,38,39,41,44,47,54],"ascension_level":2}}