{"host":"dpbezu80jg8zk7un","time":1612456448,"event":{"mods":["BaseMod","Colored Map","Colored Powertips","Custom Start","DeckTracker","Minty Spire (QoL Compilation)","Quick Restart","StSLib","SuperFastMode"],"gold_per_floor":[109,34,34,47,47,77,91,117,193,207,207,226,241,276,276,350,350,360,375,406,419,433,433,165,165,165,165,178,207,207,225,225,302,302,314,189,201,201,423,423,454,454,454,482,499,499,515,525,525,525,525,525,525,126,158,158],"floor_reached":57,"language":"KOR","playtime":1988,"items_purged":["Defend_P","Strike_P","WindmillStrike","BowlingBash+1"],"score":2908,"play_id":"b3ce863d-e9a3-4c63-9498-aec5f74c21e4","local_time":"20210205013408","is_ascension_mode":true,"campfire_choices":[{"data":"CrushJoints","floor":11.0,"key":"SMITH"},{"data":"Vault","floor":15,"key":"SMITH"},{"floor":23,"key":"REST"},{"floor":30,"key":"RECALL"},{"data":"LikeWater","floor":32,"key":"SMITH"},{"data":"Scrawl","floor":40,"key":"SMITH"},{"floor":42,"key":"REST"},{"floor":46,"key":"REST"},{"floor":49,"key":"REST"},{"floor":53,"key":"REST"}],"circlet_count":0,"master_deck":["AscendersBane","Eruption+1","Vigilance+1","CrushJoints+1","FollowUp+1","Vault+1","FearNoEvil+1","DeusExMachina+1","FollowUp+1","LikeWater+1","LessonLearned+1","Scrawl+1","Sanctity+1","Adaptation+1","InnerPeace+1","Adaptation+1"],"relics":["PureWater","NeowsBlessing","Unceasing Top","Pen Nib","InkBottle","StrikeDummy","Runic Pyramid","Red Mask","Medical Kit","Mercury Hourglass","Damaru","Pandora\u0027s Box","PreservedInsect","Dream Catcher","OrangePellets","TeardropLocket"],"acts_visited":["Exordium","TheCity","TheBeyond","TheEnding"],"potions_floor_usage":[14,16,56],"damage_taken":[{"damage":0.0,"enemies":"Jaw Worm","floor":1.0,"turns":1.0},{"damage":0.0,"enemies":"Small Slimes","floor":4.0,"turns":2.0},{"damage":0.0,"enemies":"Gremlin Nob","floor":6.0,"turns":1.0},{"damage":0.0,"enemies":"Cultist","floor":7.0,"turns":3.0},{"damage":15.0,"enemies":"3 Sentries","floor":8.0,"turns":5.0},{"damage":0.0,"enemies":"2 Fungi Beasts","floor":10.0,"turns":2.0},{"damage":14,"enemies":"3 Louse","floor":12,"turns":4},{"damage":6,"enemies":"Red Slaver","floor":13,"turns":4},{"damage":0,"enemies":"Lagavulin","floor":14,"turns":4},{"damage":9,"enemies":"Hexaghost","floor":16,"turns":7},{"damage":0,"enemies":"Chosen","floor":18,"turns":2},{"damage":6,"enemies":"Shell Parasite","floor":19,"turns":2},{"damage":2,"enemies":"Masked Bandits","floor":20,"turns":3},{"damage":0,"enemies":"Chosen and Byrds","floor":21,"turns":3},{"damage":7,"enemies":"Shelled Parasite and Fungi","floor":22,"turns":3},{"damage":0,"enemies":"Snecko","floor":28,"turns":2},{"damage":10,"enemies":"Book of Stabbing","floor":29,"turns":3},{"damage":0,"enemies":"3 Cultists","floor":31,"turns":3},{"damage":9,"enemies":"Collector","floor":33,"turns":6},{"damage":3,"enemies":"3 Darklings","floor":35,"turns":4},{"damage":16,"enemies":"3 Shapes","floor":37,"turns":7},{"damage":0,"enemies":"Giant Head","floor":41,"turns":3},{"damage":0,"enemies":"Nemesis","floor":44,"turns":2},{"damage":0,"enemies":"Transient","floor":45,"turns":6},{"damage":0,"enemies":"Maw","floor":47,"turns":3},{"damage":0,"enemies":"Jaw Worm Horde","floor":48,"turns":2},{"damage":46,"enemies":"Time Eater","floor":50,"turns":7},{"damage":10,"enemies":"Awakened One","floor":51,"turns":5},{"damage":5,"enemies":"Shield and Spear","floor":55,"turns":3},{"damage":80,"enemies":"The Heart","floor":56,"turns":6}],"seed_played":"6341435644215948015","potions_obtained":[{"floor":4.0,"key":"Weak Potion"},{"floor":6.0,"key":"Block Potion"},{"floor":10.0,"key":"DistilledChaos"},{"floor":16,"key":"BlessingOfTheForge"},{"floor":18,"key":"FairyPotion"},{"floor":31,"key":"ColorlessPotion"},{"floor":37,"key":"Swift Potion"}],"is_trial":false,"path_per_floor":["M","$","?","M","?","E","M","E","T","M","R","M","M","E","R","B",null,"M","M","?","M","M","R","$","?","T","?","M","E","R","M","R","B",null,"M","$","M","?","?","R","E","R","T","E","M","R","M","M","R","B","B",null,"R","$","E","B",null],"character_chosen":"WATCHER","items_purchased":["Medical Kit","Adaptation","OrangePellets"],"campfire_rested":5,"item_purchase_floors":[24,54,54],"current_hp_per_floor":[61,61,66,66,66,66,66,51,51,51,51,37,31,31,31,22,60,60,54,52,52,45,66,66,66,66,66,66,56,56,56,56,47,67,64,64,48,48,48,48,48,69,69,69,69,73,73,73,73,27,17,59,73,73,68,9],"gold":158,"neow_bonus":"THREE_ENEMY_KILL","is_daily":false,"chose_seed":false,"campfire_upgraded":4,"win_rate":0.0,"timestamp":1612456448,"path_taken":["M","$","?","M","?","E","M","E","T","?","R","M","M","E","R","BOSS","M","M","?","M","M","R","$","?","T","?","M","E","R","?","R","BOSS","M","$","M","?","?","R","E","R","T","E","M","R","M","?","R","BOSS","BOSS","R","$","E","BOSS"],"items_purchased_type":["Relic","Card","Relic"],"build_version":"2020-12-22","purchased_purges":4,"victory":true,"max_hp_per_floor":[68,68,73,73,73,73,73,73,73,73,73,73,73,73,73,73,73,73,73,73,73,73,73,73,73,73,73,73,73,73,73,73,73,73,73,73,73,73,73,73,73,73,73,73,73,73,73,73,73,73,73,73,73,73,73,73],"card_choices":[{"not_picked":["Consecrate","Fasting2"],"picked":"CrushJoints","floor":1.0},{"not_picked":["SashWhip","Evaluate","CrushJoints"],"picked":"SKIP","floor":4.0},{"not_picked":["PathToVictory","Perseverance"],"picked":"FollowUp","floor":6.0},{"not_picked":["BowlingBash","ReachHeaven","Fasting2"],"picked":"SKIP","floor":7.0},{"not_picked":["ThirdEye","FollowUp","Pray"],"picked":"SKIP","floor":8.0},{"not_picked":["FlurryOfBlows","ClearTheMind"],"picked":"Vault","floor":10.0},{"not_picked":["Protect","Consecrate","JustLucky"],"picked":"SKIP","floor":12},{"not_picked":["CarveReality","EmptyFist"],"picked":"FearNoEvil","floor":13},{"not_picked":["Consecrate","ThirdEye","PathToVictory"],"picked":"SKIP","floor":14},{"not_picked":["Alpha","Devotion"],"picked":"DeusExMachina","floor":16},{"not_picked":["Prostrate","Protect"],"picked":"FollowUp+1","floor":18},{"not_picked":["Protect","WaveOfTheHand","Sanctity"],"picked":"SKIP","floor":19},{"not_picked":["ThirdEye","ClearTheMind","Protect"],"picked":"SKIP","floor":21},{"not_picked":["BowlingBash","FollowUp","Perseverance"],"picked":"SKIP","floor":22},{"not_picked":["Vengeance","FlyingSleeves","WreathOfFlame"],"picked":"SKIP","floor":28},{"not_picked":["CarveReality","WaveOfTheHand","Indignation"],"picked":"SKIP","floor":29},{"not_picked":["Evaluate","PathToVictory+1","Sanctity"],"picked":"SKIP","floor":31},{"not_picked":["Evaluate","PathToVictory+1","Sanctity"],"picked":"SKIP","floor":31},{"not_picked":["Blasphemy","LessonLearned"],"picked":"Scrawl","floor":33},{"not_picked":["PathToVictory","BattleHymn"],"picked":"Adaptation","floor":35},{"not_picked":["Protect","Evaluate","FlurryOfBlows"],"picked":"SKIP","floor":37},{"not_picked":["Judgement","Ragnarok"],"picked":"InnerPeace+1","floor":41},{"not_picked":["Crescendo","SashWhip","EmptyFist"],"picked":"SKIP","floor":44},{"not_picked":["CutThroughFate","SashWhip","WindmillStrike+1"],"picked":"SKIP","floor":45},{"not_picked":["PathToVictory+1","Worship+1","EmptyBody+1"],"picked":"SKIP","floor":47},{"not_picked":["TalkToTheHand","ClearTheMind","ThirdEye"],"picked":"SKIP","floor":48},{"not_picked":["FlurryOfBlows","JustLucky","Tantrum+1"],"picked":"SKIP","floor":55}],"player_experience":2949209,"relics_obtained":[{"floor":6.0,"key":"Unceasing Top"},{"floor":8.0,"key":"Pen Nib"},{"floor":9.0,"key":"InkBottle"},{"floor":14,"key":"StrikeDummy"},{"floor":20,"key":"Red Mask"},{"floor":26,"key":"Mercury Hourglass"},{"floor":29,"key":"Damaru"},{"floor":41,"key":"PreservedInsect"},{"floor":44,"key":"Dream Catcher"},{"floor":55,"key":"TeardropLocket"}],"event_choices":[{"damage_healed":0.0,"max_hp_gain":5.0,"max_hp_loss":0.0,"gold_gain":0.0,"event_name":"Big Fish","player_choice":"Donut","floor":3.0,"gold_loss":0.0,"damage_taken":0.0},{"damage_healed":0.0,"max_hp_gain":0.0,"max_hp_loss":0.0,"gold_gain":0.0,"event_name":"Upgrade Shrine","player_choice":"Upgraded","floor":5.0,"gold_loss":0.0,"damage_taken":0.0,"cards_upgraded":["Eruption"]},{"damage_healed":0,"gold_gain":0,"player_choice":"Fought Bandits","damage_taken":0,"max_hp_gain":0,"max_hp_loss":0,"event_name":"Masked Bandits","floor":20,"gold_loss":0},{"damage_healed":0,"gold_gain":0,"cards_transformed":["Strike_P","Defend_P"],"player_choice":"Became Test Subject","damage_taken":0,"max_hp_gain":0,"max_hp_loss":0,"event_name":"Drug Dealer","floor":25,"gold_loss":0,"cards_obtained":["LikeWater","LessonLearned"]},{"damage_healed":0,"gold_gain":0,"player_choice":"Forge","damage_taken":0,"max_hp_gain":0,"max_hp_loss":0,"event_name":"Accursed Blacksmith","floor":27,"gold_loss":0,"cards_upgraded":["FollowUp"]},{"cards_removed":["Vault"],"damage_healed":0,"gold_gain":0,"player_choice":"Removed Skill","damage_taken":0,"max_hp_gain":0,"max_hp_loss":0,"event_name":"Falling","floor":38,"gold_loss":0},{"damage_healed":0,"gold_gain":222,"player_choice":"Wore Mask","damage_taken":0,"max_hp_gain":0,"max_hp_loss":0,"event_name":"Tomb of Lord Red Mask","floor":39,"gold_loss":0}],"is_beta":false,"boss_relics":[{"not_picked":["SlaversCollar","Astrolabe"],"picked":"Runic Pyramid"},{"not_picked":["Tiny House","Busted Crown"],"picked":"Pandora\u0027s Box"}],"items_purged_floors":[2,24,36,54],"is_endless":false,"potions_floor_spawned":[4,6,7,10,13,16,18,20,21,31,37,41,45],"ascension_level":20}}