{"host":"7f01flv6y0vhl3vt","time":1612465445,"event":{"mods":["Act Like it!","BaseMod","Downfall","Minty Spire (QoL Compilation)","StSLib"],"gold_per_floor":[99,117,2,19,36,36,36,36,54,65,76,87,87,102,116,213,213,13,29,46,57,57,74,120,120,5,0,29,29,29,29],"floor_reached":29,"language":"ENG","playtime":8789,"items_purged":["Guardian:Strike_Guardian","downfall:Bewildered"],"score":253,"play_id":"ad122bc3-865f-44a3-b7fb-d1822bfe294e","local_time":"20210204140405","is_ascension_mode":true,"campfire_choices":[{"floor":1.0,"key":"RECALL"},{"data":"Guardian:StasisStrike","floor":8.0,"key":"SMITH"},{"data":"Guardian:GatlingBeam","floor":13.0,"key":"SMITH"},{"data":"Guardian:RevengeProtocol","floor":18.0,"key":"SMITH"}],"circlet_count":0,"master_deck":["Guardian:TwinSlam","Guardian:SentryBeam","Guardian:EvasiveProtocol","Guardian:RollAttack","Guardian:StasisStrike+1","Guardian:GatlingBeam+1","Guardian:PrismaticBeam","Guardian:ChargeUp+1","Guardian:RevengeProtocol+1","Guardian:ConstructionForm","Guardian:Repulse","Guardian:ExploitGems","Guardian:ChargeUp+1","Guardian:BaubleBeam","Guardian:SentryBeam","Guardian:GuardianWhirl+1","Guardian:TimeCapacitor+1","Guardian:Planning+1","Guardian:WalkerClaw","Guardian:StasisField","Guardian:Emergency+1","Guardian:Gem_Yellow"],"relics":["Guardian:ModeShifter","Pandora\u0027s Box","downfall:HeartBlessingBlue","downfall:HeartBlessingRed","Guardian:DefensiveModeMoreBlock","sneckomod:BabySnecko","War Paint"],"acts_visited":["Exordium","TheCity"],"potions_floor_usage":[27,29],"damage_taken":[{"damage":0.0,"enemies":"2 Louse","floor":2.0,"turns":5.0},{"damage":0.0,"enemies":"downfall:FleeingMerchant","floor":3.0,"turns":4.0},{"damage":0.0,"enemies":"Cultist","floor":4.0,"turns":3.0},{"damage":3.0,"enemies":"Jaw Worm","floor":5.0,"turns":3.0},{"damage":11.0,"enemies":"Exordium Wildlife","floor":9.0,"turns":2.0},{"damage":0.0,"enemies":"Lots of Slimes","floor":10.0,"turns":3.0},{"damage":6.0,"enemies":"2 Fungi Beasts","floor":11.0,"turns":4.0},{"damage":0.0,"enemies":"3 Louse","floor":12.0,"turns":5.0},{"damage":6.0,"enemies":"Large Slime","floor":14.0,"turns":3.0},{"damage":5.0,"enemies":"Exordium Thugs","floor":15.0,"turns":3.0},{"damage":21.0,"enemies":"WA_ARCHETYPE_RETAIN","floor":16.0,"turns":5.0},{"damage":0.0,"enemies":"Spheric Guardian","floor":19.0,"turns":4.0},{"damage":30,"enemies":"Shelled Parasite and Fungi","floor":20,"turns":4},{"damage":15,"enemies":"Chosen and Byrds","floor":21,"turns":5},{"damage":0,"enemies":"Snecko","floor":23,"turns":4},{"damage":15,"enemies":"downfall:FleeingMerchant","floor":26,"turns":4},{"damage":15,"enemies":"downfall:FleeingMerchant","floor":27,"turns":4},{"damage":12,"enemies":"Book of Stabbing","floor":28,"turns":4},{"damage":7,"enemies":"Snake Plant","floor":29,"turns":1}],"seed_played":"-4996612029826357199","potions_obtained":[{"floor":0.0,"key":"Guardian:AcceleratePotion"},{"floor":0.0,"key":"Explosive Potion"},{"floor":0.0,"key":"SpeedPotion"},{"floor":4.0,"key":"Strength Potion"},{"floor":9.0,"key":"SneckoOil"},{"floor":10.0,"key":"PowerPotion"},{"floor":11.0,"key":"DuplicationPotion"},{"floor":15.0,"key":"SteroidPotion"},{"floor":19.0,"key":"LiquidBronze"},{"floor":28,"key":"Dexterity Potion"}],"is_trial":false,"path_per_floor":["R","M","$","M","M","?","T","R","M","M","M","M","R","M","M","B",null,"R","M","M","M","?","M","T","?","$","$","E","M"],"character_chosen":"GUARDIAN","items_purchased":["Guardian:RollAttack"],"campfire_rested":0,"item_purchase_floors":[3],"current_hp_per_floor":[80,80,80,80,77,77,77,77,66,66,60,60,60,54,49,28,80,90,90,60,45,45,45,45,45,30,15,3,0,0,0],"gold":29,"neow_bonus":"THREE_SMALL_POTIONS","is_daily":false,"chose_seed":false,"campfire_upgraded":3,"win_rate":0.0,"timestamp":1612465445,"path_taken":["R","M","$","M","M","?","T","R","?","?","M","M","R","M","M","BOSS","R","M","M","M","?","M","T","?","?","$","E","M"],"items_purchased_type":["Card"],"build_version":"2020-12-22","purchased_purges":2,"victory":false,"max_hp_per_floor":[80,80,80,80,80,80,80,80,80,80,80,80,80,80,80,80,80,90,90,90,90,90,90,90,90,90,90,90,90,90,90],"card_choices":[{"not_picked":["Guardian:RollAttack","Guardian:ShieldCharger"],"picked":"Guardian:SentryBeam","floor":2.0},{"not_picked":["Guardian:ShieldCharger","Guardian:Gem_Cyan"],"picked":"Guardian:EvasiveProtocol","floor":3.0},{"not_picked":["Guardian:WalkerClaw","Guardian:ChargeCore"],"picked":"Guardian:StasisStrike","floor":4.0},{"not_picked":["Guardian:VentSteam","Guardian:ChargeCore"],"picked":"Guardian:Gem_Lightblue","floor":5.0},{"not_picked":["Guardian:Planning","Guardian:ShieldCharger"],"picked":"Guardian:Gem_Purple","floor":9.0},{"not_picked":["Guardian:GuardianWhirl","Guardian:ChargeCore"],"picked":"Guardian:GatlingBeam","floor":10.0},{"not_picked":["Guardian:Planning","Guardian:PrimingBeam"],"picked":"Guardian:PrismaticBeam","floor":11.0},{"not_picked":["Guardian:TemporalShield","Guardian:Recover"],"picked":"Guardian:Gem_Red","floor":12.0},{"not_picked":["Guardian:Reroute","Guardian:EvasiveProtocol"],"picked":"Guardian:ChargeUp","floor":14.0},{"not_picked":["Guardian:Suspension","Guardian:Gem_Red"],"picked":"Guardian:Gem_Yellow","floor":15.0},{"not_picked":["Guardian:StasisField","Guardian:GemFinder"],"picked":"Guardian:RevengeProtocol","floor":16.0},{"not_picked":["Guardian:ShieldCharger","Guardian:Gem_Yellow"],"picked":"Guardian:GuardianWhirl+1","floor":19.0},{"not_picked":["Guardian:ShieldCharger+1","Guardian:TemporalShield"],"picked":"Guardian:TimeCapacitor+1","floor":20},{"not_picked":["Guardian:CrystalBeam","Guardian:Incinerate"],"picked":"Guardian:Planning+1","floor":21},{"not_picked":["Guardian:Gem_Cyan","Guardian:ShieldCharger"],"picked":"Guardian:WalkerClaw","floor":23},{"not_picked":["Guardian:ShieldCharger","Guardian:Gem_Fragmented"],"picked":"Guardian:StasisField","floor":26},{"not_picked":["Guardian:Suspension","Guardian:ShieldCharger"],"picked":"Guardian:Emergency+1","floor":27},{"not_picked":["Guardian:Gem_Red","Guardian:ChargeCore+1"],"picked":"Guardian:Gem_Yellow","floor":28}],"player_experience":1604598,"relics_obtained":[{"floor":24,"key":"Guardian:DefensiveModeMoreBlock"},{"floor":28,"key":"War Paint"}],"event_choices":[],"is_beta":false,"boss_relics":[{"not_picked":["Astrolabe","SacredBark"],"picked":"Pandora\u0027s Box"}],"items_purged_floors":[3,26],"is_endless":false,"potions_floor_spawned":[4,9,10,11,15,19,28],"killed_by":"Snake Plant","ascension_level":1}}