{"host":"osk2oboccoevp2u5","time":1612473098,"event":{"mods":["AchievementEnabler","Alarm Clock","BaseMod","Colored Powertips","Disable Question Mark Monsters","Displayed Cursed Tome","Key Reminder","Koishi","Minty Spire (QoL Compilation)","Potion Indicator Mod","Quick Restart","Rare Cards Sparkle","Reorder Act Four","StSLib","Useless Jewels Mod"],"gold_per_floor":[116,291,291,11,11,11,26,26,100,135,135,135,135],"floor_reached":12,"language":"ENG","playtime":466,"items_purged":["Koishi:BasicStrike"],"score":109,"play_id":"30247500-4d43-4f33-bb21-f97e7d68ff2c","local_time":"20210204171138","is_ascension_mode":true,"campfire_choices":[{"data":"Koishi:ReflexRadar","floor":6,"key":"SMITH"},{"floor":11,"key":"REST"}],"circlet_count":0,"master_deck":["Koishi:BasicStrike","Koishi:BasicStrike","Koishi:BasicStrike","Koishi:BasicDefend","Koishi:BasicDefend","Koishi:BasicDefend","Koishi:BasicDefend","Koishi:Provoke","Koishi:HauntingSlash+1","Koishi:SubterraneanRose","Doubt","Koishi:ReflexRadar+1","Koishi:EmbersOfLove"],"relics":["Koishi:ImaginaryFriend","NeowsBlessing","Oddly Smooth Stone","Golden Idol","uselessJewelsMod:UselessJewelsRelic","Eternal Feather","Lizard Tail","keyreminder:keyreminder"],"acts_visited":["Exordium"],"potions_floor_usage":[12],"damage_taken":[{"damage":0,"enemies":"Small Slimes","floor":1,"turns":1},{"damage":0,"enemies":"2 Louse","floor":7,"turns":1},{"damage":0,"enemies":"3 Sentries","floor":10,"turns":1},{"damage":28,"enemies":"Lagavulin","floor":12,"turns":18}],"seed_played":"-3642161470848254778","potions_obtained":[{"floor":10,"key":"Block Potion"}],"is_trial":false,"path_per_floor":["M","?","?","$","?","R","M","?","T","E","R","E"],"character_chosen":"KOISHI","items_purchased":["Oddly Smooth Stone","Koishi:ReflexRadar"],"campfire_rested":1,"item_purchase_floors":[4,4],"current_hp_per_floor":[60,60,60,60,45,45,45,27,27,27,51,23,23],"gold":135,"neow_bonus":"THREE_ENEMY_KILL","is_daily":false,"chose_seed":false,"campfire_upgraded":1,"win_rate":0.0,"timestamp":1612473098,"path_taken":["M","?","?","$","?","R","M","?","T","E","R","E"],"items_purchased_type":["Relic","Card"],"build_version":"2020-12-22","purchased_purges":1,"victory":false,"max_hp_per_floor":[60,60,60,60,60,60,60,60,60,60,60,60,60],"card_choices":[{"not_picked":["Koishi:HeartfeltFancy","Koishi:ApparitionsStalkTheNight"],"picked":"Koishi:SubterraneanRose","floor":1},{"not_picked":["Koishi:DreadfulBlow","Koishi:Jaunt","Koishi:Bloodlust"],"picked":"SKIP","floor":7},{"not_picked":["Koishi:RorschachInDanmaku","Koishi:IdleWhim"],"picked":"Koishi:EmbersOfLove","floor":10}],"player_experience":953688,"relics_obtained":[{"floor":9,"key":"Eternal Feather"},{"floor":10,"key":"Lizard Tail"}],"event_choices":[{"damage_healed":0,"gold_gain":175,"player_choice":"AGREE","damage_taken":0,"max_hp_gain":0,"max_hp_loss":0,"event_name":"Liars Game","floor":2,"gold_loss":0,"cards_obtained":["Doubt"]},{"damage_healed":0,"gold_gain":0,"player_choice":"Grow","damage_taken":0,"max_hp_gain":0,"max_hp_loss":0,"event_name":"Living Wall","floor":3,"gold_loss":0,"cards_upgraded":["Koishi:HauntingSlash"]},{"damage_healed":0,"gold_gain":0,"player_choice":"Take Damage","damage_taken":15,"relics_obtained":["Golden Idol"],"max_hp_gain":0,"max_hp_loss":0,"event_name":"Golden Idol","floor":5,"gold_loss":0},{"damage_healed":0,"gold_gain":0,"player_choice":"Success","damage_taken":18,"relics_obtained":["uselessJewelsMod:UselessJewelsRelic"],"max_hp_gain":0,"max_hp_loss":0,"event_name":"Scrap Ooze","floor":8,"gold_loss":0}],"is_beta":false,"boss_relics":[],"items_purged_floors":[4],"is_endless":false,"potions_floor_spawned":[10],"killed_by":"Lagavulin","ascension_level":2}}