{"host":"kig4ty9d1aubg29s","time":1612425220,"event":{"mods":["BaseMod","Minty Spire (QoL Compilation)","READ ME - Guardian Mod","READ ME - Snecko Mod","StSLib","The Cursed","The Gatherer","The Hierophant","The Runesmith"],"gold_per_floor":[110,260,260,276,276,276,310,310,310,310,341,101,144,167,167,260,260,278,105,105,105,122,122,147,159,182,216,216,216,258,281,290,373,382,408,435,325,353,375,419,419,463,499,563,572,304,304,0,9,9,9],"floor_reached":50,"language":"KOR","playtime":1949,"items_purged":["Doubt","Writhe"],"score":1319,"play_id":"585e738b-de08-4948-a01c-95fc70963a3c","local_time":"20210204165340","is_ascension_mode":true,"campfire_choices":[{"floor":6,"key":"REST"},{"data":"Zap","floor":8,"key":"SMITH"},{"data":"Melter","floor":10,"key":"SMITH"},{"floor":15,"key":"REST"},{"data":"Static Discharge","floor":23,"key":"SMITH"},{"floor":29,"key":"REST"},{"floor":32,"key":"REST"},{"data":"Aggregate","floor":41,"key":"SMITH"},{"floor":49,"key":"REST"}],"circlet_count":0,"master_deck":["AscendersBane","Strike_B","Strike_B","Strike_B","Strike_B","Defend_B","Defend_B","Defend_B","Defend_B","Zap+1","Compile Driver","Gash","Melter+1","Self Repair","Static Discharge+1","Conserve Battery+1","All For One+1","Sweeping Beam+1","Go for the Eyes+1","Sweeping Beam+1","Compile Driver+1","Scrape+1","Compile Driver+1","Sweeping Beam+1","Glacier","Darkness+1","All For One+1","CurseOfTheBell","Hologram+1","Streamline+1","Redo+1","Aggregate+1","Hologram+1","Scrape+1","Undo","Conserve Battery+1"],"relics":["Cracked Core","NeowsBlessing","Bloody Idol","Ornamental Fan","Mango","Molten Egg 2","Omamori","Bag of Preparation","Runesmith:AutoHammer","Cursed Key","ClockworkSouvenir","Oddly Smooth Stone","Dream Catcher","Akabeko","Symbiotic Virus","CeramicFish","Calling Bell","Juzu Bracelet","Letter Opener","Ginger","InkBottle","Darkstone Periapt","Vajra","Thread and Needle","Bag of Marbles","Red Mask"],"acts_visited":["Exordium","TheCity","TheBeyond"],"potions_floor_usage":[11,16,18,30,33,40,42,44],"damage_taken":[{"damage":0,"enemies":"Small Slimes","floor":1,"turns":1},{"damage":0,"enemies":"2 Louse","floor":4,"turns":1},{"damage":0,"enemies":"Gremlin Nob","floor":7,"turns":1},{"damage":31,"enemies":"Lagavulin","floor":11,"turns":7},{"damage":35,"enemies":"Gremlin Nob","floor":13,"turns":4},{"damage":7,"enemies":"Jaw Worm","floor":14,"turns":3},{"damage":37,"enemies":"Hexaghost","floor":16,"turns":8},{"damage":17,"enemies":"2 Thieves","floor":18,"turns":3},{"damage":5,"enemies":"Spheric Guardian","floor":22,"turns":3},{"damage":22,"enemies":"Slavers","floor":24,"turns":4},{"damage":9,"enemies":"Cultist and Chosen","floor":25,"turns":4},{"damage":28,"enemies":"Gremlin Leader","floor":27,"turns":5},{"damage":33,"enemies":"Slavers","floor":30,"turns":3},{"damage":13,"enemies":"3 Cultists","floor":31,"turns":3},{"damage":56,"enemies":"Collector","floor":33,"turns":7},{"damage":18,"enemies":"3 Darklings","floor":35,"turns":3},{"damage":9,"enemies":"Orb Walker","floor":36,"turns":2},{"damage":14,"enemies":"Maw","floor":38,"turns":6},{"damage":21,"enemies":"Spire Growth","floor":39,"turns":5},{"damage":29,"enemies":"Reptomancer","floor":40,"turns":5},{"damage":46,"enemies":"Giant Head","floor":42,"turns":6},{"damage":14,"enemies":"2 Orb Walkers","floor":44,"turns":3},{"damage":96,"enemies":"Time Eater","floor":50,"turns":10}],"seed_played":"-1809252356250162791","potions_obtained":[{"floor":1,"key":"FearPotion"},{"floor":11,"key":"Fire Potion"},{"floor":13,"key":"DuplicationPotion"},{"floor":24,"key":"FocusPotion"},{"floor":30,"key":"Dexterity Potion"},{"floor":35,"key":"Regen Potion"},{"floor":39,"key":"AttackPotion"},{"floor":42,"key":"FocusPotion"},{"floor":44,"key":"Explosive Potion"}],"is_trial":false,"path_per_floor":["M","?","?","M","?","R","E","R","T","R","E","$","E","M","R","B",null,"M","$","?","T","M","R","E","M","T","E","?","R","E","M","R","B",null,"M","M","?","M","M","E","R","E","T","?","?","$","?","?","R","B"],"character_chosen":"DEFECT","items_purchased":["Bag of Preparation","ClockworkSouvenir","Bag of Marbles"],"campfire_rested":5,"item_purchase_floors":[12,19,46],"current_hp_per_floor":[64,64,64,64,46,67,81,81,81,81,50,50,22,22,47,17,68,58,58,58,58,65,65,55,58,63,40,40,65,49,53,83,44,76,75,83,83,85,74,62,62,41,57,60,65,65,65,65,91,0,0],"gold":9,"neow_bonus":"THREE_ENEMY_KILL","is_daily":false,"chose_seed":false,"campfire_upgraded":4,"win_rate":0.0,"timestamp":1612425220,"path_taken":["M","?","?","M","?","R","E","R","T","R","E","$","E","M","R","BOSS","M","$","?","?","?","R","E","M","T","E","?","R","E","M","R","BOSS","M","M","?","M","M","E","R","E","T","?","?","$","?","?","R","BOSS"],"items_purchased_type":["Relic","Relic","Relic"],"build_version":"2020-12-22","purchased_purges":2,"victory":false,"max_hp_per_floor":[71,71,71,71,71,71,85,85,85,85,85,85,85,85,85,85,85,85,85,85,85,85,85,85,85,85,85,85,85,85,85,85,85,85,85,85,85,85,85,85,85,85,91,91,91,91,91,91,91,91,91],"card_choices":[{"not_picked":["Hello World","Leap"],"picked":"Compile Driver","floor":1},{"not_picked":["Go for the Eyes","Steam"],"picked":"Gash","floor":4},{"not_picked":["Turbo","Doom and Gloom"],"picked":"Melter","floor":7},{"not_picked":["Reprogram","Chaos"],"picked":"Self Repair","floor":11},{"not_picked":["Blizzard+1","Turbo"],"picked":"Static Discharge","floor":13},{"not_picked":["Reprogram","Steam"],"picked":"Conserve Battery","floor":14},{"not_picked":["Hyperbeam+1","Multi-Cast"],"picked":"All For One+1","floor":16},{"not_picked":["Conserve Battery","Turbo"],"picked":"Sweeping Beam+1","floor":18},{"not_picked":["Self Repair","Conserve Battery"],"picked":"Go for the Eyes+1","floor":22},{"not_picked":["Leap","Conserve Battery"],"picked":"Sweeping Beam+1","floor":24},{"not_picked":["Creative AI","Barrage+1"],"picked":"Compile Driver+1","floor":25},{"not_picked":["Turbo","Steam Power"],"picked":"Scrape+1","floor":27},{"not_picked":["Lockon+1","Heatsinks"],"picked":"Compile Driver+1","floor":29},{"not_picked":["Turbo","Ball Lightning+1"],"picked":"Sweeping Beam+1","floor":30},{"not_picked":["Tempest","Turbo"],"picked":"Glacier","floor":31},{"not_picked":["Barrage+1","Leap"],"picked":"Darkness+1","floor":32},{"not_picked":["Reboot","Meteor Strike+1"],"picked":"All For One+1","floor":33},{"not_picked":["Coolheaded","Steam Power"],"picked":"Hologram+1","floor":35},{"not_picked":["Tempest","Barrage+1"],"picked":"Streamline+1","floor":36},{"not_picked":["Conserve Battery","Capacitor"],"picked":"Darkness","floor":38},{"not_picked":["Sweeping Beam+1","Ball Lightning+1"],"picked":"Redo+1","floor":39},{"not_picked":["Rainbow","Consume"],"picked":"Aggregate","floor":40},{"not_picked":["Compile Driver+1","Blizzard+1"],"picked":"Hologram+1","floor":42},{"not_picked":["Reprogram+1","Cold Snap+1"],"picked":"Scrape+1","floor":44},{"not_picked":["Turbo","Recycle"],"picked":"Conserve Battery+1","floor":49}],"player_experience":1962344,"relics_obtained":[{"floor":7,"key":"Mango"},{"floor":9,"key":"Molten Egg 2"},{"floor":11,"key":"Omamori"},{"floor":13,"key":"Runesmith:AutoHammer"},{"floor":21,"key":"Oddly Smooth Stone"},{"floor":24,"key":"Dream Catcher"},{"floor":26,"key":"Akabeko"},{"floor":27,"key":"Symbiotic Virus"},{"floor":30,"key":"CeramicFish"},{"floor":34,"key":"Juzu Bracelet"},{"floor":34,"key":"Letter Opener"},{"floor":34,"key":"Ginger"},{"floor":40,"key":"InkBottle"},{"floor":42,"key":"Darkstone Periapt"},{"floor":43,"key":"Vajra"},{"floor":44,"key":"Thread and Needle"}],"event_choices":[{"damage_healed":0,"gold_gain":150,"player_choice":"AGREE","damage_taken":0,"max_hp_gain":0,"max_hp_loss":0,"event_name":"Liars Game","floor":2,"gold_loss":0,"cards_obtained":["Doubt"]},{"damage_healed":0,"gold_gain":0,"player_choice":"Take Wound","damage_taken":0,"relics_obtained":["Golden Idol"],"max_hp_gain":0,"max_hp_loss":0,"event_name":"Golden Idol","floor":3,"gold_loss":0,"cards_obtained":["Injury"]},{"damage_healed":0,"gold_gain":0,"player_choice":"Success","damage_taken":18,"relics_obtained":["Ornamental Fan"],"max_hp_gain":0,"max_hp_loss":0,"event_name":"Scrap Ooze","floor":5,"gold_loss":0},{"damage_healed":0,"gold_gain":0,"player_choice":"Gave Idol","damage_taken":0,"relics_obtained":["Bloody Idol"],"max_hp_gain":0,"max_hp_loss":0,"event_name":"Forgotten Altar","floor":20,"relics_lost":["Golden Idol"],"gold_loss":0},{"damage_healed":0,"gold_gain":0,"player_choice":"Ignored","damage_taken":0,"max_hp_gain":0,"max_hp_loss":0,"event_name":"Vampires","floor":28,"gold_loss":0},{"cards_removed":["Injury"],"damage_healed":0,"gold_gain":0,"player_choice":"Upgrade and Remove","damage_taken":0,"max_hp_gain":0,"max_hp_loss":0,"event_name":"Designer","floor":37,"gold_loss":110,"cards_upgraded":["Conserve Battery"]},{"damage_healed":0,"gold_gain":0,"player_choice":"Fight","damage_taken":0,"max_hp_gain":0,"max_hp_loss":0,"event_name":"Mysterious Sphere","floor":44,"gold_loss":0},{"damage_healed":0,"gold_gain":0,"cards_transformed":["Dualcast"],"player_choice":"Transformed","damage_taken":0,"max_hp_gain":0,"max_hp_loss":0,"event_name":"Transmorgrifier","floor":45,"gold_loss":0,"cards_obtained":["Undo"]},{"cards_removed":["Darkness"],"damage_healed":0,"gold_gain":0,"player_choice":"Removed Skill","damage_taken":0,"max_hp_gain":0,"max_hp_loss":0,"event_name":"Falling","floor":47,"gold_loss":0},{"damage_healed":0,"gold_gain":0,"player_choice":"Paid","damage_taken":0,"relics_obtained":["Red Mask"],"max_hp_gain":0,"max_hp_loss":0,"event_name":"Tomb of Lord Red Mask","floor":48,"gold_loss":304}],"is_beta":false,"boss_relics":[{"not_picked":["Ectoplasm","Runic Dome"],"picked":"Cursed Key"},{"not_picked":["Fusion Hammer","SacredBark"],"picked":"Calling Bell"}],"items_purged_floors":[12,46],"is_endless":false,"potions_floor_spawned":[1,11,13,14,24,30,35,39,42,44],"killed_by":"Time Eater","ascension_level":20}}