{"host":"h2977v3ax51ohsow","time":1612423250,"event":{"mods":["Act Like it!","BaseMod","Colored Powertips","Koishi","Lobotomy","LobotomyExtend","Marisa£®ÏF”Í°°ƒß¿Ì…≥£©","Minty Spire (QoL Compilation)","Reimu£®≤©¿ˆ¡È√Œ£©","Remilia£®¿Ÿ√◊¿Ú—«£©","StSLib","The Administrix","The Servant 0.9.4"],"gold_per_floor":[113,124,124,135,152,181,181,181,181],"floor_reached":8,"language":"ZHS","playtime":431,"items_purged":[],"score":58,"play_id":"99191fd1-21fd-4289-98e1-b4b73bddfddb","local_time":"20210204152050","is_ascension_mode":false,"campfire_choices":[],"circlet_count":0,"master_deck":["SpecialBullet","SpecialBullet","SpecialBullet","SpecialBullet","SpecialBullet","SpecialBullet","SpecialBullet","SpecialBullet","DisciplinaryCode","RecordCode","ControlCode","Beak","Funeral","RapturousDream","SolemnVow"],"relics":["CogitoBucket","LetterFromLob","Gremlin Horn"],"acts_visited":["Exordium"],"potions_floor_usage":[5],"damage_taken":[{"damage":6,"enemies":"Cultist","floor":1,"turns":3},{"damage":17,"enemies":"Small Slimes","floor":2,"turns":3},{"damage":11,"enemies":"Jaw Worm","floor":4,"turns":2},{"damage":7,"enemies":"Exordium Thugs","floor":5,"turns":4},{"damage":18,"enemies":"Gremlin Nob","floor":6,"turns":4},{"damage":0,"enemies":"3 Sentries","floor":8,"turns":1}],"seed_played":"-2900139302353179562","potions_obtained":[{"floor":0,"key":"SpeedPotion"},{"floor":0,"key":"LiquidMemories"},{"floor":0,"key":"LiquidMemories"},{"floor":2,"key":"Weak Potion"}],"is_trial":false,"path_per_floor":["M","M","?","M","M","E","R","E"],"character_chosen":"Angela","items_purchased":[],"campfire_rested":0,"item_purchase_floors":[],"current_hp_per_floor":[64,47,47,36,30,13,13,13,13],"gold":181,"neow_bonus":"THREE_SMALL_POTIONS","is_daily":false,"chose_seed":false,"campfire_upgraded":0,"win_rate":0.0,"timestamp":1612423250,"path_taken":["M","?","?","M","M","E","R","E"],"items_purchased_type":[],"build_version":"2020-12-22","purchased_purges":0,"victory":false,"max_hp_per_floor":[70,70,70,70,70,70,70,70,70],"card_choices":[{"not_picked":["MeatLantern","WallGazer"],"picked":"Mercenary","floor":1},{"not_picked":["SomewhereSpear","Penitence"],"picked":"SKIP","floor":1},{"not_picked":["SomewhereSpear","Penitence"],"picked":"SKIP","floor":1},{"not_picked":["GreenStem","FourthMatchFlame"],"picked":"SKIP","floor":2},{"not_picked":["LittleHelper","BlackArmy"],"picked":"Funeral","floor":4},{"not_picked":["WristCuter"],"picked":"RapturousDream","floor":4},{"not_picked":["BearPaw","Discord"],"picked":"SKIP","floor":5},{"not_picked":["Horn"],"picked":"SolemnVow","floor":6}],"player_experience":133381,"relics_obtained":[{"floor":1,"key":"LetterFromLob"},{"floor":6,"key":"Gremlin Horn"}],"event_choices":[{"damage_healed":0,"gold_gain":0,"cards_transformed":["Mercenary"],"player_choice":"Change","damage_taken":0,"max_hp_gain":0,"max_hp_loss":0,"event_name":"Living Wall","floor":3,"gold_loss":0,"cards_obtained":["Beak"]}],"is_beta":false,"boss_relics":[],"items_purged_floors":[],"is_endless":false,"potions_floor_spawned":[2,4],"killed_by":"3 Sentries","ascension_level":0}}