{"host":"9mz6x6ekz95y53i5","time":1612431507,"event":{"mods":["AchievementEnabler","BaseMod","Downfall","Energized Spire","Minty Spire (QoL Compilation)","Reliquary","Replay The Spire","Spicy Shops","StSLib","The Bug Knight","UnlockEverythingMod","Warlord Emblem","¡¾ÒÅÎï¿¨ÅÆ¡¿REMEMod"],"gold_per_floor":[114,132,151,163,173,173,185,185,185,205,233,33,44,64,64,160,160,170,32,49,0,19,19,19,19,19,32,45,45,64,76,76,172,172,185,185,185,185,224,224,259,10,34,54,73,73,108,108,108,108,108,108,20,54,54],"floor_reached":56,"language":"ZHS","playtime":6286,"items_purged":["Strike_B","Zap","Normality","All For One","Machine Learning"],"score":1211,"play_id":"95d43834-ee45-4d39-99d7-965dfd1c5212","local_time":"20210204173827","is_ascension_mode":false,"campfire_choices":[{"data":"Chaos","floor":6.0,"key":"SMITH"},{"data":"Chaos","floor":8.0,"key":"SMITH"},{"floor":15.0,"key":"REST"},{"data":"Creative AI","floor":23,"key":"SMITH"},{"floor":25,"key":"REST"},{"floor":29,"key":"REST"},{"floor":32,"key":"REST"},{"floor":40,"key":"RECALL"},{"data":"Chaos","floor":46,"key":"SMITH"},{"data":"Fusion","floor":49,"key":"PURGE"},{"data":"White Noise","floor":52,"key":"SMITH"}],"circlet_count":0,"master_deck":["Cold Snap","Darkness","Chaos+1","Panache","Hello World","Ball Lightning","Chaos+1","Sweeping Beam","Redo","ReplayTheSpireMod:Calculation Training","Storm","Genetic Algorithm","Creative AI+1","Reboot","Steam Power","Machine Learning","Turbo","Capacitor","Coolheaded","White Noise+1","Panic Button+1","Core Surge","Chaos+1","downfall:Aged","Chill","Auto Shields","Meteor Strike","Turbo+1","Voices","Writhe","Hello World+1","Self Repair","BootSequence","Clumsy","Biased Cognition","Ball Lightning+1","ReplayTheSpireMod:Calculation Training+1","Skim"],"relics":["WarlordEmblem:SoulOfKael","REME_ComplimentaryCards","Vajra","Membership Card","Pandora\u0027s Box","reliquary:JackalopeAntler","ReplayTheSpireMod:CursedCoin","Replay:Rubber Ducky","Cursed Key","Ring of Searing","Ring of Misfortune","Gambling Chip","Pear","Centennial Puzzle","StrikeDummy","Unceasing Top"],"acts_visited":["Exordium","TheCity","TheBeyond","TheEnding"],"potions_floor_usage":[27,41,44,47,50,50,55],"damage_taken":[{"damage":1.0,"enemies":"Cultist","floor":1.0,"turns":3.0},{"damage":2.0,"enemies":"2 Louse","floor":2.0,"turns":3.0},{"damage":4.0,"enemies":"Jaw Worm","floor":3.0,"turns":4.0},{"damage":14.0,"enemies":"Blue Slaver","floor":4.0,"turns":3.0},{"damage":9.0,"enemies":"Large Slime","floor":5.0,"turns":3.0},{"damage":4.0,"enemies":"2 Fungi Beasts","floor":7.0,"turns":3.0},{"damage":14.0,"enemies":"Exordium Wildlife","floor":10.0,"turns":2.0},{"damage":5.0,"enemies":"Replay:BlueRogue","floor":11.0,"turns":4.0},{"damage":0.0,"enemies":"Large Slime","floor":13.0,"turns":4.0},{"damage":13.0,"enemies":"Red Slaver","floor":14.0,"turns":3.0},{"damage":9.0,"enemies":"The Guardian","floor":16.0,"turns":7.0},{"damage":23.0,"enemies":"Shell Parasite","floor":18.0,"turns":4.0},{"damage":8,"enemies":"Chosen","floor":20,"turns":4},{"damage":19,"enemies":"Centurion and Healer","floor":22,"turns":5},{"damage":42,"enemies":"Snake Plant","floor":27,"turns":3},{"damage":5,"enemies":"Cultist and Chosen","floor":30,"turns":4},{"damage":6,"enemies":"Centurion and Healer","floor":31,"turns":6},{"damage":0,"enemies":"Champ","floor":33,"turns":10},{"damage":3,"enemies":"Orb Walker","floor":35,"turns":5},{"damage":13,"enemies":"HollowMod:StalkingDevout","floor":41,"turns":5},{"damage":2,"enemies":"3 Darklings","floor":44,"turns":3},{"damage":15,"enemies":"4 Shapes","floor":45,"turns":4},{"damage":12,"enemies":"Nemesis","floor":47,"turns":5},{"damage":58,"enemies":"Awakened One","floor":50,"turns":9},{"damage":17,"enemies":"Shield and Spear","floor":54,"turns":3},{"damage":59,"enemies":"The Heart","floor":55,"turns":8}],"seed_played":"-3479504604894914453","potions_obtained":[{"floor":3.0,"key":"DuplicationPotion"},{"floor":4.0,"key":"Slimebound:ThreeZeroPotion"},{"floor":5.0,"key":"ColorlessPotion"},{"floor":10.0,"key":"LiquidMemories"},{"floor":22,"key":"champ:CounterPotion"},{"floor":30,"key":"Fire Potion"},{"floor":31,"key":"Guardian:BlockOnCardUsePotion"},{"floor":39,"key":"ColorlessPotion"},{"floor":44,"key":"ColorlessPotion"},{"floor":47,"key":"Elixir"},{"floor":54,"key":"ColorlessPotion"}],"is_trial":false,"path_per_floor":["M","M","M","M","M","R","M","R","T","M","E","$","M","M","R","B",null,"M","$","M","?","M","R","?","R","T","M","$","R","M","M","R","B",null,"M","?","?","?","?","R","E","$","T","M","M","R","E","?","R","B",null,"R","$","E","B",null],"character_chosen":"Kael","items_purchased":["Membership Card","Storm","Coolheaded","White Noise","ReplayTheSpireMod:CursedCoin","Replay:Rubber Ducky","Pear","BootSequence"],"campfire_rested":4,"item_purchase_floors":[12,12,19,19,28,28,42,42],"current_hp_per_floor":[81,79,75,61,52,52,48,48,48,34,29,29,29,16,40,31,82,59,59,51,51,32,32,32,56,56,14,14,38,33,27,51,51,82,79,79,78,78,78,78,65,75,75,80,72,72,67,67,67,9,88,88,88,71,12],"gold":54,"neow_bonus":"TEN_PERCENT_HP_BONUS","is_daily":false,"chose_seed":false,"campfire_upgraded":5,"win_rate":0.0,"timestamp":1612431507,"path_taken":["M","M","M","?","M","R","M","R","T","M","E","?","M","?","R","BOSS","M","$","M","?","M","R","?","R","T","M","$","R","M","M","R","BOSS","M","?","?","?","?","R","E","$","T","M","?","R","E","?","R","BOSS","R","$","E","BOSS"],"items_purchased_type":["Relic","Card","Card","Card","Relic","Relic","Relic","Card"],"build_version":"2020-12-22","purchased_purges":5,"victory":true,"max_hp_per_floor":[82,82,82,82,82,82,82,82,82,82,82,82,82,82,82,82,82,82,82,82,82,82,82,82,82,82,82,82,82,82,82,82,82,82,82,82,78,78,78,78,78,88,88,88,88,88,88,88,88,88,88,88,88,88,88],"card_choices":[{"not_picked":["Go for the Eyes","Static Discharge","Rebound"],"picked":"SKIP","floor":1.0},{"not_picked":["Auto Shields","Steam"],"picked":"Hello World","floor":2.0},{"not_picked":["Sunder","Rebound"],"picked":"Ball Lightning","floor":3.0},{"not_picked":["BasicCrystalCard","Glacier"],"picked":"Chaos","floor":4.0},{"not_picked":["Cold Snap","Leap"],"picked":"Sweeping Beam","floor":5.0},{"not_picked":["Compile Driver","Rip and Tear"],"picked":"Redo","floor":7.0},{"not_picked":["Streamline","Ball Lightning"],"picked":"ReplayTheSpireMod:Calculation Training","floor":10.0},{"not_picked":["Rip and Tear","Fusion"],"picked":"Machine Learning","floor":11.0},{"not_picked":["Beam Cell","Glacier","Rebound"],"picked":"SKIP","floor":13.0},{"not_picked":["Sunder","Compile Driver"],"picked":"Genetic Algorithm","floor":14.0},{"not_picked":["ReplayRNGCard","Buffer"],"picked":"Creative AI","floor":16.0},{"not_picked":["ReplayTheSpireMod:GoodbyeWorld","Conserve Battery"],"picked":"ReplaySolidLightProjector","floor":18.0},{"not_picked":["BasicCrystalCard+1","ReplayTheSpireMod:Calculation Training+1"],"picked":"Panic Button+1","floor":20},{"not_picked":["BasicCrystalCard","Cold Snap","Streamline"],"picked":"SKIP","floor":22},{"not_picked":["Storm","Rebound"],"picked":"Chaos","floor":27},{"not_picked":["Reprogram","Barrage"],"picked":"Chill","floor":30},{"not_picked":["Conserve Battery+1","Leap"],"picked":"Auto Shields","floor":31},{"not_picked":["Hyperbeam","ReplayTheSpireMod:Fabricate Wheel"],"picked":"Meteor Strike","floor":33},{"not_picked":["Beam Cell","Fusion"],"picked":"Turbo+1","floor":35},{"not_picked":["Sweeping Beam","Rebound"],"picked":"Hello World+1","floor":39},{"not_picked":["Turbo","Coolheaded"],"picked":"Self Repair","floor":41},{"not_picked":["Sweeping Beam","Compile Driver+1"],"picked":"Biased Cognition","floor":44},{"not_picked":["Gash+1","Coolheaded"],"picked":"Ball Lightning+1","floor":45},{"not_picked":["Chaos","Blizzard"],"picked":"ReplayTheSpireMod:Calculation Training+1","floor":47},{"not_picked":["REME_SelfUpgrade","Leap+1","Conserve Battery+1"],"picked":"SKIP","floor":54}],"player_experience":241036,"relics_obtained":[{"floor":11.0,"key":"Vajra"},{"floor":26,"key":"reliquary:JackalopeAntler"},{"floor":36,"key":"Ring of Searing"},{"floor":36,"key":"Ring of Misfortune"},{"floor":41,"key":"Gambling Chip"},{"floor":43,"key":"Centennial Puzzle"},{"floor":47,"key":"StrikeDummy"},{"floor":54,"key":"Unceasing Top"}],"event_choices":[{"damage_healed":0,"gold_gain":0,"player_choice":"Paid Fearfully","damage_taken":0,"max_hp_gain":0,"max_hp_loss":0,"event_name":"Masked Bandits","floor":21,"gold_loss":49},{"damage_healed":0,"gold_gain":0,"cards_transformed":["Darkness","ReplaySolidLightProjector"],"player_choice":"Became Test Subject","damage_taken":0,"max_hp_gain":0,"max_hp_loss":0,"event_name":"Drug Dealer","floor":24,"gold_loss":0,"cards_obtained":["Core Surge","Fusion"]},{"damage_healed":0,"gold_gain":0,"player_choice":"Max HP","damage_taken":0,"max_hp_gain":0,"max_hp_loss":4,"event_name":"Winding Halls","floor":37,"gold_loss":0},{"damage_healed":0,"gold_gain":0,"player_choice":"Ignored","damage_taken":0,"max_hp_gain":0,"max_hp_loss":0,"event_name":"Tomb of Lord Red Mask","floor":38,"gold_loss":0},{"damage_healed":0,"gold_gain":0,"player_choice":"1 cards matched","damage_taken":0,"max_hp_gain":0,"max_hp_loss":0,"event_name":"Match and Keep!","floor":48,"gold_loss":0,"cards_obtained":["Skim"]}],"is_beta":false,"boss_relics":[{"not_picked":["ReplayTheSpireMod:DimensionalGlitch","Coffee Dripper"],"picked":"Pandora\u0027s Box"},{"not_picked":["Calling Bell","Kintsugi"],"picked":"Cursed Key"}],"items_purged_floors":[12,19,28,42,53],"is_endless":false,"potions_floor_spawned":[3,4,5,7,10,22,30,31,33,44,47,54],"ascension_level":0}}