{"host":"3a1ypf1irl30q4k8","time":1612459860,"event":{"mods":["AchievementEnabler","BaseMod","Bestiary","Colored Map","Minty Spire (QoL Compilation)","Relic Stats","ojb\u0027s Info Mod"],"gold_per_floor":[111,128,43,43,3,3,36,36,110,110,110,134,167,181,181,302,302,315,15,29,29],"floor_reached":20,"language":"ENG","playtime":726,"items_purged":["Strike_R"],"score":228,"play_id":"ce859653-d235-45b1-a235-cc5848a80fac","local_time":"20210204173100","is_ascension_mode":true,"campfire_choices":[{"data":"Whirlwind","floor":6,"key":"SMITH"},{"data":"Spot Weakness","floor":8,"key":"SMITH"},{"data":"Shockwave","floor":10,"key":"SMITH"},{"data":"Shrug It Off","floor":15,"key":"SMITH"}],"circlet_count":0,"master_deck":["Strike_R","Strike_R","Strike_R","Strike_R","Defend_R","Defend_R","Defend_R","Defend_R","Bash","Reaper","Shrug It Off","Shockwave+1","Whirlwind+1","Shrug It Off+1","Combust","Spot Weakness+1","Thunderclap","Clothesline","Uppercut","Feed","Hemokinesis","Inflame","Clash+1"],"relics":["Burning Blood","Golden Idol","Mercury Hourglass","Bottled Lightning","Darkstone Periapt","Runic Cube","Chemical X"],"acts_visited":["Exordium","TheCity"],"potions_floor_usage":[16,16,16,16,20],"damage_taken":[{"damage":11,"enemies":"2 Louse","floor":1,"turns":3},{"damage":9,"enemies":"Small Slimes","floor":2,"turns":5},{"damage":25,"enemies":"3 Sentries","floor":7,"turns":5},{"damage":0,"enemies":"Cultist","floor":12,"turns":4},{"damage":24,"enemies":"Gremlin Nob","floor":13,"turns":4},{"damage":6,"enemies":"Gremlin Gang","floor":14,"turns":3},{"damage":59,"enemies":"The Guardian","floor":16,"turns":10},{"damage":49,"enemies":"Shell Parasite","floor":18,"turns":6},{"damage":27,"enemies":"2 Thieves","floor":20,"turns":4}],"seed_played":"-4090556764352617169","potions_obtained":[{"floor":2,"key":"SmokeBomb"},{"floor":14,"key":"EntropicBrew"},{"floor":16,"key":"Fire Potion"},{"floor":18,"key":"Energy Potion"}],"is_trial":false,"path_per_floor":["M","M","$","?","$","R","E","R","T","R","?","M","E","M","R","B",null,"M","$","M"],"character_chosen":"IRONCLAD","items_purchased":["Whirlwind","Shrug It Off","Combust","Chemical X","Inflame"],"campfire_rested":0,"item_purchase_floors":[3,3,5,19,19],"current_hp_per_floor":[55,60,60,60,60,60,53,53,53,53,74,74,62,62,62,30,63,20,20,7,7],"gold":29,"neow_bonus":"THREE_RARE_CARDS","is_daily":false,"chose_seed":false,"campfire_upgraded":4,"win_rate":0.0,"timestamp":1612459860,"path_taken":["M","M","$","?","$","R","E","R","T","R","?","M","E","?","R","BOSS","M","$","?"],"items_purchased_type":["Card","Card","Card","Relic","Card"],"build_version":"2020-12-22","purchased_purges":1,"victory":false,"max_hp_per_floor":[80,80,80,74,74,74,74,74,74,74,74,74,74,74,74,74,74,74,74,74,74],"relic_stats":{"Darkstone Periapt":0,"counters":[9,44],"Golden Idol":52,"Chemical X":[1],"obtain_stats":[{"Darkstone Periapt":13,"Golden Idol":4,"Bottled Lightning":9,"Chemical X":19,"Burning Blood":0,"Mercury Hourglass":7,"Runic Cube":17},{"Darkstone Periapt":5,"Golden Idol":2,"Bottled Lightning":3,"Chemical X":8,"Burning Blood":0,"Mercury Hourglass":3,"Runic Cube":7},{"Darkstone Periapt":21,"Golden Idol":8,"Bottled Lightning":13,"Chemical X":40,"Burning Blood":0,"Mercury Hourglass":13,"Runic Cube":34}],"Burning Blood":48,"Mercury Hourglass":[97],"Runic Cube":[12]},"card_choices":[{"not_picked":["Double Tap","Juggernaut"],"picked":"Reaper","floor":0},{"not_picked":["Warcry","Armaments"],"picked":"Shrug It Off","floor":1},{"not_picked":["Armaments","Iron Wave"],"picked":"Shockwave","floor":2},{"not_picked":["Bludgeon","Reaper"],"picked":"Spot Weakness","floor":7},{"not_picked":["Reckless Charge","Heavy Blade"],"picked":"Thunderclap","floor":12},{"not_picked":["Havoc","Thunderclap"],"picked":"Clothesline","floor":13},{"not_picked":["Shrug It Off","Body Slam"],"picked":"Uppercut","floor":14},{"not_picked":["Fiend Fire","Berserk"],"picked":"Feed","floor":16},{"not_picked":["Headbutt","Rupture"],"picked":"Hemokinesis","floor":18},{"not_picked":["Warcry","Havoc"],"picked":"Clash+1","floor":20}],"player_experience":1321151,"relics_obtained":[{"floor":7,"key":"Mercury Hourglass"},{"floor":9,"key":"Bottled Lightning"},{"floor":13,"key":"Darkstone Periapt"}],"event_choices":[{"damage_healed":0,"gold_gain":0,"player_choice":"Lose Max HP","damage_taken":0,"relics_obtained":["Golden Idol"],"max_hp_gain":0,"max_hp_loss":6,"event_name":"Golden Idol","floor":4,"gold_loss":0},{"damage_healed":21,"gold_gain":0,"player_choice":"Full Heal","damage_taken":0,"max_hp_gain":0,"max_hp_loss":0,"event_name":"Wheel of Change","floor":11,"gold_loss":0}],"is_beta":false,"boss_relics":[{"not_picked":["Mark of Pain","Tiny House"],"picked":"Runic Cube"}],"items_purged_floors":[19],"is_endless":false,"potions_floor_spawned":[2,14,16,18],"killed_by":"2 Thieves","ascension_level":5}}