{"host":"Krakhan","time":1612413790,"event":{"mods":["AchievementEnabler","BaseMod","Colored Map","Colored Powertips","Faster Ascension Climbing","Highlight Path","Minty Spire (QoL Compilation)","Rare Cards Sparkle","Relic Stats","StSLib"],"gold_per_floor":[369,385,385,385,53,86,86,117,117,143,158,192,192,192,192,192,192],"floor_reached":16,"language":"ENG","playtime":953,"items_purged":["Strike_P"],"score":302,"play_id":"3e4905fa-4770-4c97-9f41-5d5f8af77427","local_time":"20210203234310","is_ascension_mode":true,"campfire_choices":[{"data":"BowlingBash","floor":7.0,"key":"SMITH"},{"data":"Ragnarok","floor":13,"key":"SMITH"},{"data":"Ragnarok","floor":15,"key":"SMITH"}],"circlet_count":0,"master_deck":["AscendersBane","Strike_P","Strike_P","Strike_P","Defend_P","Defend_P","Defend_P","Eruption","Vigilance","BowlingBash+1","SashWhip","Ragnarok+1","BowlingBash","Wireheading","FlyingSleeves","Ragnarok+1","WaveOfTheHand","WreathOfFlame+1"],"relics":["PureWater","Membership Card","Eternal Feather","Dream Catcher","Lantern","TeardropLocket","Kunai"],"acts_visited":["Exordium"],"potions_floor_usage":[],"damage_taken":[{"damage":8.0,"enemies":"Small Slimes","floor":1.0,"turns":4.0},{"damage":2.0,"enemies":"2 Louse","floor":2.0,"turns":3.0},{"damage":0.0,"enemies":"Lagavulin","floor":6.0,"turns":4.0},{"damage":10.0,"enemies":"3 Sentries","floor":8.0,"turns":4.0},{"damage":17.0,"enemies":"Lagavulin","floor":10.0,"turns":7.0},{"damage":0.0,"enemies":"Cultist","floor":11.0,"turns":3.0},{"damage":7,"enemies":"3 Sentries","floor":12,"turns":5},{"damage":48,"enemies":"Slime Boss","floor":16,"turns":5}],"seed_played":"-7264131938967656035","potions_obtained":[{"floor":2.0,"key":"SpeedPotion"},{"floor":12,"key":"LiquidBronze"}],"is_trial":false,"path_per_floor":["M","M","?","?","$","E","R","E","T","E","M","E","R","?","R","B"],"character_chosen":"WATCHER","items_purchased":["Membership Card","Ragnarok","SteroidPotion","BowlingBash"],"campfire_rested":0,"item_purchase_floors":[5,5,5,5],"current_hp_per_floor":[53,51,56,49,49,49,55,45,45,28,28,21,30,30,39,0,0],"gold":192,"neow_bonus":"TWO_FIFTY_GOLD","is_daily":false,"chose_seed":false,"campfire_upgraded":3,"win_rate":0.0,"timestamp":1612413790,"path_taken":["M","M","?","?","$","E","R","E","T","E","M","E","R","?","R","BOSS"],"items_purchased_type":["Relic","Card","Potion","Card"],"build_version":"2020-12-18","purchased_purges":1,"victory":false,"max_hp_per_floor":[62,62,67,67,67,67,67,67,67,67,67,67,67,67,67,67,67],"relic_stats":{"Dream Catcher":0,"counters":[8,35],"Eternal Feather":24,"Kunai":[2],"obtain_stats":[{"Dream Catcher":8,"Lantern":9,"Eternal Feather":6,"Membership Card":5,"TeardropLocket":10,"Kunai":12,"PureWater":0},{"Dream Catcher":4,"Lantern":4,"Eternal Feather":3,"Membership Card":2,"TeardropLocket":5,"Kunai":7,"PureWater":0},{"Dream Catcher":15,"Lantern":15,"Eternal Feather":11,"Membership Card":7,"TeardropLocket":22,"Kunai":30,"PureWater":0}]},"card_choices":[{"not_picked":["Swivel","Weave"],"picked":"BowlingBash","floor":1.0},{"not_picked":["Evaluate","ClearTheMind"],"picked":"SashWhip","floor":2.0},{"not_picked":["FlurryOfBlows","Halt"],"picked":"Wireheading","floor":6.0},{"not_picked":["BattleHymn","PathToVictory"],"picked":"FlyingSleeves","floor":8.0},{"not_picked":["MasterReality","BowlingBash"],"picked":"Ragnarok","floor":10.0},{"not_picked":["CutThroughFate","Evaluate"],"picked":"WaveOfTheHand","floor":11.0},{"not_picked":["CrushJoints","PathToVictory"],"picked":"WreathOfFlame","floor":12}],"player_experience":1374032,"relics_obtained":[{"floor":6.0,"key":"Eternal Feather"},{"floor":8.0,"key":"Dream Catcher"},{"floor":9.0,"key":"Lantern"},{"floor":10.0,"key":"TeardropLocket"},{"floor":12,"key":"Kunai"}],"event_choices":[{"damage_healed":0.0,"max_hp_gain":5.0,"max_hp_loss":0.0,"gold_gain":0.0,"event_name":"Big Fish","player_choice":"Donut","floor":3.0,"gold_loss":0.0,"damage_taken":0.0},{"cards_removed":["Defend_P"],"damage_healed":0.0,"max_hp_gain":0.0,"max_hp_loss":0.0,"gold_gain":0.0,"event_name":"Golden Wing","player_choice":"Card Removal","floor":4.0,"gold_loss":0.0,"damage_taken":7.0},{"damage_healed":0,"gold_gain":0,"player_choice":"Grow","damage_taken":0,"max_hp_gain":0,"max_hp_loss":0,"event_name":"Living Wall","floor":14,"gold_loss":0,"cards_upgraded":["WreathOfFlame"]}],"is_beta":true,"boss_relics":[],"items_purged_floors":[5],"is_endless":false,"potions_floor_spawned":[2,12],"killed_by":"Slime Boss","ascension_level":20}}