{"host":"ul3z8ex5o8l5j7mh","time":1612468676,"event":{"mods":["AchievementEnabler","BaseMod","Colored Map","Colored Powertips","DeckTracker","Minty Spire (QoL Compilation)","SuperFastMode"],"gold_per_floor":[115,128,148,166,185,219,231,247,247,282,282,292,319,333,333,437,437,452,452,527,541,553,553,553,553],"floor_reached":24,"language":"ENG","playtime":1157,"items_purged":[],"score":246,"play_id":"39faa33f-b172-4916-81c8-c542b169e16d","local_time":"20210204205756","is_ascension_mode":true,"campfire_choices":[{"data":"Limit Break","floor":11.0,"key":"SMITH"},{"floor":15.0,"key":"RECALL"},{"data":"Flame Barrier","floor":23.0,"key":"SMITH"}],"circlet_count":0,"master_deck":["Strike_R","Strike_R","Strike_R","Strike_R","Strike_R","Defend_R","Defend_R","Defend_R","Defend_R","Bash","Pommel Strike","Anger","Shrug It Off","Limit Break+1","Carnage","Demon Form","Spot Weakness","Clash","Cleave","Clothesline","Shockwave","Flame Barrier+1","Double Tap","Shrug It Off+1","Inflame","Cleave","Thunderclap"],"relics":["Burning Blood","Meat on the Bone","HornCleat","TungstenRod","SacredBark"],"acts_visited":["Exordium","TheCity"],"potions_floor_usage":[24],"damage_taken":[{"damage":7.0,"enemies":"Jaw Worm","floor":1.0,"turns":3.0},{"damage":2.0,"enemies":"2 Louse","floor":2.0,"turns":2.0},{"damage":1.0,"enemies":"Cultist","floor":3.0,"turns":3.0},{"damage":13.0,"enemies":"Blue Slaver","floor":4.0,"turns":2.0},{"damage":0.0,"enemies":"Large Slime","floor":5.0,"turns":5.0},{"damage":35.0,"enemies":"Lagavulin","floor":6.0,"turns":6.0},{"damage":29.0,"enemies":"Exordium Thugs","floor":7.0,"turns":5.0},{"damage":6.0,"enemies":"Looter","floor":8.0,"turns":2.0},{"damage":3.0,"enemies":"3 Sentries","floor":10.0,"turns":6.0},{"damage":8.0,"enemies":"Blue Slaver","floor":12.0,"turns":2.0},{"damage":27.0,"enemies":"Lagavulin","floor":13.0,"turns":6.0},{"damage":0.0,"enemies":"3 Louse","floor":14.0,"turns":4.0},{"damage":23.0,"enemies":"Hexaghost","floor":16.0,"turns":10.0},{"damage":11.0,"enemies":"Spheric Guardian","floor":18.0,"turns":4.0},{"damage":19.0,"enemies":"Shell Parasite","floor":21.0,"turns":7.0},{"damage":3.0,"enemies":"Snake Plant","floor":22.0,"turns":4.0},{"damage":72,"enemies":"Gremlin Leader","floor":24,"turns":10}],"seed_played":"1699999080259021303","potions_obtained":[{"floor":3.0,"key":"Swift Potion"},{"floor":7.0,"key":"LiquidBronze"},{"floor":8.0,"key":"HeartOfIron"},{"floor":10.0,"key":"GamblersBrew"},{"floor":13.0,"key":"Swift Potion"},{"floor":14.0,"key":"Regen Potion"},{"floor":16.0,"key":"ElixirPotion"},{"floor":18.0,"key":"BlessingOfTheForge"},{"floor":21.0,"key":"Explosive Potion"}],"is_trial":false,"path_per_floor":["M","M","M","M","M","E","M","M","T","E","R","M","E","M","R","B",null,"M","?","?","M","M","R","E"],"character_chosen":"IRONCLAD","items_purchased":[],"campfire_rested":0,"item_purchase_floors":[],"current_hp_per_floor":[87,88,88,81,87,58,47,59,59,62,62,60,51,57,57,54,88,83,83,76,63,66,66,0,0],"gold":553,"neow_bonus":"TEN_PERCENT_HP_BONUS","is_daily":false,"chose_seed":false,"campfire_upgraded":2,"win_rate":0.0,"timestamp":1612468676,"path_taken":["M","M","M","M","M","E","M","M","T","E","R","M","E","M","R","BOSS","M","?","?","M","?","R","E"],"items_purchased_type":[],"build_version":"2020-12-22","purchased_purges":0,"victory":false,"max_hp_per_floor":[88,88,88,88,88,88,88,88,88,88,88,88,88,88,88,88,88,88,88,88,88,88,88,88,88],"card_choices":[{"not_picked":["Havoc","Shrug It Off"],"picked":"Pommel Strike","floor":1.0},{"not_picked":["Armaments","Searing Blow"],"picked":"Anger","floor":2.0},{"not_picked":["True Grit","Sever Soul"],"picked":"Shrug It Off","floor":3.0},{"not_picked":["True Grit","Heavy Blade"],"picked":"Limit Break","floor":4.0},{"not_picked":["Searing Blow","Metallicize"],"picked":"Carnage","floor":5.0},{"not_picked":["Sword Boomerang","Feel No Pain"],"picked":"Demon Form","floor":6.0},{"not_picked":["Cleave","Body Slam"],"picked":"Spot Weakness","floor":7.0},{"not_picked":["Wild Strike","Searing Blow"],"picked":"Clash","floor":8.0},{"not_picked":["Immolate","Reckless Charge"],"picked":"Cleave","floor":10.0},{"not_picked":["Headbutt","Dark Embrace"],"picked":"Clothesline","floor":12.0},{"not_picked":["Exhume","Twin Strike"],"picked":"Shockwave","floor":13.0},{"not_picked":["Dark Embrace","Burning Pact"],"picked":"Flame Barrier","floor":14.0},{"not_picked":["Fiend Fire","Impervious"],"picked":"Double Tap","floor":16.0},{"not_picked":["Iron Wave","Warcry+1"],"picked":"Shrug It Off+1","floor":18.0},{"not_picked":["Pummel","Hemokinesis"],"picked":"Cleave","floor":21.0},{"not_picked":["Cleave","Havoc"],"picked":"Thunderclap","floor":22.0}],"player_experience":313720,"relics_obtained":[{"floor":6.0,"key":"Meat on the Bone"},{"floor":10.0,"key":"HornCleat"},{"floor":13.0,"key":"TungstenRod"}],"event_choices":[{"damage_healed":0.0,"max_hp_gain":0.0,"max_hp_loss":0.0,"gold_gain":0.0,"event_name":"The Library","player_choice":"Read","floor":19.0,"gold_loss":0.0,"damage_taken":0.0,"cards_obtained":["Inflame"]},{"damage_healed":0.0,"max_hp_gain":0.0,"max_hp_loss":0.0,"gold_gain":75.0,"event_name":"FaceTrader","player_choice":"Touch","floor":20.0,"gold_loss":0.0,"damage_taken":8.0}],"is_beta":false,"boss_relics":[{"not_picked":["Runic Pyramid","Coffee Dripper"],"picked":"SacredBark"}],"items_purged_floors":[],"is_endless":false,"potions_floor_spawned":[3,7,8,10,13,14,16,18,21],"killed_by":"Gremlin Leader","ascension_level":2}}