{"host":"5s7sm4h73jkd9266","time":1612457434,"event":{"mods":["AchievementEnabler","Bartender","BaseMod","Better Vampires","BetterRewards","Colored Map","Colored Powertips","Conspire","Downfall","Energized Spire","Hermit","Hubris","Magitek Elite","Minty Spire (QoL Compilation)","Potion Indicator Mod","Rare Cards Sparkle","Shop Mod","StSLib","The Blue Laboratory","The Necromancer","The Witch","Virulent Crown","everything is the same but u backflip on backflip","slay the spire mod where everything is the same but ironclad has a cowboy hat"],"gold_per_floor":[111,129,129,149,119,146,146,158,204,204,204,204,32,65,65,170,170,156,174,174,4,4,4,30,30,76,92,92,92,117,129,129,225,225,242,242,256,21,31,31,31,44,96,96,96,130,12,59,59,59,59,59,59,92,92],"floor_reached":56,"language":"ENG","playtime":4993,"items_purged":[],"score":1494,"play_id":"54dbe06e-f3d6-4f54-9a01-d8ec6d5ff9d3","local_time":"20210204115034","is_ascension_mode":false,"campfire_choices":[{"floor":7.0,"key":"REST"},{"floor":10.0,"key":"RECALL"},{"floor":12.0,"key":"REST"},{"floor":15.0,"key":"REST"},{"data":"Apotheosis","floor":23.0,"key":"SMITH"},{"data":"Metamorphosis","floor":25.0,"key":"SMITH"},{"data":"Defragment","floor":32.0,"key":"SMITH"},{"data":"Defragment","floor":40.0,"key":"SMITH"},{"data":"Seek","floor":44.0,"key":"SMITH"},{"floor":49.0,"key":"REST"},{"data":"Glacier","floor":52.0,"key":"SMITH"}],"circlet_count":0,"master_deck":["Strike_B+1","Strike_B+1","Strike_B+1","Strike_B+1","Defend_B+1","Defend_B+1","Defend_B+1","Defend_B+1","Zap","Dualcast","Apotheosis+1","Self Repair+1","Defragment+1","Steam","Gash","Hologram","Glacier+1","Coolheaded","Stack","Chill","Metamorphosis+1","Static Discharge","Leap","Shame","Leap","Self Repair","Rainbow","Cold Snap+1","Steam","Conserve Battery","Barrage","Seek+1","Streamline+1","Gash+1","Defragment+1","Meteor Strike","conspire:SharedLibrary+1","Loop+1","Defragment","Chaos","Gash+1","Redo","Beam Cell"],"relics":["Cracked Core","Ribbon","Runic Capacitor","FossilizedHelix","Juzu Bracelet","Letter Opener","SacredBark","conspire:DeflatedDodgeball","Toolbox","conspire:DecoderRing","Dream Catcher","InkBottle","hubris:HollowSoul","hubris:Icosahedron","hubris:Potato","hubris:CuriousFeather"],"acts_visited":["Exordium","TheCity","TheBeyond","TheEnding"],"potions_floor_usage":[54],"damage_taken":[{"damage":9.0,"enemies":"Small Slimes","floor":1.0,"turns":4.0},{"damage":0.0,"enemies":"Cultist","floor":2.0,"turns":3.0},{"damage":5.0,"enemies":"2 Louse","floor":4.0,"turns":3.0},{"damage":5.0,"enemies":"Looter","floor":5.0,"turns":4.0},{"damage":54.0,"enemies":"Gremlin Nob","floor":6.0,"turns":6.0},{"damage":0.0,"enemies":"Large Slime","floor":8.0,"turns":6.0},{"damage":13.0,"enemies":"3 Sentries","floor":14.0,"turns":8.0},{"damage":0.0,"enemies":"Slime Boss","floor":16.0,"turns":6.0},{"damage":42.0,"enemies":"2 Thieves","floor":18.0,"turns":5.0},{"damage":0.0,"enemies":"Shell Parasite","floor":19.0,"turns":8.0},{"damage":6.0,"enemies":"Book of Stabbing","floor":24.0,"turns":7.0},{"damage":0.0,"enemies":"Chosen and Byrds","floor":27.0,"turns":6.0},{"damage":37.0,"enemies":"Slavers","floor":30.0,"turns":7.0},{"damage":0.0,"enemies":"Snecko","floor":31.0,"turns":6.0},{"damage":15.0,"enemies":"Automaton","floor":33.0,"turns":11.0},{"damage":4.0,"enemies":"Orb Walker","floor":35.0,"turns":5.0},{"damage":0.0,"enemies":"3 Shapes","floor":37.0,"turns":6.0},{"damage":0.0,"enemies":"Transient","floor":39.0,"turns":5.0},{"damage":3.0,"enemies":"Sphere and 2 Shapes","floor":42.0,"turns":6.0},{"damage":36.0,"enemies":"Reptomancer","floor":46.0,"turns":8.0},{"damage":13.0,"enemies":"2 Orb Walkers","floor":48.0,"turns":4.0},{"damage":45.0,"enemies":"Time Eater","floor":50.0,"turns":12.0},{"damage":10,"enemies":"Shield and Spear","floor":54,"turns":6},{"damage":31,"enemies":"The Heart","floor":55,"turns":10}],"seed_played":"5460241378261493583","potions_obtained":[{"floor":4.0,"key":"blueLaboratory:SystemWipe"},{"floor":6.0,"key":"GamblersBrew"},{"floor":8.0,"key":"bronze:BurnAndBuffPotion"},{"floor":30.0,"key":"sneckomod:MuddlingPotion"},{"floor":31.0,"key":"blueLaboratory:BottleOfVodka"},{"floor":37.0,"key":"Dexterity Potion"},{"floor":42.0,"key":"blueLaboratory:BiasPotion"}],"is_trial":false,"path_per_floor":["M","M","?","M","M","E","R","M","T","R","?","R","$","E","R","B",null,"M","M","?","$","?","R","E","R","T","M","?","?","E","M","R","B",null,"M","?","M","$","M","R","?","M","T","R","?","E","$","?","R","B",null,"R","$","E","B",null],"character_chosen":"DEFECT","items_purchased":["Apotheosis","Ribbon","Self Repair","Runic Capacitor","Defragment","Steam","Gash","Metamorphosis","Toolbox","Leap","blueLaboratory:FruitPunch","blueLaboratory:FruitPunch","Defragment","Meteor Strike","Swift Potion","Chaos"],"campfire_rested":4,"item_purchase_floors":[0,0,0,0,0,0,0,13,21,21,38,38,38,38,47,47],"current_hp_per_floor":[41,51,75,75,75,31,53,63,63,63,48,70,70,67,75,75,75,53,63,63,63,63,63,67,67,67,75,75,75,45,65,65,50,75,75,75,75,75,79,79,82,82,82,82,82,50,50,37,62,34,86,86,86,86,72],"gold":92,"neow_bonus":"","is_daily":false,"chose_seed":false,"campfire_upgraded":6,"win_rate":0.0,"timestamp":1612457434,"path_taken":["M","M","?","?","M","E","R","M","T","R","?","R","$","E","R","BOSS","M","M","?","$","?","R","E","R","T","M","?","?","E","M","R","BOSS","M","?","M","$","M","R","?","M","T","R","?","E","$","?","R","BOSS","R","$","E","BOSS"],"items_purchased_type":["Card","Relic","Card","Relic","Card","Card","Card","Card","Relic","Card","Potion","Potion","Card","Card","Potion","Card"],"build_version":"2020-12-22","purchased_purges":0,"victory":true,"max_hp_per_floor":[75,75,75,75,75,75,75,75,75,75,75,75,75,75,75,75,75,75,75,75,75,75,75,75,75,75,75,75,75,75,75,75,75,75,75,75,75,75,79,79,82,82,82,82,82,86,86,86,86,86,86,86,86,86,86],"card_choices":[{"not_picked":["Sunder","hubris:Ukulele"],"picked":"Chill","floor":1.0},{"not_picked":["Chill","Rebound"],"picked":"Hologram","floor":2.0},{"not_picked":["Lockon","Ball Lightning"],"picked":"Glacier","floor":4.0},{"not_picked":["Storm","Hologram"],"picked":"Coolheaded","floor":5.0},{"not_picked":["Rip and Tear","Coolheaded"],"picked":"Stack","floor":6.0},{"not_picked":["BootSequence","Beam Cell"],"picked":"Chill","floor":8.0},{"not_picked":["Redo","Amplify"],"picked":"Static Discharge","floor":14.0},{"not_picked":["hubris:DoWhile","Machine Learning"],"picked":"Amplify","floor":16.0},{"not_picked":["Beam Cell+1","Sweeping Beam+1"],"picked":"Leap","floor":18.0},{"not_picked":["Darkness","Cold Snap+1"],"picked":"BootSequence","floor":19.0},{"not_picked":["Consume+1","Reinforced Body+1"],"picked":"Rainbow","floor":24.0},{"not_picked":["Turbo","Reinforced Body"],"picked":"Cold Snap+1","floor":27.0},{"not_picked":["Blizzard+1","Rebound"],"picked":"Conserve Battery","floor":30.0},{"not_picked":["Turbo+1","Hologram"],"picked":"Barrage","floor":31.0},{"not_picked":["Buffer","Creative AI"],"picked":"Seek","floor":33.0},{"not_picked":["Cold Snap+1","Compile Driver"],"picked":"Streamline+1","floor":35.0},{"not_picked":["Compile Driver","Hologram"],"picked":"Gash+1","floor":37.0},{"not_picked":["Steam","Barrage"],"picked":"conspire:SharedLibrary+1","floor":39.0},{"not_picked":["Leap","Scrape"],"picked":"Loop+1","floor":42.0},{"not_picked":["Chill+1","Aggregate+1"],"picked":"Defragment","floor":46.0},{"not_picked":["Turbo","BootSequence+1"],"picked":"Gash+1","floor":48.0},{"not_picked":["conspire:Rain","Self Repair+1"],"picked":"Redo","floor":49.0},{"not_picked":["Sweeping Beam","Redo+1"],"picked":"Beam Cell","floor":54}],"player_experience":5524968,"relics_obtained":[{"floor":6.0,"key":"FossilizedHelix"},{"floor":9.0,"key":"Juzu Bracelet"},{"floor":14.0,"key":"Letter Opener"},{"floor":24.0,"key":"conspire:DecoderRing"},{"floor":26.0,"key":"Dream Catcher"},{"floor":30.0,"key":"InkBottle"},{"floor":48.0,"key":"hubris:Potato"},{"floor":54,"key":"hubris:CuriousFeather"}],"event_choices":[{"cards_removed":["Chill"],"damage_healed":24.0,"max_hp_gain":0.0,"max_hp_loss":0.0,"gold_gain":0.0,"event_name":"Bonfire Elementals","player_choice":"Offered Uncommon","floor":3.0,"gold_loss":0.0,"damage_taken":0.0},{"damage_healed":0.0,"max_hp_gain":0.0,"max_hp_loss":0.0,"gold_gain":0.0,"event_name":"Shining Light","player_choice":"Entered Light","floor":11.0,"gold_loss":0.0,"damage_taken":15.0,"cards_upgraded":["Strike_B","Self Repair"]},{"damage_healed":0.0,"max_hp_gain":0.0,"max_hp_loss":0.0,"gold_gain":0.0,"event_name":"Addict","player_choice":"Stole Relic","floor":20.0,"gold_loss":0.0,"damage_taken":0.0,"relics_obtained":["conspire:DeflatedDodgeball"],"cards_obtained":["Shame"]},{"damage_healed":0.0,"max_hp_gain":0.0,"max_hp_loss":0.0,"gold_gain":0.0,"cards_transformed":["Amplify"],"event_name":"Transmorgrifier","player_choice":"Transformed","floor":22.0,"gold_loss":0.0,"damage_taken":0.0,"cards_obtained":["Self Repair"]},{"damage_healed":0.0,"max_hp_gain":0.0,"max_hp_loss":0.0,"gold_gain":0.0,"event_name":"Back to Basics","player_choice":"Simplicity","floor":28.0,"gold_loss":0.0,"damage_taken":0.0,"cards_upgraded":["Strike_B","Strike_B","Strike_B","Defend_B","Defend_B","Defend_B","Defend_B"]},{"damage_healed":0.0,"max_hp_gain":0.0,"max_hp_loss":0.0,"gold_gain":0.0,"cards_transformed":["BootSequence"],"event_name":"Transmorgrifier","player_choice":"Transformed","floor":29.0,"gold_loss":0.0,"damage_taken":0.0,"cards_obtained":["Steam"]},{"damage_healed":0.0,"max_hp_gain":0.0,"max_hp_loss":0.0,"gold_gain":0.0,"event_name":"NoteForYourself","player_choice":"Ignored","floor":45.0,"gold_loss":0.0,"damage_taken":0.0},{"damage_healed":0.0,"max_hp_gain":0.0,"max_hp_loss":0.0,"gold_gain":0.0,"event_name":"Mysterious Sphere","player_choice":"Fight","floor":48.0,"gold_loss":0.0,"damage_taken":0.0}],"is_beta":false,"boss_relics":[{"not_picked":["Inserter","Tiny House"],"picked":"SacredBark"},{"not_picked":["energizedSpire:MagnifyingGlass","hubris:RunicObelisk"],"picked":"hubris:HollowSoul"}],"items_purged_floors":[],"is_endless":false,"potions_floor_spawned":[4,6,8,30,31,37,42],"ascension_level":0}}