{"host":"a1eatafr7pisesky","time":1612444975,"event":{"mods":["AchievementEnabler","BaseMod","Colored Map","Keyboard Shortcuts","Minty Spire (QoL Compilation)","Say the Spire","StSLib","SuperFastMode","everything is the same but u backflip on backflip"],"gold_per_floor":[360,310,363,383,401,401,436,436,436,463,463,538,555,270,270,341,391,411,411,59,70,83,83,83],"floor_reached":23,"language":"KOR","playtime":735,"items_purged":["Defend_G","Strike_G"],"score":338,"play_id":"62a0ff51-814f-44fc-adac-283f9a334d4d","local_time":"20210204222255","is_ascension_mode":true,"campfire_choices":[{"floor":6.0,"key":"REST"},{"data":"Strike_G","floor":8.0,"key":"PURGE"},{"floor":11.0,"key":"REST"},{"data":"Defend_G","floor":15.0,"key":"PURGE"}],"circlet_count":0,"master_deck":["AscendersBane","Strike_G","Strike_G","Defend_G","Defend_G+1","Defend_G","Survivor","Neutralize","Riddle With Holes","PiercingWail","Backstab","Crippling Poison","Backflip","Footwork","Cloak And Dagger","Die Die Die","PiercingWail","Cloak And Dagger","Riddle With Holes+1","After Image"],"relics":["Ring of the Snake","Vajra","Peace Pipe","Pantograph","Potion Belt","Lee\u0027s Waffle","Tiny House","TheAbacus"],"acts_visited":["Exordium","TheCity"],"potions_floor_usage":[23,23],"damage_taken":[{"damage":2.0,"enemies":"Jaw Worm","floor":1.0,"turns":6.0},{"damage":0.0,"enemies":"Cultist","floor":4.0,"turns":3.0},{"damage":4.0,"enemies":"Small Slimes","floor":5.0,"turns":4.0},{"damage":37.0,"enemies":"3 Sentries","floor":7.0,"turns":7.0},{"damage":8.0,"enemies":"Gremlin Nob","floor":10.0,"turns":3.0},{"damage":6.0,"enemies":"Looter","floor":13.0,"turns":3.0},{"damage":62.0,"enemies":"Hexaghost","floor":16.0,"turns":16.0},{"damage":26.0,"enemies":"Spheric Guardian","floor":18.0,"turns":4.0},{"damage":0.0,"enemies":"Masked Bandits","floor":19.0,"turns":1.0},{"damage":14.0,"enemies":"3 Byrds","floor":21.0,"turns":5.0},{"damage":20.0,"enemies":"Snake Plant","floor":22.0,"turns":6.0},{"damage":0,"enemies":"Slavers","floor":23,"turns":2}],"seed_played":"-8341915440377435768","potions_obtained":[{"floor":1.0,"key":"CunningPotion"},{"floor":7.0,"key":"Energy Potion"},{"floor":10.0,"key":"CunningPotion"},{"floor":13.0,"key":"SmokeBomb"},{"floor":17.0,"key":"Energy Potion"}],"is_trial":false,"path_per_floor":["M","?","T","M","M","R","E","R","T","E","R","?","M","$","R","B",null,"M","?","$","M","M","E"],"character_chosen":"THE_SILENT","items_purchased":["Lee\u0027s Waffle","Cloak And Dagger","EntropicBrew","TheAbacus"],"campfire_rested":2,"item_purchase_floors":[14,14,20,20],"current_hp_per_floor":[42,42,42,42,38,57,20,20,20,12,31,20,14,73,73,11,63,37,37,37,23,3,3,3],"gold":83,"neow_bonus":"TWO_FIFTY_GOLD","is_daily":false,"chose_seed":false,"campfire_upgraded":0,"win_rate":0.0,"timestamp":1612444975,"path_taken":["M","?","?","M","?","R","E","R","T","E","R","?","M","$","R","BOSS","M","?","$","M","M","E"],"items_purchased_type":["Relic","Card","Potion","Relic"],"build_version":"2020-12-22","purchased_purges":2,"victory":false,"max_hp_per_floor":[66,66,66,66,66,66,66,66,66,66,66,66,66,73,73,73,78,78,78,78,78,78,78,78],"card_choices":[{"not_picked":["Leg Sweep","Sucker Punch"],"picked":"Riddle With Holes","floor":1.0},{"not_picked":["Outmaneuver","Dagger Spray"],"picked":"PiercingWail","floor":4.0},{"not_picked":["Sucker Punch","PiercingWail"],"picked":"Backstab","floor":5.0},{"not_picked":["Infinite Blades","Backflip"],"picked":"Crippling Poison","floor":7.0},{"not_picked":["Quick Slash","Prepared"],"picked":"Backflip","floor":10.0},{"not_picked":["Unload","Slice"],"picked":"Footwork","floor":13.0},{"not_picked":["Storm of Steel","Bullet Time"],"picked":"Die Die Die","floor":16.0},{"not_picked":["Infinite Blades","Footwork"],"picked":"PiercingWail","floor":17.0},{"not_picked":["Quick Slash","Dodge and Roll"],"picked":"Cloak And Dagger","floor":18.0},{"not_picked":["Outmaneuver","Bane"],"picked":"Riddle With Holes+1","floor":21.0},{"not_picked":["Distraction","Tactician"],"picked":"After Image","floor":22.0}],"player_experience":400343,"relics_obtained":[{"floor":3.0,"key":"Vajra"},{"floor":7.0,"key":"Peace Pipe"},{"floor":9.0,"key":"Pantograph"},{"floor":10.0,"key":"Potion Belt"}],"event_choices":[{"cards_removed":["Strike_G"],"damage_healed":0.0,"max_hp_gain":0.0,"max_hp_loss":0.0,"gold_gain":0.0,"event_name":"The Cleric","player_choice":"Card Removal","floor":2.0,"gold_loss":50.0,"damage_taken":0.0},{"damage_healed":0.0,"max_hp_gain":0.0,"max_hp_loss":0.0,"gold_gain":75.0,"event_name":"World of Goop","player_choice":"Gather Gold","floor":12.0,"gold_loss":0.0,"damage_taken":11.0},{"damage_healed":0.0,"max_hp_gain":0.0,"max_hp_loss":0.0,"gold_gain":0.0,"event_name":"Masked Bandits","player_choice":"Fought Bandits","floor":19.0,"gold_loss":0.0,"damage_taken":0.0}],"is_beta":false,"boss_relics":[{"not_picked":["Busted Crown","Cursed Key"],"picked":"Tiny House"}],"items_purged_floors":[14,20],"is_endless":false,"potions_floor_spawned":[1,7,10,13,19],"killed_by":"Slavers","ascension_level":14}}