{"host":"5mo0809oo9tcrmpl","time":1612398141,"event":{"mods":["BaseMod","Highlight Path","Minty Spire (QoL Compilation)","Relic Stats","Slay the Relics Exporter"],"gold_per_floor":[114,130,141,151,151,182,194,229,320,348,401,413,475,58,58,153,153,176,194,229,253,253,253,253,253],"floor_reached":24,"language":"ENG","playtime":863,"items_purged":[],"score":416,"play_id":"4bf9096e-75b1-4c9e-af03-d75559240831","local_time":"20210203182221","is_ascension_mode":true,"campfire_choices":[{"floor":7.0,"key":"REST"},{"data":"Whirlwind","floor":12.0,"key":"SMITH"},{"data":"Uppercut","floor":15.0,"key":"SMITH"},{"data":"True Grit","floor":23.0,"key":"SMITH"}],"circlet_count":0,"master_deck":["AscendersBane","Strike_R","Strike_R","Strike_R","Strike_R","Strike_R","Defend_R","Defend_R","Defend_R","Defend_R","Bash","Inflame","Headbutt","Uppercut+1","Fiend Fire","Cleave","Whirlwind+1","Feed+1","Feed+1","True Grit+1"],"relics":["Snecko Eye","Golden Idol","MawBank","Darkstone Periapt","Ginger","Molten Egg 2","Runic Pyramid","Red Mask"],"acts_visited":["Exordium","TheCity"],"potions_floor_usage":[24],"damage_taken":[{"damage":4.0,"enemies":"2 Louse","floor":1.0,"turns":2.0},{"damage":7.0,"enemies":"Jaw Worm","floor":2.0,"turns":2.0},{"damage":0.0,"enemies":"Cultist","floor":3.0,"turns":2.0},{"damage":7.0,"enemies":"3 Louse","floor":4.0,"turns":5.0},{"damage":20.0,"enemies":"Lagavulin","floor":6.0,"turns":6.0},{"damage":3.0,"enemies":"Blue Slaver","floor":8.0,"turns":2.0},{"damage":20.0,"enemies":"Gremlin Gang","floor":10.0,"turns":3.0},{"damage":8.0,"enemies":"Gremlin Nob","floor":11.0,"turns":3.0},{"damage":3.0,"enemies":"Hexaghost","floor":16.0,"turns":5.0},{"damage":11.0,"enemies":"3 Byrds","floor":18.0,"turns":4.0},{"damage":11.0,"enemies":"Shell Parasite","floor":19.0,"turns":2.0},{"damage":0.0,"enemies":"Masked Bandits","floor":20.0,"turns":2.0},{"damage":0.0,"enemies":"Centurion and Healer","floor":21.0,"turns":3.0},{"damage":55,"enemies":"Book of Stabbing","floor":24,"turns":3}],"seed_played":"737848239383730356","potions_obtained":[{"floor":2.0,"key":"FearPotion"},{"floor":3.0,"key":"Strength Potion"},{"floor":6.0,"key":"Dexterity Potion"},{"floor":10.0,"key":"Energy Potion"}],"is_trial":false,"path_per_floor":["M","M","M","M","?","E","R","M","T","M","E","R","?","$","R","B",null,"M","M","?","M","?","R","E"],"character_chosen":"IRONCLAD","items_purchased":["Molten Egg 2","Feed+1"],"campfire_rested":1,"item_purchase_floors":[14,14],"current_hp_per_floor":[64,57,57,50,50,30,50,47,47,27,19,19,13,13,13,10,54,47,36,36,40,40,40,0,0],"gold":253,"neow_bonus":"BOSS_RELIC","is_daily":false,"chose_seed":false,"campfire_upgraded":3,"win_rate":0.0,"timestamp":1612398141,"path_taken":["M","M","M","M","?","E","R","M","T","M","E","R","?","$","R","BOSS","M","M","?","M","?","R","E"],"items_purchased_type":["Relic","Card"],"build_version":"2020-12-22","purchased_purges":0,"victory":false,"max_hp_per_floor":[75,75,75,75,68,68,68,68,68,68,68,68,68,68,68,68,68,72,72,72,76,76,76,76,76],"relic_stats":{"Darkstone Periapt":0,"counters":[14,44],"Golden Idol":62,"Snecko Eye":[77,70,70,59],"Ginger":[0],"MawBank":96,"obtain_stats":[{"Darkstone Periapt":9,"Golden Idol":5,"Snecko Eye":0,"Molten Egg 2":14,"Red Mask":20,"Ginger":11,"MawBank":6,"Burning Blood":0,"Runic Pyramid":17},{"Darkstone Periapt":6,"Golden Idol":4,"Snecko Eye":0,"Molten Egg 2":8,"Red Mask":12,"Ginger":8,"MawBank":5,"Burning Blood":0,"Runic Pyramid":9},{"Darkstone Periapt":19,"Golden Idol":11,"Snecko Eye":0,"Molten Egg 2":25,"Red Mask":38,"Ginger":25,"MawBank":17,"Burning Blood":0,"Runic Pyramid":30}]},"card_choices":[{"not_picked":["Clash","Fire Breathing"],"picked":"Inflame","floor":1.0},{"not_picked":["Seeing Red","Anger"],"picked":"Headbutt","floor":2.0},{"not_picked":["Headbutt","Clash"],"picked":"Uppercut","floor":3.0},{"not_picked":["Armaments","Sentinel","Burning Pact"],"picked":"SKIP","floor":4.0},{"not_picked":["Warcry","Pommel Strike"],"picked":"Fiend Fire","floor":6.0},{"not_picked":["Thunderclap","Sword Boomerang"],"picked":"Cleave","floor":8.0},{"not_picked":["Armaments","Seeing Red","Second Wind"],"picked":"SKIP","floor":10.0},{"not_picked":["Iron Wave","Havoc"],"picked":"Whirlwind","floor":11.0},{"not_picked":["Impervious","Bludgeon+1"],"picked":"Feed+1","floor":16.0},{"not_picked":["Pommel Strike+1","Warcry","Dropkick+1"],"picked":"SKIP","floor":18.0},{"not_picked":["Power Through+1","Anger+1","Burning Pact"],"picked":"SKIP","floor":19.0},{"not_picked":["Hemokinesis+1","Armaments","Perfected Strike+1"],"picked":"SKIP","floor":21.0}],"player_experience":1232486,"relics_obtained":[{"floor":6.0,"key":"MawBank"},{"floor":9.0,"key":"Darkstone Periapt"},{"floor":11.0,"key":"Ginger"},{"floor":20.0,"key":"Red Mask"}],"event_choices":[{"damage_healed":0.0,"max_hp_gain":0.0,"max_hp_loss":7.0,"gold_gain":0.0,"event_name":"Golden Idol","player_choice":"Lose Max HP","floor":5.0,"gold_loss":0.0,"damage_taken":0.0,"relics_obtained":["Golden Idol"]},{"damage_healed":0.0,"max_hp_gain":0.0,"max_hp_loss":0.0,"gold_gain":50.0,"event_name":"FaceTrader","player_choice":"Touch","floor":13.0,"gold_loss":0.0,"damage_taken":6.0},{"damage_healed":0.0,"max_hp_gain":0.0,"max_hp_loss":0.0,"gold_gain":0.0,"event_name":"Masked Bandits","player_choice":"Fought Bandits","floor":20.0,"gold_loss":0.0,"damage_taken":0.0},{"damage_healed":0.0,"max_hp_gain":0.0,"max_hp_loss":0.0,"gold_gain":0.0,"event_name":"The Library","player_choice":"Read","floor":22.0,"gold_loss":0.0,"damage_taken":0.0,"cards_obtained":["True Grit"]}],"is_beta":false,"boss_relics":[{"not_picked":["Tiny House","Pandora\u0027s Box"],"picked":"Runic Pyramid"}],"items_purged_floors":[],"is_endless":false,"potions_floor_spawned":[2,3,6,10,19],"killed_by":"Book of Stabbing","ascension_level":20}}