{"host":"k919bq8mkuzdqhzi","time":1612402249,"event":{"mods":["AchievementEnabler","BaseMod","Colored Map","Colored Powertips","DeckTracker","Minty Spire (QoL Compilation)","Relic Sorter","SuperFastMode"],"gold_per_floor":[112,125,140,90,100,100,25,25,25,25,37,37,47,47,47,152,152,169,183,183,197,18,18,18,35,35,35,35,52,52,65,65,167,217,237,248,248,264,276,276,276,276,276,276,276,276,291,301,301,301,301],"floor_reached":50,"language":"ENG","playtime":3268,"items_purged":["Strike_G","Strike_G"],"score":436,"play_id":"0a0ea64b-77f4-495f-9636-bdc50787fc2e","local_time":"20210203203049","is_ascension_mode":false,"campfire_choices":[{"data":"Noxious Fumes","floor":6.0,"key":"SMITH"},{"data":"Adrenaline","floor":8.0,"key":"SMITH"},{"data":"Deflect","floor":10.0,"key":"SMITH"},{"floor":15.0,"key":"REST"},{"data":"Footwork","floor":23,"key":"SMITH"},{"data":"Phantasmal Killer","floor":27,"key":"SMITH"},{"data":"Catalyst","floor":30,"key":"SMITH"},{"floor":32,"key":"REST"},{"data":"Corpse Explosion","floor":40,"key":"SMITH"},{"data":"Crippling Poison","floor":42,"key":"SMITH"},{"data":"Sucker Punch","floor":44,"key":"SMITH"},{"floor":49,"key":"REST"}],"circlet_count":0,"master_deck":["Strike_G","Strike_G+1","Defend_G","Defend_G","Defend_G+1","Defend_G+1","Survivor","Neutralize","Deflect+1","Noxious Fumes+1","Dagger Spray+1","Adrenaline+1","Tactician","Blur","Phantasmal Killer+1","Bane","Dagger Throw+1","Predator+1","Footwork+1","Catalyst+1","Crippling Poison+1","Sucker Punch+1","Corpse Explosion+1","Quick Slash+1","Dodge and Roll","Leg Sweep+1","Writhe","Eviscerate+1","Acrobatics+1"],"relics":["Ring of the Snake","White Beast Statue","Sozu","Whetstone","MutagenicStrength","Tiny House","HornCleat","Pocketwatch"],"acts_visited":["Exordium","TheCity","TheBeyond"],"potions_floor_usage":[48],"damage_taken":[{"damage":0.0,"enemies":"Small Slimes","floor":1.0,"turns":5.0},{"damage":0.0,"enemies":"2 Louse","floor":2.0,"turns":3.0},{"damage":2.0,"enemies":"Jaw Worm","floor":3.0,"turns":5.0},{"damage":3.0,"enemies":"3 Louse","floor":5.0,"turns":3.0},{"damage":0.0,"enemies":"2 Fungi Beasts","floor":11.0,"turns":4.0},{"damage":11.0,"enemies":"Gremlin Gang","floor":13.0,"turns":4.0},{"damage":22.0,"enemies":"Hexaghost","floor":16.0,"turns":14.0},{"damage":13,"enemies":"3 Byrds","floor":18,"turns":6},{"damage":7,"enemies":"Shell Parasite","floor":19,"turns":7},{"damage":6,"enemies":"Centurion and Healer","floor":21,"turns":7},{"damage":3,"enemies":"Snecko","floor":25,"turns":5},{"damage":0,"enemies":"Snake Plant","floor":29,"turns":4},{"damage":2,"enemies":"Sentry and Sphere","floor":31,"turns":6},{"damage":4,"enemies":"Automaton","floor":33,"turns":9},{"damage":14,"enemies":"3 Shapes","floor":35,"turns":3},{"damage":6,"enemies":"Orb Walker","floor":36,"turns":3},{"damage":15,"enemies":"Sphere and 2 Shapes","floor":38,"turns":6},{"damage":7,"enemies":"3 Darklings","floor":39,"turns":3},{"damage":7,"enemies":"4 Shapes","floor":47,"turns":5},{"damage":21,"enemies":"Sphere and 2 Shapes","floor":48,"turns":6},{"damage":59,"enemies":"Donu and Deca","floor":50,"turns":8}],"seed_played":"7094290285884251605","potions_obtained":[{"floor":2.0,"key":"FearPotion"},{"floor":3.0,"key":"SneckoOil"},{"floor":5.0,"key":"Block Potion"},{"floor":11.0,"key":"DuplicationPotion"},{"floor":16.0,"key":"Strength Potion"}],"is_trial":false,"path_per_floor":["M","M","M","?","M","R","$","R","T","R","M","?","M","?","R","B",null,"M","M","?","M","$","R","?","M","T","R","?","M","R","M","R","B",null,"M","M","?","M","M","R","?","R","T","R","?","?","M","M","R","B"],"character_chosen":"THE_SILENT","items_purchased":["Footwork"],"campfire_rested":3,"item_purchase_floors":[22],"current_hp_per_floor":[77,77,75,75,72,72,72,72,72,72,72,57,46,43,66,44,77,64,57,57,51,51,51,51,48,48,48,48,48,48,46,69,65,82,68,62,82,67,60,60,60,60,60,60,60,60,53,32,56,0,0],"gold":301,"neow_bonus":"TEN_PERCENT_HP_BONUS","is_daily":false,"chose_seed":false,"campfire_upgraded":9,"win_rate":0.0,"timestamp":1612402249,"path_taken":["M","M","M","?","M","R","$","R","T","R","M","?","?","?","R","BOSS","M","M","?","M","$","R","?","?","T","R","?","M","R","M","R","BOSS","M","M","?","M","M","R","?","R","T","R","?","?","M","?","R","BOSS"],"items_purchased_type":["Card"],"build_version":"2020-12-22","purchased_purges":2,"victory":false,"max_hp_per_floor":[77,77,77,77,77,77,77,77,77,77,77,77,77,77,77,77,77,77,77,77,77,77,77,77,77,77,77,77,77,77,77,77,77,82,82,82,82,82,82,82,82,82,82,82,82,82,82,82,82,82,82],"card_choices":[{"not_picked":["Poisoned Stab","Catalyst"],"picked":"Deflect","floor":1.0},{"not_picked":["Backstab","Acrobatics"],"picked":"Noxious Fumes","floor":2.0},{"not_picked":["Deflect","Prepared"],"picked":"Dagger Spray","floor":3.0},{"not_picked":["Dagger Spray","Dagger Throw"],"picked":"Adrenaline","floor":5.0},{"not_picked":["Sucker Punch","Skewer"],"picked":"Tactician","floor":11.0},{"not_picked":["Reflex","Quick Slash"],"picked":"Blur","floor":13.0},{"not_picked":["Adrenaline","Envenom"],"picked":"Phantasmal Killer","floor":16.0},{"not_picked":["Well Laid Plans","Slice"],"picked":"Bane","floor":18},{"not_picked":["Acrobatics","Poisoned Stab"],"picked":"Dagger Throw+1","floor":19},{"not_picked":["Prepared","Bane+1"],"picked":"Predator","floor":21},{"not_picked":["Flechettes","Eviscerate+1"],"picked":"Catalyst","floor":25},{"not_picked":["PiercingWail","Dagger Throw"],"picked":"Crippling Poison","floor":29},{"not_picked":["Deflect","Blur"],"picked":"Sucker Punch","floor":31},{"not_picked":["Malaise","Bullet Time"],"picked":"Corpse Explosion","floor":33},{"not_picked":["Underhanded Strike+1","Blade Dance"],"picked":"Quick Slash+1","floor":34},{"not_picked":["Footwork+1","Flying Knee+1"],"picked":"Dodge and Roll","floor":35},{"not_picked":["Underhanded Strike+1","Tactician+1"],"picked":"Leg Sweep+1","floor":36},{"not_picked":["Bane+1","Infinite Blades"],"picked":"Eviscerate+1","floor":38},{"not_picked":["Dagger Throw","Dodge and Roll+1"],"picked":"Acrobatics+1","floor":39},{"not_picked":["All Out Attack","Well Laid Plans","Predator+1"],"picked":"SKIP","floor":47},{"not_picked":["Noxious Fumes+1","Expertise","Catalyst+1"],"picked":"SKIP","floor":48}],"player_experience":73573,"relics_obtained":[{"floor":9.0,"key":"White Beast Statue"},{"floor":26,"key":"Whetstone"},{"floor":43,"key":"HornCleat"}],"event_choices":[{"cards_removed":["Strike_G"],"damage_healed":0.0,"max_hp_gain":0.0,"max_hp_loss":0.0,"gold_gain":0.0,"event_name":"The Cleric","player_choice":"Card Removal","floor":4.0,"gold_loss":50.0,"damage_taken":0.0},{"damage_healed":0.0,"max_hp_gain":0.0,"max_hp_loss":0.0,"gold_gain":0.0,"event_name":"Shining Light","player_choice":"Entered Light","floor":12.0,"gold_loss":0.0,"damage_taken":15.0,"cards_upgraded":["Defend_G","Defend_G"]},{"damage_healed":0.0,"max_hp_gain":0.0,"max_hp_loss":0.0,"gold_gain":0.0,"event_name":"Scrap Ooze","player_choice":"Fled","floor":14.0,"gold_loss":0.0,"damage_taken":3.0},{"damage_healed":0,"gold_gain":0,"player_choice":"Ignored","damage_taken":0,"max_hp_gain":0,"max_hp_loss":0,"event_name":"Ghosts","floor":20,"gold_loss":0},{"damage_healed":0,"gold_gain":0,"player_choice":"Got Potions","damage_taken":0,"max_hp_gain":0,"max_hp_loss":0,"event_name":"Lab","floor":24,"gold_loss":0},{"damage_healed":0,"gold_gain":0,"player_choice":"Inject Mutagens","damage_taken":0,"relics_obtained":["MutagenicStrength"],"max_hp_gain":0,"max_hp_loss":0,"event_name":"Drug Dealer","floor":28,"gold_loss":0},{"damage_healed":21,"gold_gain":0,"player_choice":"Writhe","damage_taken":0,"max_hp_gain":0,"max_hp_loss":0,"event_name":"Winding Halls","floor":37,"gold_loss":0,"cards_obtained":["Writhe"]},{"damage_healed":0,"gold_gain":0,"player_choice":"Ignored","damage_taken":0,"max_hp_gain":0,"max_hp_loss":0,"event_name":"Tomb of Lord Red Mask","floor":41,"gold_loss":0},{"cards_removed":["Defend_G"],"damage_healed":0,"gold_gain":0,"player_choice":"Removed Skill","damage_taken":0,"max_hp_gain":0,"max_hp_loss":0,"event_name":"Falling","floor":45,"gold_loss":0},{"damage_healed":0,"gold_gain":0,"player_choice":"Gave Potion","damage_taken":0,"relics_obtained":["Pocketwatch"],"max_hp_gain":0,"max_hp_loss":0,"event_name":"WeMeetAgain","floor":46,"gold_loss":0}],"is_beta":false,"boss_relics":[{"not_picked":["Ring of the Serpent","Snecko Eye"],"picked":"Sozu"},{"not_picked":["Runic Dome","Calling Bell"],"picked":"Tiny House"}],"items_purged_floors":[7,22],"is_endless":false,"potions_floor_spawned":[2,3,5,11,13,16,18,19,21,25,29,31,33,35,36,38,39,47,48],"killed_by":"Donu and Deca","ascension_level":0}}