{"host":"Bilverbakes","time":1612468910,"event":{"mods":["2.2 Compatiblity","AchievementEnabler","BaseMod","Bestiary","Colored Map","Minty Spire (QoL Compilation)","Relic Stats","StSLib","ojb\u0027s Info Mod"],"gold_per_floor":[113,113,4,4,22,50,64,92,117,145,33,33,88,104,104,180,180,200,210,226,241,260,260,130,130,184,184,211,227,227,70,70,147,147,167,167,179,35,54,54,71,71,95,130,144,190,222,235,235,235,235,235,235,24,50,50,50],"floor_reached":56,"language":"ENG","playtime":3242,"items_purged":["Strike_G","Pain","Bouncing Flask"],"score":1973,"play_id":"7981dd3d-4474-4b0b-a757-c1d81657600c","local_time":"20210204140150","is_ascension_mode":true,"campfire_choices":[{"data":"Skewer","floor":12.0,"key":"SMITH"},{"data":"All Out Attack","floor":15.0,"key":"SMITH"},{"data":"Wraith Form v2","floor":23.0,"key":"SMITH"},{"data":"Phantasmal Killer","floor":25.0,"key":"SMITH"},{"floor":32.0,"key":"REST"},{"floor":40,"key":"RECALL"},{"data":"Well Laid Plans","floor":42,"key":"SMITH"},{"data":"Tools of the Trade","floor":49,"key":"SMITH"},{"data":"Wraith Form v2","floor":53,"key":"SMITH"}],"circlet_count":0,"master_deck":["AscendersBane","Strike_G+1","Strike_G+1","Strike_G+1","Strike_G+1","Defend_G+1","Defend_G+1","Defend_G+1","Defend_G+1","Defend_G+1","Survivor","Neutralize+1","Expertise","Flying Knee","Wraith Form v2+1","Endless Agony","Skewer+1","Backstab","Well Laid Plans+1","All Out Attack+1","Adrenaline","PiercingWail+1","Phantasmal Killer+1","Shame","Prepared+1","Wraith Form v2+1","Tools of the Trade+1","Dagger Throw+1","Decay","Blade Dance","Reflex","Dagger Spray+1","Clumsy","Prepared+1","Blade Dance","Tactician","Terror"],"relics":["Ring of the Snake","NeowsBlessing","Bag of Preparation","Strawberry","Lantern","Cursed Key","Vajra","WarpedTongs","Du-Vu Doll","OrangePellets","Coffee Dripper","Happy Flower","PreservedInsect","Peace Pipe","Mummified Hand","Turnip"],"acts_visited":["Exordium","TheCity","TheBeyond","TheEnding"],"potions_floor_usage":[51,56,56],"damage_taken":[{"damage":0.0,"enemies":"Small Slimes","floor":1.0,"turns":1.0},{"damage":0.0,"enemies":"2 Louse","floor":5.0,"turns":1.0},{"damage":0.0,"enemies":"Gremlin Nob","floor":6.0,"turns":1.0},{"damage":0.0,"enemies":"Cultist","floor":7.0,"turns":3.0},{"damage":32.0,"enemies":"3 Sentries","floor":8.0,"turns":9.0},{"damage":6.0,"enemies":"Gremlin Nob","floor":10.0,"turns":3.0},{"damage":6.0,"enemies":"Gremlin Gang","floor":13.0,"turns":5.0},{"damage":0.0,"enemies":"Large Slime","floor":14.0,"turns":2.0},{"damage":25.0,"enemies":"Slime Boss","floor":16.0,"turns":7.0},{"damage":2.0,"enemies":"2 Thieves","floor":18.0,"turns":4.0},{"damage":4.0,"enemies":"Shell Parasite","floor":19.0,"turns":4.0},{"damage":2.0,"enemies":"Centurion and Healer","floor":20.0,"turns":7.0},{"damage":6.0,"enemies":"Snake Plant","floor":21.0,"turns":5.0},{"damage":9.0,"enemies":"Shelled Parasite and Fungi","floor":22.0,"turns":6.0},{"damage":10.0,"enemies":"Slavers","floor":28.0,"turns":6.0},{"damage":3.0,"enemies":"3 Cultists","floor":29.0,"turns":3.0},{"damage":17.0,"enemies":"Champ","floor":33.0,"turns":7.0},{"damage":3.0,"enemies":"3 Shapes","floor":35.0,"turns":2.0},{"damage":0,"enemies":"Orb Walker","floor":37,"turns":2},{"damage":0,"enemies":"Maw","floor":39,"turns":5},{"damage":3,"enemies":"Writhing Mass","floor":41,"turns":5},{"damage":1,"enemies":"Giant Head","floor":44,"turns":6},{"damage":0,"enemies":"Jaw Worm Horde","floor":45,"turns":2},{"damage":0,"enemies":"2 Orb Walkers","floor":46,"turns":2},{"damage":0,"enemies":"Reptomancer","floor":47,"turns":4},{"damage":0,"enemies":"Sphere and 2 Shapes","floor":48,"turns":2},{"damage":30,"enemies":"Donu and Deca","floor":50,"turns":6},{"damage":8,"enemies":"Awakened One","floor":51,"turns":9},{"damage":3,"enemies":"Shield and Spear","floor":55,"turns":5},{"damage":83,"enemies":"The Heart","floor":56,"turns":8}],"seed_played":"4738441983657637272","potions_obtained":[{"floor":5.0,"key":"EntropicBrew"},{"floor":8.0,"key":"LiquidMemories"},{"floor":10.0,"key":"SkillPotion"},{"floor":13.0,"key":"Swift Potion"},{"floor":18.0,"key":"SkillPotion"},{"floor":22.0,"key":"Regen Potion"},{"floor":28.0,"key":"AttackPotion"},{"floor":35.0,"key":"Poison Potion"},{"floor":37,"key":"EssenceOfSteel"},{"floor":45,"key":"LiquidMemories"}],"is_trial":false,"path_per_floor":["M","?","$","?","M","E","M","E","T","E","$","R","M","M","R","B",null,"M","M","M","M","M","R","$","R","T","?","E","M","?","$","R","B",null,"M","?","M","$","M","R","M","R","T","E","M","?","E","M","R","B","B",null,"R","$","E","B"],"character_chosen":"THE_SILENT","items_purchased":["Flying Knee","BlessingOfTheForge","Backstab","Well Laid Plans","FearPotion","OrangePellets","Reflex","LiquidMemories"],"campfire_rested":1,"item_purchase_floors":[3,3,11,11,24,31,38,54],"current_hp_per_floor":[59,64,64,64,64,64,64,39,39,33,33,33,27,27,27,2,59,57,53,51,45,36,36,36,36,36,36,41,38,38,38,61,44,70,67,67,67,67,67,67,64,64,64,63,63,63,63,63,63,33,25,65,65,65,62,0,0],"gold":50,"neow_bonus":"THREE_ENEMY_KILL","is_daily":false,"chose_seed":false,"campfire_upgraded":7,"win_rate":0.0,"timestamp":1612468910,"path_taken":["M","?","$","?","M","E","M","E","T","E","$","R","M","M","R","BOSS","M","?","M","M","?","R","$","R","T","?","E","?","?","$","R","BOSS","M","?","M","$","M","R","?","R","T","E","M","?","E","M","R","BOSS","BOSS","R","$","E","BOSS"],"items_purchased_type":["Card","Potion","Card","Card","Potion","Relic","Card","Potion"],"build_version":"2020-12-18","purchased_purges":3,"victory":false,"max_hp_per_floor":[66,71,71,71,71,71,71,78,78,78,78,78,78,78,78,78,78,78,78,78,78,78,78,78,78,78,78,78,78,78,78,78,78,78,78,78,78,78,78,78,78,78,78,78,78,78,78,78,78,78,78,78,78,78,78,78,78],"relic_stats":{"Peace Pipe":0,"OrangePellets":[25],"Happy Flower":[14],"counters":[30,132],"Mummified Hand":[22],"PreservedInsect":139,"Turnip":[3],"Bag of Preparation":[58],"Cursed Key":2,"obtain_stats":[{"Lantern":10,"NeowsBlessing":0,"Happy Flower":43,"Vajra":26,"PreservedInsect":44,"Bag of Preparation":6,"Cursed Key":17,"WarpedTongs":27,"Du-Vu Doll":28,"Peace Pipe":46,"OrangePellets":31,"Mummified Hand":47,"Strawberry":8,"Turnip":55,"Coffee Dripper":34,"Ring of the Snake":0},{"Lantern":6,"NeowsBlessing":0,"Happy Flower":21,"Vajra":14,"PreservedInsect":22,"Bag of Preparation":3,"Cursed Key":9,"WarpedTongs":14,"Du-Vu Doll":15,"Peace Pipe":24,"OrangePellets":16,"Mummified Hand":25,"Strawberry":5,"Turnip":29,"Coffee Dripper":17,"Ring of the Snake":0},{"Lantern":18,"NeowsBlessing":0,"Happy Flower":88,"Vajra":58,"PreservedInsect":94,"Bag of Preparation":3,"Cursed Key":32,"WarpedTongs":58,"Du-Vu Doll":64,"Peace Pipe":98,"OrangePellets":67,"Mummified Hand":102,"Strawberry":15,"Turnip":124,"Coffee Dripper":74,"Ring of the Snake":0}],"Ring of the Snake":[60],"WarpedTongs":[64]},"card_choices":[{"not_picked":["Acrobatics","Sucker Punch"],"picked":"Expertise","floor":1.0},{"not_picked":["Deadly Poison","Infinite Blades"],"picked":"Bouncing Flask","floor":5.0},{"not_picked":["Backflip","Calculated Gamble"],"picked":"Wraith Form v2","floor":6.0},{"not_picked":["Dodge and Roll","Backflip"],"picked":"Endless Agony","floor":7.0},{"not_picked":["Eviscerate","Caltrops"],"picked":"Skewer","floor":8.0},{"not_picked":["Infinite Blades","Escape Plan","Eviscerate"],"picked":"SKIP","floor":10.0},{"not_picked":["Backflip","Reflex","Blur"],"picked":"SKIP","floor":13.0},{"not_picked":["Poisoned Stab","Quick Slash"],"picked":"All Out Attack","floor":14.0},{"not_picked":["Malaise","Die Die Die"],"picked":"Adrenaline","floor":16.0},{"not_picked":["Blade Dance","Deadly Poison"],"picked":"PiercingWail+1","floor":18.0},{"not_picked":["Deflect","Eviscerate","Acrobatics"],"picked":"SKIP","floor":19.0},{"not_picked":["Quick Slash","Finisher","Distraction"],"picked":"SKIP","floor":20.0},{"not_picked":["Quick Slash","Underhanded Strike"],"picked":"Phantasmal Killer","floor":21.0},{"not_picked":["Dodge and Roll","Bane","Acrobatics"],"picked":"SKIP","floor":22.0},{"not_picked":["Concentrate","Underhanded Strike"],"picked":"Prepared+1","floor":28.0},{"not_picked":["Backflip","All Out Attack+1"],"picked":"Wraith Form v2","floor":29.0},{"not_picked":["Storm of Steel","Doppelganger"],"picked":"Tools of the Trade","floor":33.0},{"not_picked":["Outmaneuver","Poisoned Stab+1"],"picked":"Dagger Throw+1","floor":35.0},{"not_picked":["All Out Attack","Quick Slash"],"picked":"Blade Dance","floor":37},{"not_picked":["Acrobatics","Sucker Punch"],"picked":"Dagger Spray+1","floor":39},{"not_picked":["Calculated Gamble","Deadly Poison+1","Dodge and Roll"],"picked":"SKIP","floor":41},{"not_picked":["Outmaneuver","Unload"],"picked":"Prepared+1","floor":44},{"not_picked":["Prepared","Deflect","Bane"],"picked":"SKIP","floor":45},{"not_picked":["Deflect","Distraction"],"picked":"Blade Dance","floor":46},{"not_picked":["Quick Slash","Choke"],"picked":"Tactician","floor":47},{"not_picked":["Deflect","Escape Plan+1"],"picked":"Terror","floor":48},{"not_picked":["Bane","Deflect","Deadly Poison+1"],"picked":"SKIP","floor":55}],"player_experience":889204,"relics_obtained":[{"floor":6.0,"key":"Bag of Preparation"},{"floor":8.0,"key":"Strawberry"},{"floor":10.0,"key":"Lantern"},{"floor":26.0,"key":"Vajra"},{"floor":28.0,"key":"Du-Vu Doll"},{"floor":43,"key":"Happy Flower"},{"floor":44,"key":"PreservedInsect"},{"floor":46,"key":"Peace Pipe"},{"floor":47,"key":"Mummified Hand"},{"floor":55,"key":"Turnip"}],"event_choices":[{"damage_healed":0.0,"max_hp_gain":5.0,"max_hp_loss":0.0,"gold_gain":0.0,"event_name":"Big Fish","player_choice":"Donut","floor":2.0,"gold_loss":0.0,"damage_taken":0.0},{"damage_healed":0.0,"max_hp_gain":0.0,"max_hp_loss":0.0,"gold_gain":0.0,"event_name":"Upgrade Shrine","player_choice":"Upgraded","floor":4.0,"gold_loss":0.0,"damage_taken":0.0,"cards_upgraded":["Neutralize"]},{"damage_healed":0.0,"max_hp_gain":0.0,"max_hp_loss":0.0,"gold_gain":0.0,"event_name":"Accursed Blacksmith","player_choice":"Rummage","floor":27.0,"gold_loss":0.0,"damage_taken":0.0,"relics_obtained":["WarpedTongs"],"cards_obtained":["Pain"]},{"damage_healed":0.0,"max_hp_gain":0.0,"max_hp_loss":0.0,"gold_gain":0.0,"event_name":"Back to Basics","player_choice":"Simplicity","floor":30.0,"gold_loss":0.0,"damage_taken":0.0,"cards_upgraded":["Strike_G","Strike_G","Strike_G","Strike_G","Defend_G","Defend_G","Defend_G","Defend_G","Defend_G"]},{"damage_healed":0.0,"max_hp_gain":0.0,"max_hp_loss":0.0,"gold_gain":0.0,"event_name":"Wheel of Change","player_choice":"Cursed","floor":36.0,"gold_loss":0.0,"damage_taken":0.0,"cards_obtained":["Decay"]},{"damage_healed":0,"gold_gain":0,"player_choice":"Fight","damage_taken":0,"max_hp_gain":0,"max_hp_loss":0,"event_name":"Mysterious Sphere","floor":46,"gold_loss":0}],"is_beta":true,"boss_relics":[{"not_picked":["Philosopher\u0027s Stone","Runic Dome"],"picked":"Cursed Key"},{"not_picked":["Empty Cage","SacredBark"],"picked":"Coffee Dripper"}],"items_purged_floors":[24,38,54],"is_endless":false,"potions_floor_spawned":[5,8,10,13,18,20,22,28,35,37,45,46],"killed_by":"The Heart","ascension_level":20}}