{"host":"dggqshehf2ar9kzd","time":1612426788,"event":{"mods":["BaseMod","Highlight Path","Minty Spire (QoL Compilation)"],"gold_per_floor":[115,115,133,149,149,175,51,51,77,102,102,121,150,50,50,153,203,214,228,244,39,39,74,74,107,107,107,107,107],"floor_reached":28,"language":"ENG","playtime":1982,"items_purged":["Strike_P","Defend_P","Defend_P"],"score":314,"play_id":"4c9b3ce8-3449-4c26-ac6e-b5396fad7187","local_time":"20210204031948","is_ascension_mode":true,"campfire_choices":[{"data":"ThirdEye","floor":8,"key":"SMITH"},{"floor":11,"key":"REST"},{"data":"PathToVictory","floor":15,"key":"SMITH"},{"floor":24,"key":"REST"},{"floor":27,"key":"REST"}],"circlet_count":0,"master_deck":["Strike_P","Strike_P+1","Defend_P","Eruption","Vigilance","ThirdEye+1","CrushJoints+1","Consecrate+1","PathToVictory+1","Consecrate","ConjureBlade","CutThroughFate","JustLucky","Evaluate","Weave","JustLucky","EmptyFist"],"relics":["PureWater","Whetstone","Ancient Tea Set","Blue Candle","Frozen Egg 2","Tiny House","Boot","Damaru","Sundial","GoldenEye"],"acts_visited":["Exordium","TheCity"],"potions_floor_usage":[6,6,13,16,23,25,28],"damage_taken":[{"damage":1,"enemies":"2 Louse","floor":1,"turns":4},{"damage":0,"enemies":"Small Slimes","floor":3,"turns":3},{"damage":0,"enemies":"Jaw Worm","floor":4,"turns":3},{"damage":28,"enemies":"Gremlin Nob","floor":6,"turns":4},{"damage":6,"enemies":"3 Sentries","floor":10,"turns":5},{"damage":0,"enemies":"2 Fungi Beasts","floor":12,"turns":2},{"damage":0,"enemies":"Lagavulin","floor":13,"turns":3},{"damage":29,"enemies":"The Guardian","floor":16,"turns":9},{"damage":3,"enemies":"Chosen","floor":18,"turns":4},{"damage":13,"enemies":"Shell Parasite","floor":19,"turns":4},{"damage":15,"enemies":"Chosen and Byrds","floor":20,"turns":5},{"damage":38,"enemies":"Book of Stabbing","floor":23,"turns":5},{"damage":26,"enemies":"Slavers","floor":25,"turns":4},{"damage":24,"enemies":"Book of Stabbing","floor":28,"turns":4}],"seed_played":"1209888292630845228","potions_obtained":[{"floor":1,"key":"StancePotion"},{"floor":3,"key":"Swift Potion"},{"floor":4,"key":"EssenceOfSteel"},{"floor":12,"key":"ColorlessPotion"},{"floor":16,"key":"CultistPotion"},{"floor":17,"key":"StancePotion"},{"floor":18,"key":"Ancient Potion"},{"floor":25,"key":"Dexterity Potion"}],"is_trial":false,"path_per_floor":["M","?","M","M","?","E","$","R","T","E","R","M","E","$","R","B",null,"M","M","M","$","?","E","R","E","T","R","E"],"character_chosen":"WATCHER","items_purchased":["Swift Potion","Weave"],"campfire_rested":3,"item_purchase_floors":[7,21],"current_hp_per_floor":[71,64,64,64,64,36,36,36,36,30,51,51,51,51,51,22,77,74,61,46,46,46,8,31,5,5,28,4,4],"gold":107,"neow_bonus":"REMOVE_CARD","is_daily":false,"chose_seed":false,"campfire_upgraded":2,"win_rate":0.0,"timestamp":1612426788,"path_taken":["M","?","M","M","?","E","$","R","T","E","R","M","E","?","R","BOSS","M","M","M","$","?","E","R","E","T","R","E"],"items_purchased_type":["Potion","Card"],"build_version":"2020-12-22","purchased_purges":3,"victory":false,"max_hp_per_floor":[72,72,72,72,72,72,72,72,72,72,72,72,72,72,72,72,77,77,77,77,77,77,77,77,77,77,77,77,77],"card_choices":[{"not_picked":["Meditate","ReachHeaven"],"picked":"ThirdEye","floor":1},{"not_picked":["Tantrum","Vengeance"],"picked":"CrushJoints","floor":3},{"not_picked":["ReachHeaven","CarveReality","CrushJoints"],"picked":"SKIP","floor":4},{"not_picked":["Crescendo","EmptyFist"],"picked":"Consecrate","floor":6},{"not_picked":["SashWhip","ClearTheMind","Protect"],"picked":"SKIP","floor":10},{"not_picked":["CrushJoints","Ragnarok"],"picked":"PathToVictory","floor":12},{"not_picked":["BattleHymn+1","Worship"],"picked":"Consecrate","floor":13},{"not_picked":["Ragnarok","Brilliance"],"picked":"ConjureBlade","floor":16},{"not_picked":["WindmillStrike","ThirdEye"],"picked":"CutThroughFate","floor":18},{"not_picked":["FlurryOfBlows","Crescendo"],"picked":"JustLucky","floor":19},{"not_picked":["Nirvana+1","EmptyBody"],"picked":"Evaluate","floor":20},{"not_picked":["Halt","Weave"],"picked":"JustLucky","floor":23},{"not_picked":["Crescendo+1","Indignation+1"],"picked":"EmptyFist","floor":25}],"player_experience":321379,"relics_obtained":[{"floor":6,"key":"Whetstone"},{"floor":9,"key":"Ancient Tea Set"},{"floor":10,"key":"Blue Candle"},{"floor":13,"key":"Frozen Egg 2"},{"floor":23,"key":"Damaru"},{"floor":25,"key":"Sundial"},{"floor":26,"key":"GoldenEye"}],"event_choices":[{"cards_removed":["Defend_P"],"damage_healed":0,"gold_gain":0,"player_choice":"Card Removal","damage_taken":7,"max_hp_gain":0,"max_hp_loss":0,"event_name":"Golden Wing","floor":2,"gold_loss":0},{"damage_healed":0,"gold_gain":0,"player_choice":"Ignored","damage_taken":0,"max_hp_gain":0,"max_hp_loss":0,"event_name":"Liars Game","floor":5,"gold_loss":0},{"damage_healed":0,"gold_gain":0,"player_choice":"Opened","damage_taken":0,"relics_obtained":["Boot"],"max_hp_gain":0,"max_hp_loss":0,"event_name":"The Mausoleum","floor":22,"gold_loss":0}],"is_beta":false,"boss_relics":[{"not_picked":["Snecko Eye","Fusion Hammer"],"picked":"Tiny House"}],"items_purged_floors":[7,14,21],"is_endless":false,"potions_floor_spawned":[1,3,4,12,16,18,25],"killed_by":"Book of Stabbing","ascension_level":1}}