{"host":"q9sqrn60n8lvmavn","time":1612420265,"event":{"mods":["AchievementEnabler","AlwaysNeverKeys","BaseMod","Better Third Choice","Better Vampires","Block Reminder","Colored Powertips","Curses Come First","DNKmod","Friendly Minions","Minty Spire (QoL Compilation)","Permanent Neow","Relic Filter Mod","StSLib","Weighted Paths"],"gold_per_floor":[1013,1026,446,396,408,408,433,433,433,333,349,349,368,386,386,487,487,500,520,520,540,555,555,0,26,26,26,51,51,80,99,99,202,202,220,246,246,264,286,324,324,354,354,363,402,422,14,0,0,0,0,0,0,30,30],"floor_reached":56,"language":"ENG","playtime":1188,"items_purged":["Bash","Defend_R","Strike_R"],"score":2033,"play_id":"69159ae2-b741-4b88-a370-0d69cc90ee4a","local_time":"20210203223105","is_ascension_mode":true,"campfire_choices":[{"data":"Pommel Strike","floor":6,"key":"SMITH"},{"data":"Shockwave","floor":8,"key":"SMITH"},{"data":"Inflame","floor":12,"key":"SMITH"},{"data":"Whirlwind","floor":15,"key":"SMITH"},{"data":"True Grit","floor":23,"key":"SMITH"},{"data":"Offering","floor":27,"key":"SMITH"},{"data":"Battle Trance","floor":29,"key":"SMITH"},{"data":"Iron Wave","floor":32,"key":"SMITH"},{"data":"Pommel Strike","floor":41,"key":"SMITH"},{"floor":44,"key":"REST"},{"floor":49,"key":"REST"},{"data":"Strike_R","floor":52,"key":"SMITH"}],"circlet_count":0,"master_deck":["AscendersBane","Strike_R+1","Strike_R","Strike_R+1","Shockwave+1","Pommel Strike+1","Inflame+1","Battle Trance+1","Whirlwind+1","Offering+1","Iron Wave+1","True Grit+1","Battle Trance+1","Heavy Blade+1","Pommel Strike+1","Seeing Red+1","Pommel Strike+1","Warcry+1","Limit Break+1"],"relics":["Burning Blood","Paper Frog","Mercury Hourglass","InkBottle","Dream Catcher","Shuriken","Gremlin Horn","Mummified Hand","Incense Burner","Singing Bowl","Sozu","Toxic Egg 2","Bag of Marbles","MealTicket","CeramicFish","Empty Cage","Ginger","Oddly Smooth Stone","Whetstone","Bottled Tornado","Ancient Tea Set","Red Mask","Lantern"],"acts_visited":["Exordium","TheCity","TheBeyond","TheEnding"],"potions_floor_usage":[7,16,28],"damage_taken":[{"damage":7,"enemies":"Jaw Worm","floor":1,"turns":2},{"damage":0,"enemies":"Cultist","floor":2,"turns":3},{"damage":0,"enemies":"Small Slimes","floor":5,"turns":2},{"damage":15,"enemies":"Lagavulin","floor":7,"turns":3},{"damage":0,"enemies":"3 Louse","floor":11,"turns":2},{"damage":8,"enemies":"Large Slime","floor":13,"turns":2},{"damage":14,"enemies":"Red Slaver","floor":14,"turns":2},{"damage":17,"enemies":"The Guardian","floor":16,"turns":5},{"damage":0,"enemies":"Chosen","floor":18,"turns":2},{"damage":13,"enemies":"2 Thieves","floor":19,"turns":2},{"damage":6,"enemies":"Sentry and Sphere","floor":21,"turns":1},{"damage":6,"enemies":"Snake Plant","floor":22,"turns":1},{"damage":2,"enemies":"Book of Stabbing","floor":25,"turns":3},{"damage":12,"enemies":"Slavers","floor":28,"turns":2},{"damage":6,"enemies":"Book of Stabbing","floor":30,"turns":2},{"damage":6,"enemies":"Snecko","floor":31,"turns":2},{"damage":6,"enemies":"Collector","floor":33,"turns":3},{"damage":1,"enemies":"3 Darklings","floor":35,"turns":1},{"damage":6,"enemies":"Orb Walker","floor":36,"turns":1},{"damage":19,"enemies":"Writhing Mass","floor":38,"turns":3},{"damage":7,"enemies":"Maw","floor":39,"turns":3},{"damage":6,"enemies":"Reptomancer","floor":40,"turns":2},{"damage":37,"enemies":"Nemesis","floor":42,"turns":3},{"damage":11,"enemies":"Giant Head","floor":45,"turns":3},{"damage":22,"enemies":"4 Shapes","floor":46,"turns":1},{"damage":24,"enemies":"Time Eater","floor":50,"turns":4},{"damage":6,"enemies":"Shield and Spear","floor":54,"turns":2},{"damage":39,"enemies":"The Heart","floor":55,"turns":5}],"seed_played":"-5206472696699335114","potions_obtained":[{"floor":5,"key":"ColorlessPotion"},{"floor":7,"key":"Strength Potion"},{"floor":16,"key":"EssenceOfSteel"}],"is_trial":false,"path_per_floor":["M","M","$","?","M","R","E","R","T","$","M","R","M","M","R","B",null,"M","M","?","M","M","R","?","E","T","R","E","R","E","M","R","B",null,"M","M","?","M","M","E","R","E","T","R","E","M","$","?","R","B",null,"R","$","E","B",null],"character_chosen":"IRONCLAD","items_purchased":["Shuriken","Gremlin Horn","Ancient Tea Set","Limit Break+1"],"campfire_rested":2,"item_purchase_floors":[3,3,47,47],"current_hp_per_floor":[99,100,100,100,100,100,91,91,91,91,97,97,95,89,89,78,96,102,97,97,97,99,99,99,103,103,103,99,99,101,103,103,105,112,116,116,116,105,104,104,104,75,75,111,106,92,107,107,124,106,120,120,124,126,93],"gold":30,"neow_bonus":"RANDOM_COMMON_RELIC","is_daily":false,"chose_seed":false,"campfire_upgraded":10,"win_rate":0.0,"timestamp":1612420265,"path_taken":["M","M","$","?","?","R","E","R","T","$","M","R","M","M","R","BOSS","M","?","?","M","M","R","?","E","T","R","E","R","E","M","R","BOSS","M","M","?","?","M","E","R","E","T","R","E","M","$","?","R","BOSS","R","$","E","BOSS"],"items_purchased_type":["Relic","Relic","Relic","Card"],"build_version":"2020-12-22","purchased_purges":3,"victory":true,"max_hp_per_floor":[100,100,100,100,100,100,100,100,100,100,100,100,100,102,102,102,102,102,104,104,104,106,106,106,106,106,106,108,108,110,112,112,114,114,116,116,116,118,118,118,118,120,120,120,120,122,122,122,124,124,124,124,124,126,126],"card_choices":[{"not_picked":["Wild Strike","Iron Wave"],"picked":"Shockwave","floor":1},{"not_picked":["Anger","Clothesline","Clash"],"picked":"SKIP","floor":2},{"not_picked":["Shrug It Off","Iron Wave"],"picked":"Pommel Strike","floor":5},{"not_picked":["Havoc","Anger"],"picked":"Inflame","floor":7},{"not_picked":["Metallicize","Body Slam"],"picked":"Battle Trance","floor":11},{"not_picked":["Sever Soul","Wild Strike"],"picked":"Whirlwind","floor":13},{"not_picked":["Shockwave","Reckless Charge","Battle Trance"],"picked":"Singing Bowl","floor":14},{"not_picked":["Double Tap","Bludgeon"],"picked":"Offering","floor":16},{"not_picked":["Flex","Entrench"],"picked":"Iron Wave","floor":18},{"not_picked":["Clash","Perfected Strike+1","Reckless Charge"],"picked":"Singing Bowl","floor":19},{"not_picked":["Burning Pact","Anger"],"picked":"True Grit","floor":21},{"not_picked":["Infernal Blade","Pommel Strike","Ghostly Armor+1"],"picked":"Singing Bowl","floor":22},{"not_picked":["Sword Boomerang","Perfected Strike+1"],"picked":"Battle Trance+1","floor":25},{"not_picked":["Shockwave+1","Fire Breathing","Rupture"],"picked":"Singing Bowl","floor":28},{"not_picked":["Battle Trance+1","Dual Wield+1","Heavy Blade"],"picked":"Singing Bowl","floor":30},{"not_picked":["Seeing Red+1","Headbutt","Sword Boomerang"],"picked":"Singing Bowl","floor":31},{"not_picked":["Immolate","Exhume+1","Feed"],"picked":"Singing Bowl","floor":33},{"not_picked":["Clash+1","Infernal Blade+1","Havoc+1"],"picked":"Singing Bowl","floor":35},{"not_picked":["Cleave","Evolve"],"picked":"Heavy Blade","floor":36},{"not_picked":["Headbutt","Clothesline+1","Havoc+1"],"picked":"Singing Bowl","floor":38},{"not_picked":["Rupture+1","Thunderclap"],"picked":"Pommel Strike","floor":39},{"not_picked":["Warcry+1","Thunderclap+1"],"picked":"Seeing Red+1","floor":40},{"not_picked":["Anger","Feel No Pain","Battle Trance+1"],"picked":"Singing Bowl","floor":42},{"not_picked":["Hemokinesis+1","Perfected Strike"],"picked":"Pommel Strike+1","floor":44},{"not_picked":["Entrench+1","Perfected Strike"],"picked":"Warcry+1","floor":45},{"not_picked":["Feel No Pain","Havoc+1","Perfected Strike+1"],"picked":"Singing Bowl","floor":46},{"not_picked":["Metallicize","Armaments+1","Rampage"],"picked":"Singing Bowl","floor":49},{"not_picked":["Dual Wield+1","Uppercut+1","Warcry+1"],"picked":"Singing Bowl","floor":54}],"player_experience":223729,"relics_obtained":[{"floor":7,"key":"Incense Burner"},{"floor":9,"key":"Singing Bowl"},{"floor":25,"key":"Toxic Egg 2"},{"floor":26,"key":"Bag of Marbles"},{"floor":28,"key":"MealTicket"},{"floor":30,"key":"CeramicFish"},{"floor":40,"key":"Ginger"},{"floor":42,"key":"Oddly Smooth Stone"},{"floor":43,"key":"Whetstone"},{"floor":45,"key":"Bottled Tornado"},{"floor":54,"key":"Lantern"}],"event_choices":[{"damage_healed":0,"gold_gain":0,"player_choice":"Paid Gold","damage_taken":0,"relics_obtained":["Mummified Hand"],"max_hp_gain":0,"max_hp_loss":0,"event_name":"WeMeetAgain","floor":4,"gold_loss":50},{"cards_removed":["Defend_R"],"damage_healed":0,"gold_gain":0,"player_choice":"Elegance","damage_taken":0,"max_hp_gain":0,"max_hp_loss":0,"event_name":"betterThird:BetterWriting","floor":20,"gold_loss":0},{"damage_healed":0,"gold_gain":0,"player_choice":"Paid Fearfully","damage_taken":0,"max_hp_gain":0,"max_hp_loss":0,"event_name":"Masked Bandits","floor":24,"gold_loss":555},{"cards_removed":["Strike_R"],"damage_healed":0,"gold_gain":0,"player_choice":"Offered Basic","damage_taken":0,"max_hp_gain":0,"max_hp_loss":0,"event_name":"Bonfire Elementals","floor":37,"gold_loss":0},{"damage_healed":0,"gold_gain":0,"player_choice":"Paid","damage_taken":0,"relics_obtained":["Red Mask"],"max_hp_gain":0,"max_hp_loss":0,"event_name":"Tomb of Lord Red Mask","floor":48,"gold_loss":14}],"is_beta":false,"boss_relics":[{"not_picked":["SlaversCollar","Ectoplasm"],"picked":"Sozu"},{"not_picked":["Fusion Hammer","Runic Dome"],"picked":"Empty Cage"}],"items_purged_floors":[3,10,47],"is_endless":false,"potions_floor_spawned":[5,7,16,19,25,28,35,36,38],"ascension_level":10}}