{"host":"x8sop9v6zw8yitbt","time":1612412552,"event":{"mods":["BaseMod","Best Route Mod","Block Reminder","Challenge The Spire","Colored Powertips","Custom Start","Dark Map","DeckTracker","Minty Spire (QoL Compilation)","Permanent Neow","Quick Restart","Rare Cards Sparkle","Reliquary","Spicy Shops","Spikes Relics","StSLib","Virulent Crown"],"gold_per_floor":[110,110,60,60,79,79,96,121,121,4,35,53,53,68,68,165,165,185,235,47,97,61,95,163,193,193,211,281,308,458,295,295,393,393,411,461,475,278,328,362,362,395,395,395,456,556,676,726,726,726],"floor_reached":51,"language":"ENG","playtime":1490,"items_purged":["Reflex","Strike_G","Defend_G"],"score":1011,"play_id":"e5bb0cec-9ad1-4243-9706-2f4ad3286ad9","local_time":"20210203232232","daily_mods":["Specialized","Heirloom"],"is_ascension_mode":true,"campfire_choices":[{"data":"Noxious Fumes","floor":6.0,"key":"SMITH"},{"data":"Noxious Fumes","floor":13.0,"key":"SMITH"},{"data":"Noxious Fumes","floor":15.0,"key":"SMITH"},{"data":"Noxious Fumes","floor":32,"key":"SMITH"},{"data":"Noxious Fumes","floor":41,"key":"SMITH"},{"data":"Dodge and Roll","floor":44,"key":"SMITH"},{"data":"Adrenaline","floor":49,"key":"SMITH"}],"circlet_count":0,"master_deck":["Strike_G","Strike_G","Defend_G","Defend_G","Defend_G","Survivor","Neutralize+1","Noxious Fumes+1","Noxious Fumes","Noxious Fumes+1","Noxious Fumes+1","Noxious Fumes","Dodge and Roll+1","Deflect","Noxious Fumes+1","Adrenaline+1","Blur+1","Dodge and Roll+1","Night Terror+1","Escape Plan+1","Bandage Up+1","Burst+1","Dodge and Roll+1","Noxious Fumes+1","PiercingWail+1"],"relics":["Ring of the Snake","reliquary:KillPill","SsserpentHead","White Beast Statue","reliquary:TuningFork","Omamori","Membership Card","ShockBauble","ClockworkSouvenir","Toxic Egg 2","Anchor","Happy Flower","reliquary:Stiletto","SnailShell","Coffee Dripper","Lee\u0027s Waffle","Medical Kit","Potion Belt","Du-Vu Doll","Oddly Smooth Stone","The Specimen","RoseTintedShades"],"acts_visited":["Exordium","TheCity","TheBeyond"],"potions_floor_usage":[40,50,50],"damage_taken":[{"damage":3.0,"enemies":"Small Slimes","floor":1.0,"turns":4.0},{"damage":2.0,"enemies":"Cultist","floor":5.0,"turns":4.0},{"damage":0.0,"enemies":"2 Louse","floor":7.0,"turns":3.0},{"damage":5.0,"enemies":"3 Sentries","floor":8.0,"turns":5.0},{"damage":14.0,"enemies":"Gremlin Nob","floor":11.0,"turns":4.0},{"damage":2.0,"enemies":"Red Slaver","floor":12.0,"turns":4.0},{"damage":8.0,"enemies":"Exordium Thugs","floor":14.0,"turns":4.0},{"damage":21.0,"enemies":"The Guardian","floor":16.0,"turns":6.0},{"damage":4.0,"enemies":"3 Byrds","floor":18.0,"turns":3.0},{"damage":5.0,"enemies":"Book of Stabbing","floor":23.0,"turns":5.0},{"damage":0.0,"enemies":"Chosen","floor":24.0,"turns":4.0},{"damage":0.0,"enemies":"Slavers","floor":25.0,"turns":4.0},{"damage":3.0,"enemies":"Snecko","floor":27.0,"turns":4.0},{"damage":0.0,"enemies":"Shelled Parasite and Fungi","floor":28.0,"turns":4.0},{"damage":0.0,"enemies":"Book of Stabbing","floor":29.0,"turns":5.0},{"damage":4,"enemies":"Champ","floor":33,"turns":7},{"damage":0,"enemies":"3 Shapes","floor":35,"turns":3},{"damage":0,"enemies":"Orb Walker","floor":37,"turns":4},{"damage":0,"enemies":"Nemesis","floor":40,"turns":7},{"damage":0,"enemies":"Reptomancer","floor":42,"turns":5},{"damage":0,"enemies":"3 Darklings","floor":45,"turns":4},{"damage":0,"enemies":"Mind Bloom Boss Battle","floor":46,"turns":4},{"damage":1,"enemies":"Time Eater","floor":50,"turns":7}],"seed_played":"-5248588627827931268","potions_obtained":[{"floor":8.0,"key":"AttackPotion"},{"floor":11.0,"key":"LiquidMemories"},{"floor":12.0,"key":"SneckoOil"},{"floor":14.0,"key":"Fire Potion"},{"floor":16.0,"key":"BlessingOfTheForge"},{"floor":18.0,"key":"BlessingOfTheForge"},{"floor":23.0,"key":"CunningPotion"},{"floor":24.0,"key":"Block Potion"},{"floor":25.0,"key":"Fire Potion"},{"floor":27.0,"key":"Energy Potion"},{"floor":29.0,"key":"Explosive Potion"},{"floor":37,"key":"LiquidMemories"},{"floor":40,"key":"Dexterity Potion"},{"floor":42,"key":"Swift Potion"},{"floor":45,"key":"Fire Potion"},{"floor":46,"key":"Dexterity Potion"}],"is_trial":true,"path_per_floor":["M","?","$","?","M","R","M","E","T","$","E","M","R","M","R","B",null,"M","?","$","T","$","E","M","E","T","M","M","E","?","$","R","B",null,"M","?","M","$","?","E","R","E","T","R","M","?","T","?","R","B",null],"character_chosen":"THE_SILENT","items_purchased":["Dodge and Roll","Noxious Fumes","Membership Card","ClockworkSouvenir","Escape Plan+1","SnailShell","Bandage Up+1","Lee\u0027s Waffle","Medical Kit","Noxious Fumes"],"campfire_rested":0,"item_purchase_floors":[3,10,20,22,31,31,31,38,38,38],"current_hp_per_floor":[67,67,67,67,65,65,65,60,60,60,46,44,44,36,36,15,70,66,66,66,66,66,61,61,61,61,58,58,58,58,58,58,60,70,70,70,70,77,77,77,77,77,77,77,77,77,77,73,73,73],"gold":726,"neow_bonus":"","is_daily":false,"chose_seed":false,"campfire_upgraded":7,"win_rate":0.0,"timestamp":1612412552,"path_taken":["M","?","?","?","M","R","M","E","T","$","E","M","R","M","R","BOSS","M","?","$","?","$","E","?","E","T","M","?","E","?","?","R","BOSS","M","?","M","?","?","E","R","E","T","R","?","?","?","?","R","BOSS"],"items_purchased_type":["Card","Card","Relic","Relic","Card","Relic","Card","Relic","Relic","Card"],"build_version":"2020-12-22","purchased_purges":3,"victory":true,"max_hp_per_floor":[70,70,70,70,70,70,70,70,70,70,70,70,70,70,70,70,70,70,70,70,70,70,70,70,70,70,70,70,70,70,70,70,70,70,70,70,70,77,77,77,77,77,77,77,77,77,77,73,73,73],"card_choices":[{"not_picked":["Blade Dance","Dagger Spray","Endless Agony"],"picked":"SKIP","floor":1.0},{"not_picked":["Dagger Throw","Blade Dance"],"picked":"Deflect","floor":5.0},{"not_picked":["Acrobatics","Infinite Blades","Dodge and Roll"],"picked":"SKIP","floor":7.0},{"not_picked":["Flying Knee","Sucker Punch","Poisoned Stab"],"picked":"SKIP","floor":8.0},{"not_picked":["Finisher","Dodge and Roll","Slice"],"picked":"SKIP","floor":11.0},{"not_picked":["Bane","Poisoned Stab","Venomology"],"picked":"SKIP","floor":12.0},{"not_picked":["Escape Plan","Blade Dance","Concentrate"],"picked":"SKIP","floor":14.0},{"not_picked":["After Image","Burst"],"picked":"Adrenaline","floor":16.0},{"not_picked":["Poisoned Stab","Eviscerate","Sucker Punch"],"picked":"SKIP","floor":18.0},{"not_picked":["Deadly Poison+1","Dodge and Roll+1"],"picked":"Blur+1","floor":23.0},{"not_picked":["Sucker Punch","Night Terror+1"],"picked":"Dodge and Roll+1","floor":24.0},{"not_picked":["Bane+1","Cloak And Dagger+1"],"picked":"Night Terror+1","floor":25.0},{"not_picked":["Eviscerate","Choke","Bane+1"],"picked":"SKIP","floor":27.0},{"not_picked":["Dagger Spray+1","Choke","Skewer"],"picked":"SKIP","floor":28.0},{"not_picked":["Tactician+1","Slice","Finisher"],"picked":"SKIP","floor":29.0},{"not_picked":["Envenom","Unload"],"picked":"Burst+1","floor":33},{"not_picked":["Endless Agony","Tactician+1"],"picked":"Dodge and Roll+1","floor":35},{"not_picked":["Acrobatics+1","Setup+1","All Out Attack"],"picked":"SKIP","floor":37},{"not_picked":["Masterful Stab","Expertise+1"],"picked":"PiercingWail+1","floor":40},{"not_picked":["Predator","Slice","Concentrate+1"],"picked":"SKIP","floor":42},{"not_picked":["Dagger Throw+1","Tactician+1","All Out Attack+1"],"picked":"SKIP","floor":45}],"player_experience":884304,"relics_obtained":[{"floor":8.0,"key":"White Beast Statue"},{"floor":9.0,"key":"reliquary:TuningFork"},{"floor":11.0,"key":"Omamori"},{"floor":21.0,"key":"ShockBauble"},{"floor":23.0,"key":"Toxic Egg 2"},{"floor":25.0,"key":"Anchor"},{"floor":26.0,"key":"Happy Flower"},{"floor":29.0,"key":"reliquary:Stiletto"},{"floor":40,"key":"Potion Belt"},{"floor":42,"key":"Du-Vu Doll"},{"floor":43,"key":"Oddly Smooth Stone"},{"floor":46,"key":"The Specimen"},{"floor":47,"key":"RoseTintedShades"}],"event_choices":[{"damage_healed":0.0,"max_hp_gain":0.0,"max_hp_loss":0.0,"gold_gain":0.0,"event_name":"Upgrade Shrine","player_choice":"Upgraded","floor":2.0,"gold_loss":0.0,"damage_taken":0.0,"cards_upgraded":["Neutralize"]},{"damage_healed":0.0,"max_hp_gain":0.0,"max_hp_loss":0.0,"gold_gain":0.0,"event_name":"FaceTrader","player_choice":"Trade","floor":4.0,"gold_loss":0.0,"damage_taken":0.0,"relics_obtained":["SsserpentHead"]},{"damage_healed":0.0,"max_hp_gain":0.0,"max_hp_loss":0.0,"gold_gain":0.0,"cards_transformed":["Strike_G"],"event_name":"Transmorgrifier","player_choice":"Transformed","floor":19.0,"gold_loss":0.0,"damage_taken":0.0,"cards_obtained":["Reflex"]},{"damage_healed":0.0,"max_hp_gain":0.0,"max_hp_loss":0.0,"gold_gain":100.0,"event_name":"Golden Shrine","player_choice":"Pray","floor":30.0,"gold_loss":0.0,"damage_taken":0.0},{"cards_removed":["Defend_G"],"damage_healed":0,"gold_gain":0,"player_choice":"Purged","damage_taken":0,"max_hp_gain":0,"max_hp_loss":0,"event_name":"Purifier","floor":36,"gold_loss":0},{"cards_removed":["Strike_G"],"damage_healed":0,"gold_gain":0,"player_choice":"Card Removal","damage_taken":0,"max_hp_gain":0,"max_hp_loss":0,"event_name":"Wheel of Change","floor":39,"gold_loss":0},{"damage_healed":0,"gold_gain":0,"player_choice":"Fight","damage_taken":0,"max_hp_gain":0,"max_hp_loss":0,"event_name":"MindBloom","floor":46,"gold_loss":0},{"damage_healed":0,"gold_gain":0,"player_choice":"Max HP","damage_taken":0,"max_hp_gain":0,"max_hp_loss":4,"event_name":"Winding Halls","floor":48,"gold_loss":0}],"is_beta":false,"boss_relics":[{"not_picked":["reliquary:WritOfMandamus","Fusion Hammer","reliquary:Ember"]},{"not_picked":["SlaversCollar","CosmicIsotope"],"picked":"Coffee Dripper"}],"items_purged_floors":[20,31,38],"is_endless":false,"potions_floor_spawned":[8,11,12,14,16,18,23,24,25,27,28,29,33,35,37,40,42,45,46],"ascension_level":1}}