{"host":"kxz5izodaorfb9am","time":1612455459,"event":{"mods":["BaseMod","GifTheSpireLib","Minty Spire (QoL Compilation)","Shop Mod","StSLib"],"gold_per_floor":[115,115,40,115,95,127,142,177,200,231,231,249,260,260,260,332,332,350,320,21,31,31,31,31],"floor_reached":23,"language":"ENG","playtime":1741,"items_purged":["Strike_G"],"score":410,"play_id":"3198fc39-e902-47cb-af91-c35a796794df","local_time":"20210204171739","is_ascension_mode":true,"campfire_choices":[{"data":"Envenom","floor":11,"key":"SMITH"},{"floor":15,"key":"REST"}],"circlet_count":0,"master_deck":["AscendersBane","Strike_G","Strike_G","Defend_G","Defend_G","Defend_G","Survivor","Neutralize","Slice","Envenom+1","Well Laid Plans","Leg Sweep","Deflect","Infinite Blades","Adrenaline","Doppelganger+1","Burst+1","Infinite Blades+1","Deflect","Deadly Poison","Noxious Fumes+1","Catalyst"],"relics":["Ring of the Snake","NeowsBlessing","Strawberry","Bottled Flame","MealTicket","Astrolabe","Frozen Egg 2","Dead Branch"],"acts_visited":["Exordium","TheCity"],"potions_floor_usage":[8,8,10,16,19],"damage_taken":[{"damage":0,"enemies":"Small Slimes","floor":1,"turns":1},{"damage":0,"enemies":"3 Sentries","floor":6,"turns":2},{"damage":0,"enemies":"Jaw Worm","floor":7,"turns":1},{"damage":12,"enemies":"Lagavulin","floor":8,"turns":8},{"damage":31,"enemies":"3 Sentries","floor":10,"turns":12},{"damage":2,"enemies":"2 Louse","floor":12,"turns":4},{"damage":13,"enemies":"Gremlin Gang","floor":13,"turns":8},{"damage":31,"enemies":"Hexaghost","floor":16,"turns":12},{"damage":9,"enemies":"Shell Parasite","floor":18,"turns":8},{"damage":4,"enemies":"2 Thieves","floor":19,"turns":5},{"damage":17,"enemies":"Centurion and Healer","floor":21,"turns":8},{"damage":46,"enemies":"Slavers","floor":23,"turns":4}],"seed_played":"7037704132485644376","potions_obtained":[{"floor":5,"key":"Regen Potion"},{"floor":7,"key":"PowerPotion"},{"floor":8,"key":"CunningPotion"},{"floor":13,"key":"AttackPotion"},{"floor":16,"key":"Block Potion"}],"is_trial":false,"path_per_floor":["M","?","$","?","?","E","M","E","T","E","R","M","M","?","R","B",null,"M","M","$","M","T","E"],"character_chosen":"THE_SILENT","items_purchased":["Frozen Egg 2","Noxious Fumes+1"],"campfire_rested":1,"item_purchase_floors":[20,20],"current_hp_per_floor":[59,64,64,53,53,60,60,63,63,32,32,30,17,17,40,9,61,52,48,63,46,46,0,0],"gold":31,"neow_bonus":"THREE_ENEMY_KILL","is_daily":false,"chose_seed":false,"campfire_upgraded":1,"win_rate":0.0,"timestamp":1612455459,"path_taken":["M","?","$","?","?","E","?","E","T","E","R","M","M","?","R","BOSS","M","?","$","M","?","E"],"items_purchased_type":["Relic","Card"],"build_version":"2020-12-22","purchased_purges":1,"victory":false,"max_hp_per_floor":[66,71,71,71,71,78,78,78,78,78,78,78,78,78,78,78,78,78,78,78,78,78,78,78],"card_choices":[{"not_picked":["Dagger Throw","Quick Slash"],"picked":"Slice","floor":1},{"not_picked":["Bane","Dodge and Roll"],"picked":"Envenom","floor":6},{"not_picked":["Dagger Throw","Dagger Spray"],"picked":"Well Laid Plans","floor":7},{"not_picked":["Quick Slash","Acrobatics","Bane"],"picked":"SKIP","floor":8},{"not_picked":["Distraction","Prepared"],"picked":"Leg Sweep","floor":10},{"not_picked":["Predator","Sucker Punch"],"picked":"Deflect","floor":12},{"not_picked":["Calculated Gamble","Outmaneuver"],"picked":"Infinite Blades","floor":13},{"not_picked":["Storm of Steel","Envenom"],"picked":"Adrenaline","floor":16},{"not_picked":["Quick Slash","Dagger Spray"],"picked":"Deflect","floor":18},{"not_picked":["Calculated Gamble","Glass Knife"],"picked":"Deadly Poison","floor":19},{"not_picked":["Backstab","Dagger Spray"],"picked":"Catalyst","floor":21}],"player_experience":267932,"relics_obtained":[{"floor":6,"key":"Strawberry"},{"floor":8,"key":"Bottled Flame"},{"floor":10,"key":"MealTicket"},{"floor":22,"key":"Dead Branch"}],"event_choices":[{"damage_healed":0,"gold_gain":0,"player_choice":"Donut","damage_taken":0,"max_hp_gain":5,"max_hp_loss":0,"event_name":"Big Fish","floor":2,"gold_loss":0},{"damage_healed":0,"gold_gain":75,"player_choice":"Gather Gold","damage_taken":11,"max_hp_gain":0,"max_hp_loss":0,"event_name":"World of Goop","floor":4,"gold_loss":0},{"damage_healed":0,"gold_gain":0,"player_choice":"Bought 1 Potion","damage_taken":0,"max_hp_gain":0,"max_hp_loss":0,"event_name":"The Woman in Blue","floor":5,"gold_loss":0},{"cards_removed":["Defend_G"],"damage_healed":0,"gold_gain":0,"player_choice":"Offered Basic","damage_taken":0,"max_hp_gain":0,"max_hp_loss":0,"event_name":"Bonfire Elementals","floor":14,"gold_loss":0}],"is_beta":false,"boss_relics":[{"not_picked":["Tiny House","Empty Cage"],"picked":"Astrolabe"}],"items_purged_floors":[3],"is_endless":false,"potions_floor_spawned":[7,8,13,16],"killed_by":"Slavers","ascension_level":15}}