{"host":"k5yjj86hwv5qv2gx","time":1612472610,"event":{"mods":["BaseMod","BetterRewards","Minty Spire (QoL Compilation)","StSLib"],"gold_per_floor":[114,114,264,264,288,288,331,331,331,356,399,72,91,120,120,223,232,257,278,203,239,248,283,283,330,354,394,68,103,124,163,163,268,268,292,361,645,668,32,67,91,132,132,157,180,214,230,257,257,257,257,257,257,7,51,51],"floor_reached":57,"language":"ENG","playtime":2047,"items_purged":["Strike_R","Strike_R"],"score":3821,"play_id":"ed32ec52-89f8-48c9-affa-b13b574ab7e9","local_time":"20210204130330","is_ascension_mode":true,"campfire_choices":[{"floor":6,"key":"RECALL"},{"data":"Discovery","floor":15,"key":"SMITH"},{"data":"Feed","floor":24,"key":"SMITH"},{"data":"Uppercut","floor":32,"key":"SMITH"},{"data":"Uppercut","floor":49,"key":"SMITH"},{"data":"Impervious","floor":53,"key":"SMITH"}],"circlet_count":0,"master_deck":["AscendersBane","Strike_R","Strike_R","Strike_R","Defend_R","Defend_R","Defend_R","Bash","Uppercut+1","Thunderclap","Headbutt","Whirlwind","Discovery+1","Uppercut+1","Shockwave","Feed+1","CurseOfTheBell","Reaper","Reaper","Impervious+1","Regret","Disarm","Body Slam+1","Thunderclap+1","Heavy Blade+1"],"relics":["Burning Blood","Lizard Tail","Singing Bowl","Vajra","HandDrill","Du-Vu Doll","Lee\u0027s Waffle","Champion Belt","Ornamental Fan","Magic Flower","Chemical X","Red Skull","Centennial Puzzle","CaptainsWheel","Golden Idol","Ginger","CeramicFish","PreservedInsect","Calipers","Calling Bell","Dream Catcher","Sundial","Bird Faced Urn","Red Mask","Paper Frog","Torii","Tiny Chest","Ancient Tea Set","Brimstone","Nunchaku","Bottled Lightning","Ice Cream","Velvet Choker","Prayer Wheel","Blood Vial","Self Forming Clay","TheAbacus","Bag of Marbles","Boot","Mummified Hand","Pen Nib","Bag of Preparation","Membership Card","Lantern","Eternal Feather"],"acts_visited":["Exordium","TheCity","TheBeyond","TheEnding"],"potions_floor_usage":[16,18,21,21,33,44],"damage_taken":[{"damage":0,"enemies":"2 Louse","floor":1,"turns":2},{"damage":0,"enemies":"Small Slimes","floor":5,"turns":1},{"damage":17,"enemies":"3 Sentries","floor":7,"turns":3},{"damage":0,"enemies":"Cultist","floor":10,"turns":1},{"damage":4,"enemies":"Gremlin Nob","floor":11,"turns":3},{"damage":0,"enemies":"Gremlin Gang","floor":13,"turns":2},{"damage":2,"enemies":"3 Louse","floor":14,"turns":2},{"damage":31,"enemies":"Hexaghost","floor":16,"turns":5},{"damage":16,"enemies":"2 Thieves","floor":18,"turns":2},{"damage":3,"enemies":"Spheric Guardian","floor":19,"turns":4},{"damage":12,"enemies":"Masked Bandits","floor":21,"turns":2},{"damage":21,"enemies":"Book of Stabbing","floor":23,"turns":4},{"damage":0,"enemies":"Gremlin Leader","floor":25,"turns":4},{"damage":17,"enemies":"Slavers","floor":27,"turns":2},{"damage":25,"enemies":"Book of Stabbing","floor":29,"turns":3},{"damage":1,"enemies":"Cultist and Chosen","floor":30,"turns":4},{"damage":0,"enemies":"Gremlin Leader","floor":31,"turns":2},{"damage":18,"enemies":"Collector","floor":33,"turns":5},{"damage":27,"enemies":"3 Darklings","floor":35,"turns":2},{"damage":36,"enemies":"2 Orb Walkers","floor":36,"turns":3},{"damage":11,"enemies":"Orb Walker","floor":38,"turns":2},{"damage":34,"enemies":"Nemesis","floor":40,"turns":3},{"damage":3,"enemies":"Transient","floor":41,"turns":6},{"damage":3,"enemies":"Giant Head","floor":42,"turns":4},{"damage":0,"enemies":"3 Darklings","floor":44,"turns":2},{"damage":1,"enemies":"Nemesis","floor":46,"turns":3},{"damage":12,"enemies":"Sphere and 2 Shapes","floor":47,"turns":4},{"damage":3,"enemies":"Jaw Worm Horde","floor":48,"turns":2},{"damage":25,"enemies":"Donu and Deca","floor":50,"turns":4},{"damage":33,"enemies":"Awakened One","floor":51,"turns":7},{"damage":22,"enemies":"Shield and Spear","floor":55,"turns":4},{"damage":89,"enemies":"The Heart","floor":56,"turns":8}],"seed_played":"-4811221697735335820","potions_obtained":[{"floor":7,"key":"SteroidPotion"},{"floor":11,"key":"Explosive Potion"},{"floor":13,"key":"SkillPotion"},{"floor":16,"key":"Swift Potion"},{"floor":19,"key":"AttackPotion"},{"floor":25,"key":"SpeedPotion"},{"floor":27,"key":"Fire Potion"},{"floor":35,"key":"FearPotion"},{"floor":38,"key":"SkillPotion"},{"floor":47,"key":"Fire Potion"}],"is_trial":false,"path_per_floor":["M","?","?","?","M","R","E","?","T","M","E","$","M","M","R","B",null,"M","M","?","?","?","E","R","E","T","E","$","E","M","E","R","B",null,"M","?","?","M","$","E","M","E","T","M","T","E","M","M","R","B","B",null,"R","$","E","B",null],"character_chosen":"IRONCLAD","items_purchased":["Singing Bowl","Vajra","HandDrill","Uppercut","Lee\u0027s Waffle","Champion Belt","Ornamental Fan","Thunderclap","Headbutt","Whirlwind","Chemical X","Red Skull","Centennial Puzzle","Discovery","Calipers","Brimstone","Nunchaku","Blood Vial","Self Forming Clay","TheAbacus","Disarm","Membership Card","Lantern"],"campfire_rested":0,"item_purchase_floors":[0,0,0,0,0,0,0,0,0,0,0,0,0,0,12,28,28,39,39,39,39,54,54],"current_hp_per_floor":[84,55,55,50,59,59,53,53,53,64,71,71,82,89,89,67,86,81,89,89,93,93,86,86,107,107,109,109,108,121,123,123,114,121,125,125,125,133,133,115,143,149,149,153,153,155,160,169,169,173,173,173,173,173,169,134],"gold":51,"neow_bonus":"","is_daily":false,"chose_seed":false,"campfire_upgraded":5,"win_rate":0.0,"timestamp":1612472610,"path_taken":["M","?","?","?","M","R","E","?","T","M","E","?","M","M","R","BOSS","M","M","?","?","?","E","R","E","T","E","$","E","M","E","R","BOSS","M","?","?","?","$","E","M","E","T","M","?","E","M","M","R","BOSS","BOSS","R","$","E","BOSS"],"items_purchased_type":["Relic","Relic","Relic","Card","Relic","Relic","Relic","Card","Card","Card","Relic","Relic","Relic","Card","Relic","Relic","Relic","Relic","Relic","Relic","Card","Relic","Relic"],"build_version":"2020-12-22","purchased_purges":2,"victory":true,"max_hp_per_floor":[84,84,84,84,84,84,86,86,86,88,90,90,92,92,92,92,92,94,96,96,101,101,103,103,107,107,109,109,115,121,123,123,123,123,125,131,131,139,139,141,143,149,149,153,153,155,163,169,169,173,173,173,173,173,177,177],"card_choices":[{"not_picked":["Perfected Strike","Headbutt","Rampage"],"picked":"Singing Bowl","floor":1},{"not_picked":["Second Wind","Body Slam"],"picked":"Uppercut","floor":5},{"not_picked":["Thunderclap","Metallicize","Sword Boomerang"],"picked":"Singing Bowl","floor":7},{"not_picked":["Entrench","Body Slam","Seeing Red"],"picked":"Singing Bowl","floor":10},{"not_picked":["Exhume","Rupture","Rage"],"picked":"Singing Bowl","floor":11},{"not_picked":["Pommel Strike","Hemokinesis","Clothesline"],"picked":"Singing Bowl","floor":13},{"not_picked":["Reckless Charge","Wild Strike"],"picked":"Shockwave","floor":14},{"not_picked":["Demon Form","Limit Break"],"picked":"Feed","floor":16},{"not_picked":["Heavy Blade","Infernal Blade+1","Fire Breathing"],"picked":"Singing Bowl","floor":18},{"not_picked":["Clash","Hemokinesis","Sword Boomerang"],"picked":"Singing Bowl","floor":19},{"not_picked":["Thunderclap","Twin Strike","Headbutt"],"picked":"Singing Bowl","floor":21},{"not_picked":["Heavy Blade","Power Through","Battle Trance"],"picked":"Singing Bowl","floor":23},{"not_picked":["Entrench","Flex"],"picked":"Reaper","floor":25},{"not_picked":["Feel No Pain","Shrug It Off","Perfected Strike"],"picked":"Singing Bowl","floor":27},{"not_picked":["Anger","Clothesline","Headbutt"],"picked":"Singing Bowl","floor":29},{"not_picked":["Inflame","Rampage","Wild Strike+1"],"picked":"Singing Bowl","floor":30},{"not_picked":["Carnage+1","Thunderclap","Spot Weakness"],"picked":"Singing Bowl","floor":31},{"not_picked":["Exhume","Double Tap"],"picked":"Impervious","floor":33},{"not_picked":["Seeing Red+1","Dark Embrace+1","Wild Strike"],"picked":"Singing Bowl","floor":35},{"not_picked":["Inflame","Evolve+1","Iron Wave"],"picked":"Singing Bowl","floor":36},{"not_picked":["Thunderclap+1","Clothesline+1","Iron Wave+1"],"picked":"Singing Bowl","floor":38},{"not_picked":["Flex","Intimidate","Burning Pact"],"picked":"Singing Bowl","floor":38},{"not_picked":["Juggernaut","Spot Weakness","Armaments+1"],"picked":"Singing Bowl","floor":40},{"not_picked":["Body Slam","Sword Boomerang","Clash"],"picked":"Singing Bowl","floor":41},{"not_picked":["Heavy Blade","Battle Trance"],"picked":"Body Slam+1","floor":41},{"not_picked":["Spot Weakness","Demon Form","Sword Boomerang"],"picked":"Singing Bowl","floor":42},{"not_picked":["Metallicize","Armaments","Evolve"],"picked":"Singing Bowl","floor":44},{"not_picked":["Armaments","Havoc","Heavy Blade"],"picked":"Singing Bowl","floor":44},{"not_picked":["Inflame","True Grit+1","Intimidate+1"],"picked":"Singing Bowl","floor":46},{"not_picked":["Warcry","Feel No Pain+1","Barricade"],"picked":"Singing Bowl","floor":47},{"not_picked":["Headbutt","Heavy Blade","Shrug It Off"],"picked":"Singing Bowl","floor":47},{"not_picked":["Clash","Blood for Blood"],"picked":"Thunderclap+1","floor":48},{"not_picked":["Flex","Second Wind+1","Clothesline"],"picked":"Singing Bowl","floor":48},{"not_picked":["True Grit+1","Sword Boomerang"],"picked":"Heavy Blade+1","floor":55}],"player_experience":1165412,"relics_obtained":[{"floor":7,"key":"CeramicFish"},{"floor":11,"key":"PreservedInsect"},{"floor":17,"key":"Dream Catcher"},{"floor":17,"key":"Sundial"},{"floor":17,"key":"Bird Faced Urn"},{"floor":21,"key":"Red Mask"},{"floor":23,"key":"Paper Frog"},{"floor":25,"key":"Torii"},{"floor":26,"key":"Tiny Chest"},{"floor":27,"key":"Ancient Tea Set"},{"floor":29,"key":"Bottled Lightning"},{"floor":31,"key":"Ice Cream"},{"floor":36,"key":"Prayer Wheel"},{"floor":40,"key":"Bag of Marbles"},{"floor":42,"key":"Boot"},{"floor":43,"key":"Mummified Hand"},{"floor":45,"key":"Pen Nib"},{"floor":46,"key":"Bag of Preparation"},{"floor":55,"key":"Eternal Feather"}],"event_choices":[{"damage_healed":0,"gold_gain":0,"player_choice":"Take Damage","damage_taken":29,"relics_obtained":["Golden Idol"],"max_hp_gain":0,"max_hp_loss":0,"event_name":"Golden Idol","floor":2,"gold_loss":0},{"damage_healed":0,"gold_gain":150,"player_choice":"AGREE","damage_taken":0,"max_hp_gain":0,"max_hp_loss":0,"event_name":"Liars Game","floor":3,"gold_loss":0,"cards_obtained":["Doubt"]},{"damage_healed":0,"gold_gain":0,"player_choice":"Success","damage_taken":5,"relics_obtained":["Ginger"],"max_hp_gain":0,"max_hp_loss":0,"event_name":"Scrap Ooze","floor":4,"gold_loss":0},{"cards_removed":["Defend_R"],"damage_healed":0,"gold_gain":0,"player_choice":"Forget","damage_taken":0,"max_hp_gain":0,"max_hp_loss":0,"event_name":"Living Wall","floor":8,"gold_loss":0},{"cards_removed":["Doubt"],"damage_healed":0,"gold_gain":0,"player_choice":"Gave Gold","damage_taken":0,"max_hp_gain":0,"max_hp_loss":0,"event_name":"Beggar","floor":20,"gold_loss":75},{"damage_healed":0,"gold_gain":0,"player_choice":"Fought Bandits","damage_taken":0,"max_hp_gain":0,"max_hp_loss":0,"event_name":"Masked Bandits","floor":21,"gold_loss":0},{"damage_healed":0,"gold_gain":0,"player_choice":"Read","damage_taken":0,"max_hp_gain":0,"max_hp_loss":0,"event_name":"The Library","floor":22,"gold_loss":0,"cards_obtained":["Reaper"]},{"damage_healed":0,"gold_gain":0,"player_choice":"Fight","damage_taken":0,"max_hp_gain":0,"max_hp_loss":0,"event_name":"Mysterious Sphere","floor":36,"gold_loss":0},{"damage_healed":0,"gold_gain":275,"player_choice":"Desecrate","damage_taken":0,"max_hp_gain":0,"max_hp_loss":0,"event_name":"Golden Shrine","floor":37,"gold_loss":0,"cards_obtained":["Regret"]}],"is_beta":false,"boss_relics":[{"not_picked":["Tiny House","Pandora\u0027s Box"],"picked":"Calling Bell"},{"not_picked":["Snecko Eye","Black Star"],"picked":"Velvet Choker"}],"items_purged_floors":[0,0],"is_endless":false,"potions_floor_spawned":[7,11,13,16,19,25,27,29,30,35,36,38,40,47],"ascension_level":20}}