{"host":"DrTrollPool","time":1612445784,"event":{"mods":["2.2 Compatiblity","BaseMod","BetterRewards","Colored Map","DeckTracker","Downfall","Googly Eyes","Hermit","HexUI Lib","Highlight Path","Hubris","Infinite Spire","Minty Spire (QoL Compilation)","Potionbrewer","Replay The Spire","StSLib","SuperFastMode","The Construct","The Cursed","The Disciple","The Hierophant","The Jungle","The Necromancer","The Runesmith","The Servant 0.9.4"],"gold_per_floor":[99,115,115,127,41,72,72,72,82,110,122,122,297,377,390,487,487,387,399,413,413,413,433,433,7,7,7,7],"floor_reached":26,"language":"ENG","playtime":1054,"items_purged":["Regret"],"score":208,"play_id":"3320b8ef-2f42-48eb-b06a-718e9d6b6b26","local_time":"20210204143624","is_ascension_mode":false,"campfire_choices":[{"data":"Slimebound:Split","floor":1,"key":"SMITH"},{"data":"Slimebound:CorrosiveSpit","floor":8,"key":"SMITH"},{"floor":18,"key":"RECALL"}],"circlet_count":0,"master_deck":["Slimebound:Strike_Slimebound","Slimebound:Strike_Slimebound","Slimebound:Strike_Slimebound","Slimebound:Tackle","Slimebound:Defend_Slimebound","Slimebound:Defend_Slimebound+1","Slimebound:Defend_Slimebound","Slimebound:Defend_Slimebound","Slimebound:Split+1","Slimebound:CorrosiveSpit+1","Slimebound:SamplingLick","Slimebound:ViciousTackle","Slimebound:LivingWall","Slimebound:LeadByExample","Slimebound:SamplingLick","Doubt","Slimebound:SpikyOuterGoop","Slimebound:MassFeed","Slimebound:SplitMire","Slimebound:HauntingLick","Slimebound:Schlurp+1","Slimebound:TongueLash"],"relics":["Slimebound:AbsorbEndCombatUpgraded","Replay:Mystery Machine","Ornamental Fan","infinitespire:Beetle Shell","potionbrewer:WarMedal","downfall:HeartBlessingGreen","hubris:Icosahedron","Frozen Egg 2","potionbrewer:SlideRule","Thread and Needle"],"acts_visited":["Exordium","TheCity"],"potions_floor_usage":[3,10,11,16,16,23],"damage_taken":[{"damage":5,"enemies":"Cultist","floor":2,"turns":4},{"damage":9,"enemies":"Jaw Worm","floor":4,"turns":3},{"damage":3,"enemies":"downfall:FleeingMerchant","floor":5,"turns":4},{"damage":8,"enemies":"Replay:BlueRogue","floor":6,"turns":7},{"damage":6,"enemies":"Small Slimes","floor":9,"turns":3},{"damage":1,"enemies":"Blue Slaver","floor":10,"turns":3},{"damage":8,"enemies":"Exordium Thugs","floor":11,"turns":5},{"damage":1,"enemies":"Red Slaver","floor":15,"turns":4},{"damage":54,"enemies":"IC_STATUS_ARCHETYPE","floor":16,"turns":11},{"damage":28,"enemies":"3 Byrds","floor":19,"turns":7},{"damage":12,"enemies":"Spheric Guardian","floor":20,"turns":4},{"damage":68,"enemies":"3 Cultists","floor":23,"turns":7},{"damage":2,"enemies":"downfall:FleeingMerchant","floor":25,"turns":4},{"damage":8,"enemies":"Gremlin Leader","floor":26,"turns":1}],"seed_played":"-2676866471437003656","potions_obtained":[{"floor":3,"key":"SneckoOil"},{"floor":3,"key":"potionbrewer:BarricadePotion"},{"floor":3,"key":"potionbrewer:BlacksmithPotion"},{"floor":6,"key":"potionbrewer:EndurancePotion"},{"floor":9,"key":"potionbrewer:MidasPotion"},{"floor":11,"key":"SpeedPotion"},{"floor":15,"key":"EssenceOfSteel"}],"is_trial":false,"path_per_floor":["R_BF","M","?","M","$","E","T","R","M","M","M","?","?","T","M","B",null,"R_BF","M","M","?","T","M","T","$","E"],"character_chosen":"SLIMEBOUND","items_purchased":["Slimebound:LeadByExample","Thread and Needle","Slimebound:TongueLash"],"campfire_rested":0,"item_purchase_floors":[5,25,25],"current_hp_per_floor":[71,67,67,62,63,63,63,63,61,64,58,58,58,58,59,13,71,71,58,52,52,52,2,2,6,0,0,0],"gold":7,"neow_bonus":"TEN_PERCENT_HP_BONUS","is_daily":false,"chose_seed":false,"campfire_upgraded":2,"win_rate":0.0,"timestamp":1612445784,"path_taken":["R_BF","M","?","M","$","E","T","R","?","M","M","?","?","?","M","BOSS","R_BF","M","M","?","?","?","T","?","E"],"items_purchased_type":["Card","Relic","Card"],"build_version":"2020-12-18","purchased_purges":1,"victory":false,"max_hp_per_floor":[71,71,71,71,71,71,71,71,71,71,71,71,71,71,71,71,71,71,74,74,74,74,77,77,77,77,77,77],"card_choices":[{"not_picked":["Slimebound:SlimeTap","Slimebound:LivingWall"],"picked":"Slimebound:SamplingLick","floor":2},{"not_picked":["Slimebound:Dissolve","Slimebound:Replication"],"picked":"Slimebound:ViciousTackle","floor":4},{"not_picked":["Slimebound:Equalize","Slimebound:SlimeBarrage"],"picked":"Slimebound:LivingWall","floor":5},{"not_picked":["Slimebound:LeechLife","Slimebound:Replication","Slimebound:FormOfPuddle"],"picked":"SKIP","floor":6},{"not_picked":["Slimebound:BestDefense","Slimebound:SplitLeeching"],"picked":"Slimebound:SamplingLick","floor":9},{"not_picked":["Slimebound:SplitLeeching","Slimebound:Dissolve","Slimebound:LeadByExample"],"picked":"SKIP","floor":10},{"not_picked":["Slimebound:PressTheAttack","Slimebound:FlameTackle","Slimebound:Prepare"],"picked":"SKIP","floor":11},{"not_picked":["Slimebound:SlimeBrawl","Slimebound:SplitMire"],"picked":"Slimebound:SpikyOuterGoop","floor":15},{"not_picked":["Slimebound:OneTwoCombo","Slimebound:WasteNot"],"picked":"Slimebound:MassFeed","floor":16},{"not_picked":["Slimebound:ViciousTackle+1","Slimebound:ComboTackle"],"picked":"Slimebound:SplitMire","floor":19},{"not_picked":["Slimebound:RainOfGoop","Slimebound:SplitLeeching+1"],"picked":"Slimebound:HauntingLick","floor":20},{"not_picked":["Slimebound:SplitLeeching","Slimebound:PressTheAttack","Slimebound:Prepare"],"picked":"SKIP","floor":23},{"not_picked":["Slimebound:OozeBath","Slimebound:SplitAcid"],"picked":"Slimebound:Schlurp+1","floor":25}],"player_experience":141295,"relics_obtained":[{"floor":6,"key":"Replay:Mystery Machine"},{"floor":7,"key":"Ornamental Fan"},{"floor":14,"key":"potionbrewer:WarMedal"},{"floor":22,"key":"Frozen Egg 2"},{"floor":24,"key":"potionbrewer:SlideRule"}],"event_choices":[{"damage_healed":0,"gold_gain":0,"player_choice":"Got Potions","damage_taken":0,"max_hp_gain":0,"max_hp_loss":0,"event_name":"Lab","floor":3,"gold_loss":0},{"damage_healed":0,"gold_gain":0,"player_choice":"Box","damage_taken":0,"relics_obtained":["infinitespire:Beetle Shell"],"max_hp_gain":0,"max_hp_loss":0,"event_name":"Big Fish","floor":12,"gold_loss":0,"cards_obtained":["Regret"]}],"is_beta":true,"boss_relics":[{"not_picked":["hubris:GrandSneckoEye","construct:ClawGrip"],"picked":"Slimebound:AbsorbEndCombatUpgraded"}],"items_purged_floors":[25],"is_endless":false,"potions_floor_spawned":[6,9,11,15],"killed_by":"Gremlin Leader","ascension_level":0}}