{"host":"qfukm2ph4038hnof","time":1612429881,"event":{"mods":["AchievementEnabler","Act Like it!","BaseMod","Colored Powertips","Friendly Minions","GifTheSpireLib","Highlight Path","KinomotoSakuraMod(ƒæ÷Æ±æ”£)","KomeijiMod","Lobotomy","LobotomyExtend","Marisa£®ÏF”Í°°ƒß¿Ì…≥£©","Minty Spire (QoL Compilation)","Onozuka Komachi Mod","Quick Restart","Rare Cards Sparkle","Reimu£®≤©¿ˆ¡È√Œ£©","Relic Stats","Remilia£®¿Ÿ√◊¿Ú—«£©","The Administrix","The Servant 0.9.4","Yakumo Yukari mod","Youmu£®ªÍ∆«—˝√Œ£©","Yuyuko","°æπ¶ƒ‹Mod°øªÏ„Á÷Æª∑–ﬁ∏¥≤π∂°"],"gold_per_floor":[113,128,148,161,177,177,177],"floor_reached":6,"language":"ZHS","playtime":481,"items_purged":[],"score":40,"play_id":"ea31d23b-28c8-4bb4-a1ee-bf6e4c970ba3","local_time":"20210204171121","is_ascension_mode":false,"campfire_choices":[],"circlet_count":0,"master_deck":["ClowCardTheSword","ClowCardTheSword","ClowCardTheSword","ClowCardTheSword","ClowCardTheShield","ClowCardTheShield","ClowCardTheShield","ClowCardTheShield","SpellCardSeal","SpellCardRelease","RedShoes","ClowCardTheDream","ClowCardTheFight","ClowCardTheStorm","ClowCardTheLibra","ClowCardTheLibra"],"relics":["KSMOD_SealedBook","KSMOD_SealedWand","CogitoBucket","LetterFromLob"],"acts_visited":["Exordium"],"potions_floor_usage":[5,6,6],"damage_taken":[{"damage":0,"enemies":"Cultist","floor":1,"turns":3},{"damage":12,"enemies":"Jaw Worm","floor":2,"turns":3},{"damage":10,"enemies":"Small Slimes","floor":3,"turns":2},{"damage":8,"enemies":"2 Fungi Beasts","floor":4,"turns":3},{"damage":7,"enemies":"3 Louse","floor":5,"turns":4},{"damage":34,"enemies":"Lagavulin","floor":6,"turns":5}],"seed_played":"2486241772019192630","potions_obtained":[{"floor":2,"key":"ColorlessPotion"},{"floor":4,"key":"SkillPotion"},{"floor":5,"key":"GamblersBrew"}],"is_trial":false,"path_per_floor":["M","M","M","M","M","E"],"character_chosen":"KINOMOTOSAKURA","items_purchased":[],"campfire_rested":0,"item_purchase_floors":[],"current_hp_per_floor":[70,58,48,40,33,0,0],"gold":177,"neow_bonus":"","is_daily":false,"chose_seed":false,"campfire_upgraded":0,"win_rate":0.0,"timestamp":1612429881,"path_taken":["M","M","M","M","?","E"],"items_purchased_type":[],"build_version":"2020-12-22","purchased_purges":0,"victory":false,"max_hp_per_floor":[70,70,70,70,70,70,70],"relic_stats":{"counters":[6,20],"obtain_stats":[{"CogitoBucket":0,"KSMOD_SealedBook":0,"KSMOD_SealedWand":0,"LetterFromLob":1},{"CogitoBucket":0,"KSMOD_SealedBook":0,"KSMOD_SealedWand":0,"LetterFromLob":1},{"CogitoBucket":0,"KSMOD_SealedBook":0,"KSMOD_SealedWand":0,"LetterFromLob":3}]},"card_choices":[{"not_picked":["FairyFestival","Murderer"],"picked":"RedShoes","floor":1},{"not_picked":["ClowCardTheMaze","ClowCardTheSilent"],"picked":"ClowCardTheDream","floor":1},{"not_picked":["ClowCardTheChange","ClowCardTheCloud"],"picked":"ClowCardTheFight","floor":2},{"not_picked":["ClowCardTheMirror","ClowCardTheErase"],"picked":"ClowCardTheStorm","floor":3},{"not_picked":["ClowCardTheIllusion","ClowCardTheDream"],"picked":"ClowCardTheLibra","floor":4},{"not_picked":["ClowCardTheShadow","ClowCardTheCloud"],"picked":"ClowCardTheLibra","floor":5}],"player_experience":8193,"relics_obtained":[{"floor":1,"key":"LetterFromLob"}],"event_choices":[],"is_beta":false,"boss_relics":[],"items_purged_floors":[],"is_endless":false,"potions_floor_spawned":[2,4,5],"killed_by":"Lagavulin","ascension_level":0}}