{"host":"928gv66myv2vlnsd","time":1612451186,"event":{"mods":["BaseMod","Highlight Path","Minty Spire (QoL Compilation)","StSLib"],"gold_per_floor":[117,135,147,16,16,49,49,49,49,84,84,3,17,47,47,124,124,135,145,145,145,145,171,171,189,213,232,262,262,262,281,281,281,281],"floor_reached":33,"language":"ENG","playtime":1339,"items_purged":[],"score":631,"play_id":"435ebe75-148e-4d00-8d45-d0f076bfc01e","local_time":"20210204100626","is_ascension_mode":true,"campfire_choices":[{"floor":8,"key":"REST"},{"floor":11,"key":"REST"},{"data":"Corruption","floor":15,"key":"SMITH"},{"floor":24,"key":"REST"},{"data":"Spot Weakness","floor":30,"key":"SMITH"},{"data":"Iron Wave","floor":32,"key":"SMITH"}],"circlet_count":0,"master_deck":["AscendersBane","Defend_R+1","Defend_R+1","Defend_R+1","Defend_R+1","Bash","Cleave","Dark Embrace","Anger","Evolve","Shrug It Off","Corruption+1","Spot Weakness+1","True Grit","Power Through","Warcry","Offering","Bite+1","Bite","Bite+1","Bite","Iron Wave+1","Swift Strike"],"relics":["Burning Blood","NeowsBlessing","Bottled Lightning","Bottled Tornado","HornCleat","Art of War","Busted Crown","Potion Belt","Whetstone","Omamori"],"acts_visited":["Exordium","TheCity"],"potions_floor_usage":[14,14,16,28,31,33,33],"damage_taken":[{"damage":0,"enemies":"Cultist","floor":1,"turns":1},{"damage":0,"enemies":"Jaw Worm","floor":2,"turns":1},{"damage":0,"enemies":"2 Louse","floor":3,"turns":1},{"damage":58,"enemies":"Gremlin Nob","floor":6,"turns":5},{"damage":30,"enemies":"3 Sentries","floor":10,"turns":5},{"damage":8,"enemies":"Gremlin Gang","floor":13,"turns":3},{"damage":9,"enemies":"Lagavulin","floor":14,"turns":8},{"damage":40,"enemies":"Hexaghost","floor":16,"turns":10},{"damage":9,"enemies":"Spheric Guardian","floor":18,"turns":4},{"damage":25,"enemies":"Shell Parasite","floor":19,"turns":4},{"damage":38,"enemies":"Slavers","floor":23,"turns":6},{"damage":20,"enemies":"Centurion and Healer","floor":25,"turns":6},{"damage":15,"enemies":"Snecko","floor":27,"turns":6},{"damage":38,"enemies":"Book of Stabbing","floor":28,"turns":5},{"damage":8,"enemies":"Snake Plant","floor":31,"turns":3},{"damage":58,"enemies":"Collector","floor":33,"turns":6}],"seed_played":"4151549430756260333","potions_obtained":[{"floor":2,"key":"SkillPotion"},{"floor":6,"key":"SteroidPotion"},{"floor":10,"key":"Regen Potion"},{"floor":14,"key":"LiquidMemories"},{"floor":16,"key":"BlessingOfTheForge"},{"floor":19,"key":"SkillPotion"},{"floor":23,"key":"Weak Potion"},{"floor":25,"key":"Block Potion"},{"floor":27,"key":"LiquidMemories"}],"is_trial":false,"path_per_floor":["M","M","M","$","?","E","?","R","T","E","R","$","M","E","R","B",null,"M","M","?","?","$","E","R","M","T","M","E","?","R","M","R","B"],"character_chosen":"IRONCLAD","items_purchased":["Evolve","Shrug It Off","Power Through"],"campfire_rested":3,"item_purchase_floors":[4,4,12],"current_hp_per_floor":[74,75,75,75,75,23,23,45,45,21,43,43,41,53,53,19,61,58,39,39,39,39,21,36,36,36,42,26,26,26,34,34,0,0],"gold":281,"neow_bonus":"THREE_ENEMY_KILL","is_daily":false,"chose_seed":false,"campfire_upgraded":3,"win_rate":0.0,"timestamp":1612451186,"path_taken":["M","M","?","$","?","E","?","R","T","E","R","$","M","E","R","BOSS","M","?","?","?","$","E","R","?","T","M","E","?","R","M","R","BOSS"],"items_purchased_type":["Card","Card","Card"],"build_version":"2020-12-22","purchased_purges":0,"victory":false,"max_hp_per_floor":[75,75,75,75,75,75,75,75,75,75,75,75,75,75,75,75,75,75,75,52,52,52,52,52,52,52,52,52,52,52,52,52,52,52],"card_choices":[{"not_picked":["Flex","Headbutt"],"picked":"Cleave","floor":1},{"not_picked":["Infernal Blade","Warcry"],"picked":"Dark Embrace","floor":2},{"not_picked":["Fire Breathing","Body Slam"],"picked":"Anger","floor":3},{"not_picked":["Flex","Limit Break"],"picked":"Corruption","floor":6},{"not_picked":["Iron Wave","Sword Boomerang"],"picked":"True Grit","floor":10},{"not_picked":["Infernal Blade","Heavy Blade","Demon Form"],"picked":"SKIP","floor":13},{"not_picked":["Sword Boomerang","Perfected Strike"],"picked":"Warcry","floor":14},{"not_picked":["Feed","Demon Form"],"picked":"Offering","floor":16},{"not_picked":["Uppercut"],"picked":"SKIP","floor":18},{"not_picked":["Uppercut+1"],"picked":"SKIP","floor":19},{"not_picked":["Reckless Charge"],"picked":"SKIP","floor":23},{"not_picked":["Uppercut"],"picked":"SKIP","floor":25},{"not_picked":["Twin Strike"],"picked":"SKIP","floor":27},{"not_picked":["Clash"],"picked":"SKIP","floor":28},{"not_picked":["Body Slam"],"picked":"SKIP","floor":31}],"player_experience":1456274,"relics_obtained":[{"floor":6,"key":"Bottled Lightning"},{"floor":9,"key":"Bottled Tornado"},{"floor":10,"key":"HornCleat"},{"floor":14,"key":"Art of War"},{"floor":23,"key":"Potion Belt"},{"floor":26,"key":"Whetstone"},{"floor":28,"key":"Omamori"}],"event_choices":[{"damage_healed":0,"gold_gain":0,"cards_transformed":["Strike_R"],"player_choice":"Change","damage_taken":0,"max_hp_gain":0,"max_hp_loss":0,"event_name":"Living Wall","floor":5,"gold_loss":0,"cards_obtained":["Combust"]},{"damage_healed":0,"gold_gain":0,"cards_transformed":["Strike_R"],"player_choice":"Transformed","damage_taken":0,"max_hp_gain":0,"max_hp_loss":0,"event_name":"Transmorgrifier","floor":7,"gold_loss":0,"cards_obtained":["Spot Weakness"]},{"damage_healed":0,"gold_gain":0,"player_choice":"Became a vampire","damage_taken":0,"max_hp_gain":0,"max_hp_loss":23,"event_name":"Vampires","floor":20,"gold_loss":0,"cards_obtained":["Bite","Bite","Bite","Bite","Bite"]},{"damage_healed":0,"gold_gain":0,"cards_transformed":["Combust","Bite"],"player_choice":"Became Test Subject","damage_taken":0,"max_hp_gain":0,"max_hp_loss":0,"event_name":"Drug Dealer","floor":21,"gold_loss":0,"cards_obtained":["Iron Wave","Swift Strike"]},{"damage_healed":0,"gold_gain":0,"player_choice":"Simplicity","damage_taken":0,"max_hp_gain":0,"max_hp_loss":0,"event_name":"Back to Basics","floor":29,"gold_loss":0,"cards_upgraded":["Defend_R","Defend_R","Defend_R","Defend_R"]}],"is_beta":false,"boss_relics":[{"not_picked":["Black Star","SacredBark"],"picked":"Busted Crown"}],"items_purged_floors":[],"is_endless":false,"potions_floor_spawned":[2,6,10,14,16,19,23,25,27],"killed_by":"Collector","ascension_level":20}}