{"host":"nug5xkek4sujf8as","time":1612458453,"event":{"mods":["Act Like it!","Aspiration","BaseMod","Booster Modes","CapriCore","Colored Powertips","Conspire","Energized Spire","Gensokyo","Minty Spire (QoL Compilation)","Permanent Neow","Quick Restart","Replay The Spire","Shop Mod","Spicy Shops","StSLib","¡¾¹¦ÄÜMod¡¿»ìãçÖ®»·ÐÞ¸´²¹¶¡","¡¾ÒÅÎï¿¨ÅÆ¡¿REMEMod","óô»ðÖ¸ÄÏ"],"gold_per_floor":[119,119,132,32,47,79,101,637,637,651,687,699,6,40,40,120,120,153,4,106,66,66,107,346,390,414,414,436,360,375,412,412,414,414],"floor_reached":33,"language":"ZHS","playtime":1700,"items_purged":["Finisher","Strike_B"],"score":812,"play_id":"8c90dc02-529d-4fb3-92dc-5453cc40f1ce","local_time":"20210205010733","is_ascension_mode":true,"campfire_choices":[{"data":"Coolheaded","floor":15.0,"key":"SMITH"},{"floor":27,"key":"REST"},{"floor":32,"key":"RECALL"}],"circlet_count":0,"master_deck":["AscendersBane","Defend_B+1","Defend_B","Defend_B","Defend_B+1","Zap","Dualcast","Electrodynamics","Glacier","Strike_G","Underhanded Strike","Recycle","Turbo","Skim","BootSequence","Juggernaut+1","Coolheaded+1","Core Surge","Night Terror","Pot Of Greed","Pot Of Greed","Reboot","ReplayReversal"],"relics":["Cracked Core","REME_ComplimentaryCards","aspiration:Nostalgia","Iron Core","Replay:Bandana","conspire:IceCreamScoop","Blood Vial","Tiny Chest","Counterbalance","Membership Card","Toolbox","Simple Rune","Turnip","energizedSpire:RedRose","Girya","WingedGreaves","PreservedInsect","Anchor","Replay:Multitool","Grinning Jar","Bag of Preparation","conspire:TopHat","MerchantsRug","Lantern","Bag of Marbles","Carrot"],"acts_visited":["Gensokyo:Gensokyo","Gensokyo:Gensokyoer"],"potions_floor_usage":[20,20,20,23,24,33],"damage_taken":[{"damage":0.0,"enemies":"Gensokyo:2_Kodama","floor":1.0,"turns":2.0},{"damage":0.0,"enemies":"Gensokyo:Python","floor":3.0,"turns":2.0},{"damage":0.0,"enemies":"Gensokyo:3_Fairies","floor":5.0,"turns":2.0},{"damage":6.0,"enemies":"Gensokyo:Cirno","floor":6.0,"turns":4.0},{"damage":0.0,"enemies":"Gensokyo:LivingMonolith","floor":7.0,"turns":3.0},{"damage":42.0,"enemies":"conspire:MimicChest","floor":8.0,"turns":14.0},{"damage":0.0,"enemies":"Gensokyo:Kitsune","floor":10.0,"turns":4.0},{"damage":9.0,"enemies":"Gensokyo:Aya","floor":11.0,"turns":6.0},{"damage":7.0,"enemies":"Gensokyo:VengefulSpirit","floor":12.0,"turns":4.0},{"damage":0.0,"enemies":"Gensokyo:Cirno","floor":14.0,"turns":6.0},{"damage":0.0,"enemies":"Gensokyo:Yukari","floor":16.0,"turns":9.0},{"damage":0,"enemies":"Gensokyo:Chomper","floor":18,"turns":3},{"damage":1,"enemies":"Gensokyo:Chomper","floor":20,"turns":9},{"damage":0,"enemies":"Gensokyo:Reisen","floor":23,"turns":6},{"damage":12,"enemies":"Gensokyo:Koishi","floor":24,"turns":5},{"damage":38,"enemies":"Gensokyo:Tenshi","floor":25,"turns":5},{"damage":0,"enemies":"Gensokyo:2_Gloops","floor":28,"turns":2},{"damage":0,"enemies":"Gensokyo:Wraith","floor":30,"turns":4},{"damage":0,"enemies":"Gensokyo:Koishi","floor":31,"turns":4},{"damage":41,"enemies":"Gensokyo:Eternal_Rivals","floor":33,"turns":2}],"seed_played":"-7750171975704686068","potions_obtained":[{"floor":1.0,"key":"LiquidMemories"},{"floor":3.0,"key":"AttackPotion"},{"floor":11.0,"key":"PowerPotion"},{"floor":12.0,"key":"Regen Potion"},{"floor":20,"key":"Reflective Coating"},{"floor":28,"key":"Cursed Concoction"},{"floor":30,"key":"Toxic Potion"},{"floor":31,"key":"SkillPotion"}],"is_trial":false,"path_per_floor":["M","?","M","COS","M","E","M","?","T","M","E","M","R","E","R","B",null,"M","COS","?","?","?","E","E","E","T","R","M","$","M","E","R","B"],"character_chosen":"DEFECT","items_purchased":["aspiration:SeaSaltIceCream","Toolbox","Simple Rune","Coolheaded","MerchantsRug","Lantern","Bag of Marbles"],"campfire_rested":1,"item_purchase_floors":[13,13,13,13,29,29,29],"current_hp_per_floor":[64,64,64,64,64,58,58,16,16,18,11,6,6,23,23,25,60,62,62,63,63,54,56,46,10,10,31,33,33,35,37,37,0,0],"gold":414,"neow_bonus":"NOSTALGIA","is_daily":false,"chose_seed":false,"campfire_upgraded":1,"win_rate":0.0,"timestamp":1612458453,"path_taken":["M","?","M","COS","M","E","?","?","T","M","E","M","R","E","R","BOSS","M","COS","?","?","?","E","E","E","T","R","M","$","M","E","R","BOSS"],"items_purchased_type":["Relic","Relic","Relic","Card","Relic","Relic","Relic"],"build_version":"2020-12-22","purchased_purges":2,"victory":false,"max_hp_per_floor":[71,71,71,71,71,71,71,71,71,71,71,71,71,71,71,71,71,71,71,71,71,71,71,71,71,71,71,71,71,71,71,71,71,71],"card_choices":[{"not_picked":["Fire Breathing","Steam"],"picked":"Glacier","floor":1.0},{"not_picked":["Rip and Tear","Conserve Battery"],"picked":"Recycle","floor":3.0},{"not_picked":["Melter","Redo","Doom and Gloom"],"picked":"SKIP","floor":5.0},{"not_picked":["Hologram","Leap"],"picked":"Turbo","floor":6.0},{"not_picked":["Genetic Algorithm","Leap","Fusion"],"picked":"SKIP","floor":7.0},{"not_picked":["Conserve Battery","Sweeping Beam"],"picked":"Skim","floor":8.0},{"not_picked":["Turbo","Cold Snap"],"picked":"BootSequence","floor":10.0},{"not_picked":["Ball Lightning","Storm"],"picked":"Juggernaut","floor":11.0},{"not_picked":["Sweeping Beam","Lockon","Scorching Beam"],"picked":"SKIP","floor":12.0},{"not_picked":["Rebound","Aggregate","BasicCrystalCard"],"picked":"SKIP","floor":14.0},{"not_picked":["Amplify","ReplayRNGCard"],"picked":"Core Surge","floor":16.0},{"not_picked":["REME_DataAnalysis","Clash","Beam Cell"],"picked":"SKIP","floor":18},{"not_picked":["Headbutt","Lockon","Undo"],"picked":"SKIP","floor":23},{"not_picked":["Iron Wave","Steam","ReplayTheSpireMod:Muscle Training"],"picked":"SKIP","floor":24},{"not_picked":["Streamline","Fire Breathing"],"picked":"Reboot","floor":25},{"not_picked":["Stack","Compile Driver","Streamline"],"picked":"SKIP","floor":28},{"not_picked":["Fusion","Streamline"],"picked":"ReplayReversal","floor":30},{"not_picked":["conspire:Rain","Amplify","Leap"],"picked":"SKIP","floor":31}],"player_experience":774417,"relics_obtained":[{"floor":6.0,"key":"Replay:Bandana"},{"floor":8.0,"key":"conspire:IceCreamScoop"},{"floor":9.0,"key":"Blood Vial"},{"floor":9.0,"key":"Tiny Chest"},{"floor":11.0,"key":"Counterbalance"},{"floor":14.0,"key":"Turnip"},{"floor":20,"key":"Girya"},{"floor":20,"key":"WingedGreaves"},{"floor":23,"key":"PreservedInsect"},{"floor":24,"key":"Anchor"},{"floor":25,"key":"Grinning Jar"},{"floor":26,"key":"Bag of Preparation"},{"floor":26,"key":"conspire:TopHat"},{"floor":31,"key":"Carrot"}],"event_choices":[],"is_beta":false,"boss_relics":[{"not_picked":["Honey Jar","Snecko Heart"],"picked":"energizedSpire:RedRose"}],"items_purged_floors":[13,29],"is_endless":false,"potions_floor_spawned":[1,3,5,11,12,20,28,30,31],"killed_by":"Gensokyo:Eternal_Rivals","ascension_level":15}}