{"host":"ceheqh86fk4eo7wc","time":1612476597,"event":{"mods":["Aspiration","BaseMod","BetterRewards","Conspire","Downfall","Hermit","Hubris","Infinite Spire","Marisa????????","Minty Spire (QoL Compilation)","READ ME - Snecko Mod","Replay The Spire","StSLib","The Administrix","The Animator","The Cursed","The Poker Player","The Servant 0.9.4","slay the spire mod where everything is the same but ironclad has a cowboy hat"],"gold_per_floor":[111,186,186,201,221,221,221,236,236,253,353,363,363,464,464,482,496,278,297,297,330,330,407,407,322,322,322,322,332,332,431,431,443,443,463,463,463,463],"floor_reached":42,"language":"ENG","playtime":1367,"items_purged":["Slimebound:Tackle"],"score":504,"play_id":"f4d410e0-7073-42be-a862-203afe3f10c0","local_time":"20210204140957","is_ascension_mode":false,"campfire_choices":[{"data":"Carnage","floor":6,"key":"SMITH"},{"floor":15,"key":"REST"},{"floor":23,"key":"REST"},{"floor":25,"key":"REST"},{"data":"ReplayTheSpireMod:Black Plague","floor":27,"key":"SMITH"},{"data":"Life Link","floor":30,"key":"SMITH"},{"floor":34,"key":"REST"}],"circlet_count":0,"master_deck":["Strike_R","Strike_R","Strike_R","Strike_R","Strike_R","Defend_R","Defend_R","Defend_R","Defend_R","Bash","Carnage+1","Clothesline","hubris:ReadiedAction","Flex","conspire:Charge","Impervious","Sickly","Exhume","ReplayTheSpireMod:Black Plague+1","PanicButton","Pommel Strike","Life Link+1","Clothesline","Replay:Undeath\u0027s Touch","Anger+1","Bludgeon","hubris:ReadiedAction+1","Strike_R","Strike_R","Strike_R","Strike_R","Strike_R","Defend_R","Defend_R","Defend_R","Defend_R","Bash","Carnage+1","Clothesline","hubris:ReadiedAction","Flex","conspire:Charge","Impervious","Sickly","Exhume","ReplayTheSpireMod:Black Plague+1","PanicButton","Pommel Strike","Life Link+1","Clothesline","Replay:Undeath\u0027s Touch","Anger+1","Bludgeon","hubris:ReadiedAction+1","Heavy Blade+1"],"relics":["Burning Blood","NeowsBlessing","Blue Candle","hubris:Teleporter","ReplayTheSpireMod:SealedPack","hubris:ChampionShield","Regal Pillow","aspiration:HummingbirdHeart","MealTicket","hubris:Stopwatch","hubris:Towel"],"acts_visited":["Exordium","TheCity","TheBeyond"],"potions_floor_usage":[16,18,21,35,35,42],"damage_taken":[{"damage":0,"enemies":"Small Slimes","floor":1,"turns":1},{"damage":0,"enemies":"2 Louse","floor":4,"turns":1},{"damage":0,"enemies":"Cultist","floor":5,"turns":1},{"damage":2,"enemies":"3 Louse","floor":8,"turns":3},{"damage":29,"enemies":"Gremlin Gang","floor":10,"turns":5},{"damage":16,"enemies":"Exordium Wildlife","floor":14,"turns":4},{"damage":25,"enemies":"Slime Boss","floor":16,"turns":11},{"damage":0,"enemies":"Chosen","floor":18,"turns":4},{"damage":22,"enemies":"3 Byrds","floor":19,"turns":6},{"damage":22,"enemies":"Centurion and Healer","floor":21,"turns":8},{"damage":46,"enemies":"Nightmare","floor":24,"turns":7},{"damage":24,"enemies":"3 Cultists","floor":33,"turns":5},{"damage":54,"enemies":"Champ","floor":35,"turns":10},{"damage":31,"enemies":"3 Shapes","floor":37,"turns":4},{"damage":18,"enemies":"Orb Walker","floor":40,"turns":3},{"damage":57,"enemies":"Giant Head","floor":42,"turns":8}],"seed_played":"490629681980948407","potions_obtained":[{"floor":1,"key":"Adrenaline Potion"},{"floor":8,"key":"Block Potion"},{"floor":14,"key":"DistilledChaos"},{"floor":16,"key":"LiquidBronze"},{"floor":21,"key":"SpeedPotion"},{"floor":33,"key":"SteroidPotion"},{"floor":40,"key":"Swift Potion"}],"is_trial":false,"path_per_floor":["M","?","?","M","M","R","?","M","T","M","?","M","R","B",null,"M","M","$","M","R","NM","R","T","R","?","R","PTL","PTL","M","R","B",null,"M","?","M","?","E"],"character_chosen":"IRONCLAD","items_purchased":["hubris:ChampionShield"],"campfire_rested":4,"item_purchase_floors":[20],"current_hp_per_floor":[80,69,64,70,76,76,80,80,80,57,57,47,71,52,80,80,64,64,48,72,32,71,71,71,71,71,71,71,53,80,32,80,55,55,43,43,0,0],"gold":463,"neow_bonus":"THREE_ENEMY_KILL","is_daily":false,"chose_seed":false,"campfire_upgraded":3,"win_rate":0.0,"timestamp":1612476597,"path_taken":["M","?","?","M","M","R","?","M","T","?","?","M","R","BOSS","M","M","$","?","R","NM","R","T","R","?","R","PTL","PTL","M","R","BOSS","M","?","?","?","E"],"items_purchased_type":["Relic"],"build_version":"2020-12-22","purchased_purges":1,"victory":false,"max_hp_per_floor":[80,80,80,80,80,80,80,80,80,80,80,80,80,80,80,80,80,80,80,80,80,80,80,80,80,80,80,80,80,80,80,80,80,80,80,80,80,80],"card_choices":[{"not_picked":["Pommel Strike","Rage"],"picked":"Carnage","floor":1},{"not_picked":["True Grit","Defy Death"],"picked":"Clothesline","floor":4},{"not_picked":["Metallicize","Infernal Blade"],"picked":"hubris:ReadiedAction","floor":5},{"not_picked":["Whirlwind","Demonic Infusion","Combust"],"picked":"SKIP","floor":8},{"not_picked":["Wild Strike","hubris:ReadiedAction"],"picked":"Flex","floor":10},{"not_picked":["Fire Breathing","Havoc"],"picked":"conspire:Charge","floor":14},{"not_picked":["Brutality","Barricade"],"picked":"Impervious","floor":16},{"not_picked":["sneckomod:SnekBite","Replay:Light Bash"],"picked":"Slimebound:Tackle","floor":17},{"not_picked":["Barricade","Double Tap"],"picked":"Exhume","floor":17},{"not_picked":["ReplayTheSpireMod:??????????????????????","infinitespire:UltimateForm"],"picked":"ReplayTheSpireMod:Black Plague","floor":17},{"not_picked":["Jack Of All Trades","Replay:Sssssssssshield"],"picked":"PanicButton","floor":17},{"not_picked":["ReplayReversal","Second Wind"],"picked":"Pommel Strike","floor":18},{"not_picked":["Shrug It Off","Armaments"],"picked":"Life Link","floor":19},{"not_picked":["Body Slam+1","True Grit"],"picked":"Clothesline","floor":21},{"not_picked":["Warcry","Berserk"],"picked":"Replay:Undeath\u0027s Touch","floor":24},{"not_picked":["Havoc","hubris:CleavingFinish"],"picked":"Anger+1","floor":33},{"not_picked":["Barricade","Fiend Fire"],"picked":"Bludgeon","floor":35},{"not_picked":["Thunderclap+1","Havoc+1"],"picked":"hubris:ReadiedAction+1","floor":37},{"not_picked":["Thunderclap","ReplayReversal"],"picked":"Heavy Blade+1","floor":40}],"player_experience":69493,"relics_obtained":[{"floor":9,"key":"hubris:Teleporter"},{"floor":24,"key":"Regal Pillow"},{"floor":26,"key":"aspiration:HummingbirdHeart"}],"event_choices":[{"damage_healed":0,"gold_gain":75,"player_choice":"Gather Gold","damage_taken":11,"max_hp_gain":0,"max_hp_loss":0,"event_name":"World of Goop","floor":2,"gold_loss":0},{"damage_healed":0,"gold_gain":100,"player_choice":"Pray","damage_taken":0,"max_hp_gain":0,"max_hp_loss":0,"event_name":"Golden Shrine","floor":12,"gold_loss":0},{"damage_healed":0,"gold_gain":0,"player_choice":"Obtained Relic","damage_taken":0,"relics_obtained":["MealTicket"],"max_hp_gain":0,"max_hp_loss":0,"event_name":"Addict","floor":29,"gold_loss":85}],"is_beta":false,"boss_relics":[{"not_picked":["Replay:Drink Me","ChewingGum"],"picked":"ReplayTheSpireMod:SealedPack"},{"not_picked":["conspire:SpecialSausage","Cursed Key"],"picked":"hubris:Stopwatch"}],"items_purged_floors":[20],"is_endless":true,"potions_floor_spawned":[1,8,14,16,21,33,40],"killed_by":"Giant Head","ascension_level":0}}