{"host":"8is2j71l4wmybkoi","time":1612444752,"event":{"mods":["AchievementEnabler","BaseMod","Colored Map","Minty Spire (QoL Compilation)","Rare Cards Sparkle","StSLib","SuperFastMode"],"gold_per_floor":[115,129,129,279,293,293,308,53,53,87,87,108,108,121,121,121,121],"floor_reached":16,"language":"KOR","playtime":701,"items_purged":["Doubt"],"score":179,"play_id":"5c73319b-8191-402a-96f5-9f50e790cc25","local_time":"20210204221912","is_ascension_mode":true,"campfire_choices":[{"data":"Bash","floor":6,"key":"SMITH"},{"data":"Combust","floor":11,"key":"SMITH"},{"floor":13,"key":"DIG"},{"floor":15,"key":"DIG"}],"circlet_count":0,"master_deck":["AscendersBane","Strike_R","Strike_R","Strike_R","Strike_R","Strike_R","Defend_R","Defend_R","Defend_R","Defend_R","Bash+1","Exhume","Thunderclap","Shrug It Off","Wild Strike","Combust+1","Pommel Strike","Pommel Strike","Perfected Strike","Inflame","Battle Trance"],"relics":["Burning Blood","Golden Idol","Orrery","Shovel","Bottled Flame","Potion Belt"],"acts_visited":["Exordium"],"potions_floor_usage":[16,16],"damage_taken":[{"damage":12,"enemies":"Jaw Worm","floor":1,"turns":2},{"damage":0,"enemies":"Small Slimes","floor":2,"turns":3},{"damage":16,"enemies":"Cultist","floor":5,"turns":4},{"damage":30,"enemies":"Lots of Slimes","floor":7,"turns":6},{"damage":26,"enemies":"3 Sentries","floor":10,"turns":6},{"damage":0,"enemies":"2 Fungi Beasts","floor":12,"turns":3},{"damage":2,"enemies":"Exordium Thugs","floor":14,"turns":3},{"damage":29,"enemies":"Hexaghost","floor":16,"turns":7}],"seed_played":"7553161642267505868","potions_obtained":[{"floor":2,"key":"GamblersBrew"},{"floor":12,"key":"AttackPotion"},{"floor":14,"key":"FearPotion"}],"is_trial":false,"path_per_floor":["M","M","?","?","M","R","M","$","T","E","R","M","R","M","R","B"],"character_chosen":"IRONCLAD","items_purchased":["Orrery","Perfected Strike"],"campfire_rested":0,"item_purchase_floors":[8,8],"current_hp_per_floor":[62,68,68,68,58,58,34,34,34,14,14,20,20,24,24,0,0],"gold":121,"neow_bonus":"ONE_RANDOM_RARE_CARD","is_daily":false,"chose_seed":false,"campfire_upgraded":2,"win_rate":0.0,"timestamp":1612444752,"path_taken":["M","M","?","?","M","R","?","$","T","E","R","M","R","M","R","BOSS"],"items_purchased_type":["Relic","Card"],"build_version":"2020-12-22","purchased_purges":1,"victory":false,"max_hp_per_floor":[75,75,68,68,68,68,68,68,68,68,68,68,68,68,68,68,68],"card_choices":[{"not_picked":["Clash","Perfected Strike"],"picked":"Thunderclap","floor":1},{"not_picked":["Clothesline","Sever Soul","True Grit"],"picked":"SKIP","floor":2},{"not_picked":["Thunderclap","Warcry"],"picked":"Shrug It Off","floor":5},{"not_picked":["Sentinel","Dark Embrace"],"picked":"Wild Strike","floor":7},{"not_picked":["Twin Strike","Headbutt"],"picked":"Combust","floor":8},{"not_picked":["Ghostly Armor","Double Tap"],"picked":"Pommel Strike","floor":8},{"not_picked":["Metallicize","Battle Trance"],"picked":"Pommel Strike","floor":8},{"not_picked":["True Grit","Iron Wave"],"picked":"Inflame","floor":10},{"not_picked":["Combust","Headbutt"],"picked":"Battle Trance","floor":12},{"not_picked":["Thunderclap","Sword Boomerang","Body Slam"],"picked":"SKIP","floor":14}],"player_experience":962219,"relics_obtained":[{"floor":10,"key":"Shovel"},{"floor":13,"key":"Bottled Flame"},{"floor":15,"key":"Potion Belt"}],"event_choices":[{"damage_healed":0,"gold_gain":0,"player_choice":"Lose Max HP","damage_taken":0,"relics_obtained":["Golden Idol"],"max_hp_gain":0,"max_hp_loss":7,"event_name":"Golden Idol","floor":3,"gold_loss":0},{"damage_healed":0,"gold_gain":150,"player_choice":"AGREE","damage_taken":0,"max_hp_gain":0,"max_hp_loss":0,"event_name":"Liars Game","floor":4,"gold_loss":0,"cards_obtained":["Doubt"]}],"is_beta":false,"boss_relics":[],"items_purged_floors":[8],"is_endless":false,"potions_floor_spawned":[2,12,14],"killed_by":"Hexaghost","ascension_level":15}}