{"host":"hl2lcm3kcu0x5jvn","time":1612424524,"event":{"mods":["AchievementEnabler","BaseMod","Bestiary","Conspire","Downfall","Friendly Minions","Highlight Path","Hubris","Infinite Spire","Lobotomy","Minty Spire (QoL Compilation)","Replay The Spire","Shop Mod","StSLib","everything is the same but u backflip on backflip"],"gold_per_floor":[115,130,145,145,160,175,190,175,175,175,250,250,265,280,280,280,280],"floor_reached":16,"language":"ENG","playtime":825,"items_purged":[],"score":123,"play_id":"a9887ae6-ef20-4917-a66f-a405c6925d21","local_time":"20210204144204","daily_mods":["Allstar","Green Cards","Terminal"],"is_ascension_mode":false,"campfire_choices":[],"circlet_count":0,"master_deck":["SpecialBullet","SpecialBullet","SpecialBullet","SpecialBullet","SpecialBullet","SpecialBullet","SpecialBullet","SpecialBullet","InformationCode","SecurityCode","TrainingCode","Madness","Survey Options","Survey Options","Replay:Sssssssssstrike","The Bomb","WallGazer","GrinderMk4","Wellcheers","Noise","MeatLantern","RapturousDream","Pain","OSAHOGD","ParadiseLost","Scorched","RedEyes","PunishingBird","MagicBullet","Bloodbath","WristCuter","Rudolta","Loneliness","MHz","Lantern"],"relics":["CogitoBucket","WarpedTongs","HellTrain","hubris:MysteriousPyramids"],"acts_visited":["Exordium"],"potions_floor_usage":[16],"damage_taken":[{"damage":10,"enemies":"conspire:RoseBush","floor":1,"turns":3},{"damage":2,"enemies":"Cultist","floor":2,"turns":2},{"damage":14,"enemies":"infinitespire:Voidling","floor":3,"turns":4},{"damage":6,"enemies":"3 Louse","floor":5,"turns":3},{"damage":19,"enemies":"Gremlin Gang","floor":6,"turns":5},{"damage":10,"enemies":"Blue Slaver","floor":7,"turns":5},{"damage":18,"enemies":"Exordium Thugs","floor":8,"turns":4},{"damage":4,"enemies":"Looter","floor":13,"turns":4},{"damage":17,"enemies":"conspire:2 RoseBushes","floor":14,"turns":3},{"damage":67,"enemies":"Hexaghost","floor":16,"turns":5}],"seed_played":"2514053361250750194","potions_obtained":[{"floor":5,"key":"Swift Potion"},{"floor":6,"key":"sneckomod:MuddlingPotion"},{"floor":14,"key":"Weak Potion"}],"is_trial":false,"path_per_floor":["M","M","M","?","M","M","M","M","T","R","?","R","M","M","R","B"],"character_chosen":"Angela","items_purchased":[],"campfire_rested":0,"item_purchase_floors":[],"current_hp_per_floor":[67,67,66,65,64,59,62,58,58,58,53,53,60,63,62,0,0],"gold":280,"neow_bonus":"","is_daily":true,"chose_seed":false,"campfire_upgraded":0,"win_rate":0.0,"timestamp":1612424524,"path_taken":["M","M","M","?","M","M","M","?","T","R","?","R","M","M","R","BOSS"],"items_purchased_type":[],"build_version":"2020-12-22","purchased_purges":0,"victory":false,"max_hp_per_floor":[68,67,66,65,64,63,62,61,60,59,58,57,60,63,62,62,62],"card_choices":[{"not_picked":["LittleHelper","CrumblingArmor"],"picked":"WallGazer","floor":1},{"not_picked":["SomewhereSpear"],"picked":"GrinderMk4","floor":1},{"not_picked":["CherryBlossoms","BeautyBeast"],"picked":"Wellcheers","floor":2},{"not_picked":["Penitence"],"picked":"Noise","floor":2},{"not_picked":["UniverseFragment","MHz"],"picked":"MeatLantern","floor":3},{"not_picked":["BloodyDesire"],"picked":"RapturousDream","floor":3},{"not_picked":["LittleHelper","GalaxyChild"],"picked":"OSAHOGD","floor":5},{"not_picked":["Penitence"],"picked":"ParadiseLost","floor":5},{"not_picked":["MHz","FairyFestival"],"picked":"Scorched","floor":6},{"not_picked":["Penitence"],"picked":"RedEyes","floor":6},{"not_picked":["CherryBlossoms","VoidDream"],"picked":"PunishingBird","floor":7},{"not_picked":["InTheNameOfLoveAndHate"],"picked":"MagicBullet","floor":7},{"not_picked":["CherryBlossoms","ShyLook"],"picked":"Bloodbath","floor":8},{"not_picked":["Beak"],"picked":"WristCuter","floor":8},{"not_picked":["DespairKnight","DreamingCurrent"],"picked":"Rudolta","floor":13},{"not_picked":["WristCuter"],"picked":"Loneliness","floor":13},{"not_picked":["FairyFestival","CrumblingArmor"],"picked":"MHz","floor":14},{"not_picked":["Harvest"],"picked":"Lantern","floor":14}],"player_experience":122071,"relics_obtained":[{"floor":9,"key":"hubris:MysteriousPyramids"}],"event_choices":[{"damage_healed":0,"gold_gain":0,"player_choice":"Rummage","damage_taken":0,"relics_obtained":["WarpedTongs"],"max_hp_gain":0,"max_hp_loss":0,"event_name":"Accursed Blacksmith","floor":4,"gold_loss":0,"cards_obtained":["Pain"]},{"damage_healed":0,"gold_gain":75,"player_choice":"Touch","damage_taken":5,"max_hp_gain":0,"max_hp_loss":0,"event_name":"FaceTrader","floor":11,"gold_loss":0}],"is_beta":false,"boss_relics":[],"items_purged_floors":[],"is_endless":false,"potions_floor_spawned":[5,6,14],"killed_by":"Hexaghost","ascension_level":0}}