{"host":"8d3fefv2347kqkpz","time":1612424091,"event":{"mods":["AchievementEnabler","Act Like it!","Aspiration","BaseMod","Better Vampires","Colored Map","Colored Powertips","Conspire","GifTheSpireLib","Highlight Path","Hubris","Mimic Mod","Minty Spire (QoL Compilation)","Quick Restart","Rare Cards Sparkle","Relic Stats","Replay The Spire","Spicy Shops","StSLib","The Jungle","Waifu the Spire"],"gold_per_floor":[118,118,118,130,130,156,28,28,28,28,62,62,81,96,96,201,201,220,160,175,175],"floor_reached":20,"language":"ZHS","playtime":511,"items_purged":["Injury"],"score":217,"play_id":"65b51375-d1ed-4b08-9966-43542babaa2f","local_time":"20210204153451","is_ascension_mode":true,"campfire_choices":[{"data":"Armaments","floor":8.0,"key":"SMITH"},{"data":"Combust","floor":12,"key":"SMITH"},{"floor":15,"key":"REST"}],"circlet_count":0,"master_deck":["Strike_R","Strike_R","Strike_R","Defend_R","Defend_R","Defend_R","Defend_R","Bash","Brutality+1","Combust+1","Armaments+1","Combust","Headbutt+1","Rampage+1","Barricade","hubris:ReadiedAction+1"],"relics":["Burning Blood","NeowsBlessing","Molten Egg 2","Replay:Wax Seal","hubris:IronBody","Regal Pillow"],"acts_visited":["Exordium","TheCity"],"potions_floor_usage":[],"damage_taken":[{"damage":0.0,"enemies":"conspire:RoseBush","floor":1.0,"turns":1.0},{"damage":0.0,"enemies":"Cultist","floor":4.0,"turns":1.0},{"damage":0.0,"enemies":"Lagavulin","floor":6.0,"turns":2.0},{"damage":22,"enemies":"3 Sentries","floor":11,"turns":6},{"damage":7,"enemies":"Small Slimes","floor":13,"turns":2},{"damage":8,"enemies":"Looter","floor":14,"turns":3},{"damage":70,"enemies":"Hexaghost","floor":16,"turns":9},{"damage":34,"enemies":"Chosen","floor":18,"turns":6},{"damage":36,"enemies":"conspire:FuzzyDice","floor":20,"turns":6}],"seed_played":"-1852063007903535780","potions_obtained":[{"floor":4.0,"key":"SteroidPotion"},{"floor":13,"key":"Fire Potion"},{"floor":18,"key":"Languid Potion"}],"is_trial":false,"path_per_floor":["M","?","?","M","?","E","$","R","T","?","E","R","M","M","R","B",null,"M","?","M"],"character_chosen":"IRONCLAD","items_purchased":["Headbutt+1"],"campfire_rested":1,"item_purchase_floors":[7],"current_hp_per_floor":[80,80,80,80,80,80,80,80,80,85,69,69,68,66,85,21,85,57,57,27,27],"gold":175,"neow_bonus":"THREE_ENEMY_KILL","is_daily":false,"chose_seed":false,"campfire_upgraded":2,"win_rate":0.0,"timestamp":1612424091,"path_taken":["M","?","?","?","?","E","$","R","T","?","E","R","M","M","R","BOSS","M","?","M"],"items_purchased_type":["Card"],"build_version":"2020-12-22","purchased_purges":1,"victory":false,"max_hp_per_floor":[80,80,80,80,80,80,80,80,80,85,85,85,85,85,85,85,85,85,85,85,85],"relic_stats":{"Regal Pillow":0,"counters":[9,36],"obtain_stats":[{"Regal Pillow":11,"NeowsBlessing":0,"Molten Egg 2":5,"hubris:IronBody":9,"Replay:Wax Seal":6,"Burning Blood":0},{"Regal Pillow":4,"NeowsBlessing":0,"Molten Egg 2":2,"hubris:IronBody":3,"Replay:Wax Seal":3,"Burning Blood":0},{"Regal Pillow":10,"NeowsBlessing":0,"Molten Egg 2":2,"hubris:IronBody":4,"Replay:Wax Seal":4,"Burning Blood":0}],"Burning Blood":36},"card_choices":[{"not_picked":["Run Through","Heavy Blade","ReplayTheSpireMod:Strike From Hell"],"picked":"SKIP","floor":1.0},{"not_picked":["Heavy Blade","Juggernaut"],"picked":"Armaments","floor":4.0},{"not_picked":["Rage","ReplayTheSpireMod:Strike From Hell+1"],"picked":"Combust","floor":6.0},{"not_picked":["Thunderclap+1","Bloodletting","ReplayTheSpireMod:Corrosion Curse"],"picked":"SKIP","floor":11},{"not_picked":["Blood for Blood+1","Spot Weakness"],"picked":"Rampage+1","floor":13},{"not_picked":["True Grit","Clash+1","Replay:Undeath\u0027s Touch+1"],"picked":"SKIP","floor":14},{"not_picked":["Limit Break","Feed+1"],"picked":"Barricade","floor":16},{"not_picked":["Pommel Strike+1","ReplayTheSpireMod:Corrosion Curse"],"picked":"hubris:ReadiedAction+1","floor":18}],"player_experience":245224,"relics_obtained":[{"floor":6.0,"key":"Replay:Wax Seal"},{"floor":9.0,"key":"hubris:IronBody"},{"floor":11,"key":"Regal Pillow"}],"event_choices":[{"damage_healed":0.0,"max_hp_gain":0.0,"max_hp_loss":0.0,"gold_gain":0.0,"cards_transformed":["Strike_R"],"event_name":"Transmorgrifier","player_choice":"Transformed","floor":3.0,"gold_loss":0.0,"damage_taken":0.0,"cards_obtained":["Combust"]},{"damage_healed":0.0,"max_hp_gain":5.0,"max_hp_loss":0.0,"gold_gain":0.0,"event_name":"Big Fish","player_choice":"Donut","floor":10.0,"gold_loss":0.0,"damage_taken":0.0}],"is_beta":false,"boss_relics":[{"not_picked":["aspiration:FutureDiary","hubris:BlackHole","Ooze Armor"]}],"items_purged_floors":[7],"is_endless":false,"potions_floor_spawned":[4,13,18],"killed_by":"conspire:FuzzyDice","ascension_level":1}}