{"host":"8rgpnls124hwjv5t","time":1612403109,"event":{"mods":["BaseMod","Colored Map","Colored Powertips","DeckTracker","Highlight Path","Minty Spire (QoL Compilation)","Permanent Neow","Quick Restart","Relic Stats","Shop Mod","StSLib"],"gold_per_floor":[117,117,130,146,146,179,179,92,118,153,178,221,246,270,270,377,377,411,420,444,21,53,53,105,114,114,161,161,181,198,226,226,306,306,332,343,179,179,179],"floor_reached":38,"language":"ENG","playtime":3261,"items_purged":[],"score":951,"play_id":"4e72c300-bd60-45cb-ab2c-ae2b2d355196","local_time":"20210203204509","is_ascension_mode":true,"campfire_choices":[{"floor":7,"key":"REST"},{"data":"Eviscerate","floor":15,"key":"SMITH"},{"floor":23,"key":"REST"},{"floor":25,"key":"REST"},{"floor":32,"key":"REST"}],"circlet_count":0,"master_deck":["AscendersBane","Strike_G","Strike_G","Strike_G","Strike_G","Strike_G","Defend_G","Defend_G","Defend_G","Defend_G","Defend_G","Survivor","Neutralize","Backflip","Riddle With Holes","Underhanded Strike","Quick Slash","Eviscerate+1","Dagger Throw","Footwork","Flechettes","Die Die Die","Phantasmal Killer","Dagger Throw+1","J.A.X.","Acrobatics","Skewer+1","Prepared+1","Reflex","Underhanded Strike+1","Choke+1","Underhanded Strike+1","Backflip+1","Storm of Steel","Acrobatics"],"relics":["Snecko Eye","Bloody Idol","Regal Pillow","Bronze Scales","Smiling Mask","CeramicFish","Runic Dome","Molten Egg 2","Dream Catcher","Strawberry","Peace Pipe","SlaversCollar","Chemical X"],"acts_visited":["Exordium","TheCity","TheBeyond"],"potions_floor_usage":[6,10,16,16,24,27,29,30,31,38],"damage_taken":[{"damage":8,"enemies":"2 Louse","floor":1,"turns":3},{"damage":9,"enemies":"Small Slimes","floor":3,"turns":6},{"damage":2,"enemies":"Jaw Worm","floor":4,"turns":3},{"damage":19,"enemies":"3 Sentries","floor":6,"turns":12},{"damage":15,"enemies":"Lagavulin","floor":10,"turns":5},{"damage":0,"enemies":"Looter","floor":11,"turns":1},{"damage":0,"enemies":"Gremlin Nob","floor":12,"turns":3},{"damage":6,"enemies":"3 Louse","floor":13,"turns":2},{"damage":0,"enemies":"Large Slime","floor":14,"turns":4},{"damage":18,"enemies":"Slime Boss","floor":16,"turns":7},{"damage":7,"enemies":"Spheric Guardian","floor":18,"turns":5},{"damage":0,"enemies":"Chosen","floor":20,"turns":3},{"damage":23,"enemies":"Snecko","floor":22,"turns":4},{"damage":38,"enemies":"Book of Stabbing","floor":24,"turns":4},{"damage":9,"enemies":"Slavers","floor":27,"turns":3},{"damage":15,"enemies":"Cultist and Chosen","floor":29,"turns":3},{"damage":12,"enemies":"Centurion and Healer","floor":30,"turns":4},{"damage":34,"enemies":"Shelled Parasite and Fungi","floor":31,"turns":3},{"damage":34,"enemies":"Collector","floor":33,"turns":6},{"damage":26,"enemies":"3 Darklings","floor":35,"turns":3},{"damage":17,"enemies":"Orb Walker","floor":36,"turns":3},{"damage":45,"enemies":"2 Orb Walkers","floor":38,"turns":2}],"seed_played":"-6729787793044865582","potions_obtained":[{"floor":3,"key":"EssenceOfSteel"},{"floor":4,"key":"PowerPotion"},{"floor":6,"key":"SmokeBomb"},{"floor":13,"key":"BlessingOfTheForge"},{"floor":14,"key":"EssenceOfSteel"},{"floor":20,"key":"SpeedPotion"},{"floor":24,"key":"Swift Potion"},{"floor":27,"key":"Block Potion"},{"floor":29,"key":"Fruit Juice"},{"floor":30,"key":"Regen Potion"},{"floor":36,"key":"DuplicationPotion"}],"is_trial":false,"path_per_floor":["M","?","M","M","?","E","R","$","T","E","M","E","M","M","R","B",null,"M","?","M","$","M","R","E","R","T","E","?","M","M","M","R","B",null,"M","M","$","?"],"character_chosen":"THE_SILENT","items_purchased":["Eviscerate","Molten Egg 2","Skewer+1","DuplicationPotion","Chemical X"],"campfire_rested":4,"item_purchase_floors":[8,21,21,21,37],"current_hp_per_floor":[51,51,42,40,45,26,60,60,60,45,45,45,39,39,39,21,54,47,47,47,47,24,58,20,54,61,52,52,52,45,30,68,44,69,53,41,41,0,0],"gold":179,"neow_bonus":"BOSS_RELIC","is_daily":false,"chose_seed":false,"campfire_upgraded":1,"win_rate":0.0,"timestamp":1612403109,"path_taken":["M","?","M","M","?","E","R","$","T","E","M","E","M","M","R","BOSS","M","?","M","$","M","R","E","R","T","E","?","M","M","M","R","BOSS","M","M","$","?"],"items_purchased_type":["Card","Relic","Card","Potion","Relic"],"build_version":"2020-12-22","purchased_purges":0,"victory":false,"max_hp_per_floor":[66,60,60,60,65,65,65,65,65,65,65,65,65,65,65,65,65,65,65,65,65,65,65,65,65,72,72,72,77,77,77,77,77,77,77,77,77,77,77],"relic_stats":{"Peace Pipe":0,"Regal Pillow":60,"Dream Catcher":2,"counters":[22,89],"Bloody Idol":50,"Bronze Scales":[109],"CeramicFish":144,"Snecko Eye":[156,179,176,164],"Chemical X":[1],"Smiling Mask":0,"obtain_stats":[{"Regal Pillow":6,"Golden Idol":2,"CeramicFish":12,"Smiling Mask":10,"Peace Pipe":27,"Runic Dome":17,"SlaversCollar":34,"Dream Catcher":24,"Bronze Scales":9,"Strawberry":26,"Bloody Idol":28,"Snecko Eye":0,"Molten Egg 2":21,"Chemical X":37,"Ring of the Snake":0},{"Regal Pillow":4,"Golden Idol":1,"CeramicFish":7,"Smiling Mask":5,"Peace Pipe":15,"Runic Dome":10,"SlaversCollar":19,"Dream Catcher":14,"Bronze Scales":4,"Strawberry":14,"Bloody Idol":15,"Snecko Eye":0,"Molten Egg 2":12,"Chemical X":21,"Ring of the Snake":0},{"Regal Pillow":24,"Golden Idol":3,"CeramicFish":33,"Smiling Mask":29,"Peace Pipe":65,"Runic Dome":46,"SlaversCollar":81,"Dream Catcher":62,"Bronze Scales":24,"Strawberry":62,"Bloody Idol":65,"Snecko Eye":0,"Molten Egg 2":54,"Chemical X":87,"Ring of the Snake":0}]},"card_choices":[{"not_picked":["Deadly Poison","Setup"],"picked":"Backflip","floor":1},{"not_picked":["Slice","Deflect"],"picked":"Riddle With Holes","floor":3},{"not_picked":["Quick Slash","Dodge and Roll"],"picked":"Underhanded Strike","floor":4},{"not_picked":["Distraction","Poisoned Stab"],"picked":"Quick Slash","floor":6},{"not_picked":["Well Laid Plans","Slice"],"picked":"Dagger Throw","floor":10},{"not_picked":["Endless Agony","Grand Finale","Deadly Poison"],"picked":"SKIP","floor":11},{"not_picked":["Flying Knee","Slice"],"picked":"Footwork","floor":12},{"not_picked":["Deadly Poison","Terror"],"picked":"Flechettes","floor":13},{"not_picked":["Acrobatics","Deflect"],"picked":"Die Die Die","floor":14},{"not_picked":["Grand Finale","After Image"],"picked":"Phantasmal Killer","floor":16},{"not_picked":["PiercingWail","Infinite Blades+1"],"picked":"Dagger Throw+1","floor":18},{"not_picked":["PiercingWail","Outmaneuver"],"picked":"Acrobatics","floor":20},{"not_picked":["Distraction","Dodge and Roll"],"picked":"Prepared+1","floor":22},{"not_picked":["All Out Attack+1","Glass Knife+1"],"picked":"Reflex","floor":24},{"not_picked":["Deadly Poison","Riddle With Holes+1"],"picked":"Underhanded Strike+1","floor":25},{"not_picked":["Noxious Fumes","Concentrate"],"picked":"Choke+1","floor":27},{"not_picked":["Deadly Poison","Masterful Stab+1"],"picked":"Underhanded Strike+1","floor":29},{"not_picked":["Backflip","Sucker Punch+1","Blade Dance"],"picked":"SKIP","floor":30},{"not_picked":["Blade Dance","Deadly Poison"],"picked":"Backflip+1","floor":31},{"not_picked":["Grand Finale+1","Unload+1"],"picked":"Storm of Steel","floor":33},{"not_picked":["Calculated Gamble","Deflect"],"picked":"Acrobatics","floor":35},{"not_picked":["Sucker Punch+1","Catalyst","Endless Agony+1"],"picked":"SKIP","floor":36}],"player_experience":480876,"relics_obtained":[{"floor":6,"key":"Regal Pillow"},{"floor":9,"key":"Bronze Scales"},{"floor":10,"key":"Smiling Mask"},{"floor":12,"key":"CeramicFish"},{"floor":24,"key":"Dream Catcher"},{"floor":26,"key":"Strawberry"},{"floor":27,"key":"Peace Pipe"}],"event_choices":[{"damage_healed":0,"gold_gain":0,"player_choice":"Lose Max HP","damage_taken":0,"relics_obtained":["Golden Idol"],"max_hp_gain":0,"max_hp_loss":6,"event_name":"Golden Idol","floor":2,"gold_loss":0},{"damage_healed":0,"gold_gain":0,"player_choice":"Donut","damage_taken":0,"max_hp_gain":5,"max_hp_loss":0,"event_name":"Big Fish","floor":5,"gold_loss":0},{"damage_healed":0,"gold_gain":0,"player_choice":"Obtain J.A.X.","damage_taken":0,"max_hp_gain":0,"max_hp_loss":0,"event_name":"Drug Dealer","floor":19,"gold_loss":0,"cards_obtained":["J.A.X."]},{"damage_healed":0,"gold_gain":0,"player_choice":"Gave Idol","damage_taken":0,"relics_obtained":["Bloody Idol"],"max_hp_gain":0,"max_hp_loss":0,"event_name":"Forgotten Altar","floor":28,"relics_lost":["Golden Idol"],"gold_loss":0},{"damage_healed":0,"gold_gain":0,"player_choice":"Fight","damage_taken":0,"max_hp_gain":0,"max_hp_loss":0,"event_name":"Mysterious Sphere","floor":38,"gold_loss":0}],"is_beta":false,"boss_relics":[{"not_picked":["Runic Pyramid","Coffee Dripper"],"picked":"Runic Dome"},{"not_picked":["Tiny House","Velvet Choker"],"picked":"SlaversCollar"}],"items_purged_floors":[],"is_endless":false,"potions_floor_spawned":[3,4,6,13,14,20,24,27,29,30,36],"killed_by":"2 Orb Walkers","ascension_level":20}}