{"host":"o1scrl1hgy598kuq","time":1612430996,"event":{"mods":["BaseMod","Colored Map","Colored Powertips","Minty Spire (QoL Compilation)","Remilia??????","Replay The Spire","Shop Mod","StSLib","The Jungle","The Marked","The Servant 0.9.4"],"gold_per_floor":[116,116,134,84,96,96,96,96,96,114,124,124,49,65,65,170,170,183,197,33,52,52,52,52,52,104,7,7,18,18,36,36,36,36],"floor_reached":33,"language":"ENG","playtime":1680,"items_purged":["theMarked:Defend"],"score":262,"play_id":"0fe71bc0-2db4-4bf4-b344-abb8364429b6","local_time":"20210204032956","is_ascension_mode":false,"campfire_choices":[{"data":"theMarked:SoldierOfQuellstein","floor":6,"key":"SMITH"},{"data":"theMarked:Electrify","floor":8,"key":"SMITH"},{"data":"theMarked:Opportunist","floor":12,"key":"SMITH"},{"data":"theMarked:Polarize","floor":15,"key":"SMITH"},{"data":"theMarked:Levitate","floor":23,"key":"SMITH"},{"data":"theMarked:Defend","floor":25,"key":"SMITH"},{"data":"theMarked:PowerFlow","floor":32,"key":"SMITH"}],"circlet_count":0,"master_deck":["theMarked:Strike","theMarked:Strike","theMarked:Defend+1","theMarked:SoldierOfQuellstein+1","theMarked:ResourceFulStrike","theMarked:Static+1","theMarked:Electrify+1","theMarked:Opportunist+1","theMarked:Polarize+1","theMarked:Levitate+1","theMarked:MuscleMemory","theMarked:Toughness","theMarked:PowerFlow+1"],"relics":["theMarked:ArtifactOfAir","Omamori","MerchantsRug"],"acts_visited":["Exordium","TheCity"],"potions_floor_usage":[16,19,29,33,33],"damage_taken":[{"damage":6,"enemies":"2 Louse","floor":1,"turns":2},{"damage":0,"enemies":"Jaw Worm","floor":3,"turns":4},{"damage":1,"enemies":"Cultist","floor":5,"turns":3},{"damage":0,"enemies":"3 Louse","floor":10,"turns":3},{"damage":3,"enemies":"Exordium Thugs","floor":11,"turns":4},{"damage":11,"enemies":"Lots of Slimes","floor":14,"turns":4},{"damage":30,"enemies":"Fading Forest","floor":16,"turns":11},{"damage":21,"enemies":"Spheric Guardian","floor":18,"turns":4},{"damage":7,"enemies":"3 Byrds","floor":19,"turns":5},{"damage":17,"enemies":"Centurion and Healer","floor":21,"turns":5},{"damage":0,"enemies":"Snake Plant","floor":29,"turns":2},{"damage":5,"enemies":"Snecko","floor":31,"turns":5},{"damage":32,"enemies":"Collector","floor":33,"turns":5}],"seed_played":"-1558180040087667963","potions_obtained":[{"floor":1,"key":"SpeedPotion"},{"floor":3,"key":"FearPotion"},{"floor":5,"key":"Ancient Potion"},{"floor":16,"key":"Adrenaline Potion"},{"floor":18,"key":"SteroidPotion"},{"floor":31,"key":"PowerPotion"}],"is_trial":false,"path_per_floor":["M","?","M","?","M","R","?","R","T","M","M","R","$","M","R","B",null,"M","M","$","M","$","R","?","R","T","$","?","M","$","M","R","B"],"character_chosen":"THE_DEFAULT","items_purchased":["MerchantsRug","Explosive Potion","theMarked:MuscleMemory","Dexterity Potion"],"campfire_rested":0,"item_purchase_floors":[20,20,27,27],"current_hp_per_floor":[64,69,69,69,68,68,68,68,68,68,65,65,65,54,54,24,75,54,47,47,30,30,30,30,30,30,30,35,35,35,30,30,0,0],"gold":36,"neow_bonus":"TRANSFORM_CARD","is_daily":false,"chose_seed":false,"campfire_upgraded":7,"win_rate":0.0,"timestamp":1612430996,"path_taken":["M","?","M","?","M","R","?","R","T","?","M","R","$","M","R","BOSS","M","M","$","M","$","R","?","R","T","?","?","?","?","M","R","BOSS"],"items_purchased_type":["Relic","Potion","Card","Potion"],"build_version":"2020-12-22","purchased_purges":1,"victory":false,"max_hp_per_floor":[70,75,75,75,75,75,75,75,75,75,75,75,75,75,75,75,75,75,75,75,75,75,75,75,75,75,75,75,75,75,75,75,75,75],"card_choices":[{"not_picked":["theMarked:SelfDefenseTraining","theMarked:RepellingDischarge"],"picked":"theMarked:Static","floor":1},{"not_picked":["theMarked:ChainLightning","theMarked:WardOff","theMarked:RepellingDischarge"],"picked":"SKIP","floor":3},{"not_picked":["theMarked:TakeCover","theMarked:Improvise"],"picked":"theMarked:Electrify","floor":5},{"not_picked":["theMarked:BanishingStrike","theMarked:BanishingWave","theMarked:Parry"],"picked":"SKIP","floor":10},{"not_picked":["theMarked:TheMission","theMarked:Improvise"],"picked":"theMarked:Opportunist","floor":11},{"not_picked":["theMarked:TwofoldDefense","theMarked:ResourceFulStrike"],"picked":"theMarked:Polarize","floor":14},{"not_picked":["theMarked:ThrowWeapon","theMarked:Abjuration"],"picked":"theMarked:Levitate","floor":16},{"not_picked":["theMarked:HeightenedSenses","theMarked:Maelstrom"],"picked":"theMarked:Parkour","floor":18},{"not_picked":["theMarked:Parry","theMarked:Memento","theMarked:TwofoldDefense+1"],"picked":"SKIP","floor":19},{"not_picked":["theMarked:ResourceFulStrike","theMarked:KeepCalmAndFight","theMarked:ChainLightning"],"picked":"SKIP","floor":21},{"not_picked":["theMarked:TwofoldDefense","theMarked:BanishingStrike"],"picked":"theMarked:Toughness","floor":29},{"not_picked":["theMarked:RepellingDischarge","theMarked:ElectricStrings"],"picked":"theMarked:PowerFlow","floor":31}],"player_experience":249926,"relics_obtained":[{"floor":9,"key":"Omamori"}],"event_choices":[{"damage_healed":0,"gold_gain":0,"player_choice":"Donut","damage_taken":0,"max_hp_gain":5,"max_hp_loss":0,"event_name":"Big Fish","floor":2,"gold_loss":0},{"cards_removed":["theMarked:Strike"],"damage_healed":0,"gold_gain":0,"player_choice":"Card Removal","damage_taken":0,"max_hp_gain":0,"max_hp_loss":0,"event_name":"The Cleric","floor":4,"gold_loss":50},{"damage_healed":0,"gold_gain":0,"player_choice":"Forge","damage_taken":0,"max_hp_gain":0,"max_hp_loss":0,"event_name":"Accursed Blacksmith","floor":24,"gold_loss":0,"cards_upgraded":["theMarked:Static"]},{"cards_removed":["theMarked:Parkour"],"damage_healed":5,"gold_gain":0,"player_choice":"Offered Common","damage_taken":0,"max_hp_gain":0,"max_hp_loss":0,"event_name":"Bonfire Elementals","floor":28,"gold_loss":0},{"cards_removed":["theMarked:Parkour"],"damage_healed":5,"gold_gain":0,"player_choice":"Offered Special","damage_taken":0,"max_hp_gain":0,"max_hp_loss":0,"event_name":"Bonfire Elementals","floor":28,"gold_loss":0}],"is_beta":false,"boss_relics":[{"not_picked":["Pandora\u0027s Box","Replay:Fungal Core"],"picked":"Empty Cage"}],"items_purged_floors":[13],"is_endless":false,"potions_floor_spawned":[1,3,5,14,16,18,31],"killed_by":"Collector","ascension_level":0}}