{"host":"z5bn7jsck728mmiq","time":1612430311,"event":{"mods":["BaseMod","Bestiary","DeckTracker","Hermit","Marisa????????","Minty Spire (QoL Compilation)","Permanent Neow","StSLib","The Disciple","The Gatherer","The Hierophant","The Servant 0.9.4","Trackpad","Wide Potions"],"gold_per_floor":[102,104,104,104,29,58,58,58,58,93,42,79,44,90,90,70,70],"floor_reached":16,"language":"ENG","playtime":504,"items_purged":["hierophant:Defend_Hierophant"],"score":133,"play_id":"6e76c217-06cd-4eb6-acd1-987d1d1bb0af","local_time":"20210204011831","is_ascension_mode":false,"campfire_choices":[{"data":"hierophant:HolyVerse","floor":8,"key":"SMITH"},{"floor":15,"key":"REST"}],"circlet_count":0,"master_deck":["hierophant:Strike_Hierophant","hierophant:Strike_Hierophant","hierophant:Strike_Hierophant","hierophant:Strike_Hierophant","hierophant:Punish","hierophant:Defend_Hierophant","hierophant:Defend_Hierophant","hierophant:Defend_Hierophant+1","hierophant:ChurchCoffers","hierophant:DeathKnell","hierophant:OrnateBuckler+1","hierophant:SecretStash","hierophant:HolyVerse+1","hierophant:HolyVerse","hierophant:OrnateBuckler","hierophant:Zeal","hierophant:Rebuild"],"relics":["hierophant:PropheticMaskRelic","MealTicket","NlothsMask","Anchor"],"acts_visited":["Exordium"],"potions_floor_usage":[12,14],"damage_taken":[{"damage":1,"enemies":"2 Louse","floor":1,"turns":3},{"damage":7,"enemies":"Jaw Worm","floor":2,"turns":5},{"damage":0,"enemies":"Lagavulin","floor":6,"turns":7},{"damage":0,"enemies":"Cultist","floor":10,"turns":4},{"damage":42,"enemies":"Gremlin Nob","floor":12,"turns":5},{"damage":0,"enemies":"Lots of Slimes","floor":14,"turns":2},{"damage":82,"enemies":"The Guardian","floor":16,"turns":10}],"seed_played":"7054875698696686703","potions_obtained":[{"floor":6,"key":"DistilledChaos"},{"floor":12,"key":"DistilledChaos"}],"is_trial":false,"path_per_floor":["M","M","?","?","$","E","?","R","T","M","$","E","?","M","R","B"],"character_chosen":"HIEROPHANT","items_purchased":["hierophant:OrnateBuckler"],"campfire_rested":1,"item_purchase_floors":[11],"current_hp_per_floor":[74,67,72,56,56,56,56,56,56,56,71,29,49,49,73,0,0],"gold":70,"neow_bonus":"ONE_RANDOM_RARE_CARD","is_daily":false,"chose_seed":false,"campfire_upgraded":1,"win_rate":0.0,"timestamp":1612430311,"path_taken":["M","M","?","?","$","E","?","R","T","?","?","E","?","M","R","BOSS"],"items_purchased_type":["Card"],"build_version":"2020-12-22","purchased_purges":1,"victory":false,"max_hp_per_floor":[75,75,80,80,80,80,80,80,80,80,80,80,80,80,80,80,80],"card_choices":[{"not_picked":["hierophant:FieryStrike","hierophant:Sermon"],"picked":"hierophant:OrnateBuckler","floor":1},{"not_picked":["hierophant:Mercenaries","hierophant:PassingBell"],"picked":"hierophant:SecretStash","floor":2},{"not_picked":["hierophant:HammerAndAnvil","hierophant:Doomsaying"],"picked":"hierophant:HolyVerse","floor":6},{"not_picked":["hierophant:FieryStrike","hierophant:SolarFlare"],"picked":"hierophant:HolyVerse","floor":10},{"not_picked":["hierophant:Empathy","hierophant:Martyrdom"],"picked":"hierophant:Zeal","floor":12},{"not_picked":["hierophant:Dazzle","hierophant:Prophecy"],"picked":"hierophant:Rebuild","floor":14}],"player_experience":105366,"relics_obtained":[{"floor":6,"key":"MealTicket"},{"floor":12,"key":"Anchor"}],"event_choices":[{"damage_healed":0,"gold_gain":0,"player_choice":"Donut","damage_taken":0,"max_hp_gain":5,"max_hp_loss":0,"event_name":"Big Fish","floor":3,"gold_loss":0},{"damage_healed":0,"gold_gain":0,"player_choice":"Entered Light","damage_taken":16,"max_hp_gain":0,"max_hp_loss":0,"event_name":"Shining Light","floor":4,"gold_loss":0,"cards_upgraded":["hierophant:Defend_Hierophant","hierophant:OrnateBuckler"]},{"damage_healed":0,"gold_gain":0,"player_choice":"Trade","damage_taken":0,"relics_obtained":["NlothsMask"],"max_hp_gain":0,"max_hp_loss":0,"event_name":"FaceTrader","floor":7,"gold_loss":0},{"damage_healed":20,"gold_gain":0,"player_choice":"Healed","damage_taken":0,"max_hp_gain":0,"max_hp_loss":0,"event_name":"The Cleric","floor":13,"gold_loss":35}],"is_beta":false,"boss_relics":[],"items_purged_floors":[5],"is_endless":false,"potions_floor_spawned":[6,12],"killed_by":"The Guardian","ascension_level":0}}