{"host":"uc8wz0q199a7d901","time":1612409906,"event":{"mods":["2.2 Compatiblity","BaseMod","Colored Map","DeckTracker","Highlight Path","Minty Spire (QoL Compilation)","Permanent Neow","Quick Restart","SuperFastMode"],"gold_per_floor":[111,124,124,141,156,156,188,199,222,52,52,86,161,187,187,260,260,279,295,312,312,327,362,362,375,401,401,435,11,11,39,39,111,111,122,172,189,27,27,27,27,27,27,47,47,47,47,47,47,47,47,47],"floor_reached":51,"language":"KOR","playtime":1608,"items_purged":["Defend_B","Strike_B+1"],"score":1427,"play_id":"8bb671e5-6d1c-4144-a496-7fa2218661c6","local_time":"20210204123826","is_ascension_mode":true,"campfire_choices":[{"data":"Sunder","floor":6.0,"key":"SMITH"},{"floor":11.0,"key":"REST"},{"floor":15.0,"key":"REST"},{"floor":24.0,"key":"REST"},{"data":"Loop","floor":32.0,"key":"SMITH"},{"floor":40.0,"key":"REST"},{"data":"Rainbow","floor":42,"key":"SMITH"},{"floor":46,"key":"RECALL"},{"data":"Buffer","floor":49,"key":"SMITH"}],"circlet_count":0,"master_deck":["AscendersBane","Defend_B+1","Defend_B+1","Zap","Dualcast","Reboot","Sunder+1","Turbo","Streamline","Aggregate","Leap","Cold Snap","Glacier","Beam Cell","Cold Snap","Loop+1","Lockon","Self Repair","Electrodynamics","Ball Lightning+1","Conserve Battery","Core Surge","Capacitor","Go for the Eyes","Multi-Cast","Capacitor","Buffer+1","Rainbow+1","CurseOfTheBell","Stack+1","Coolheaded"],"relics":["Cracked Core","Juzu Bracelet","Dream Catcher","Bronze Scales","Blood Vial","Velvet Choker","White Beast Statue","Akabeko","Pear","Lee\u0027s Waffle","Unceasing Top","Calling Bell","Anchor","HornCleat","WingedGreaves","Incense Burner","OrangePellets"],"acts_visited":["Exordium","TheCity","TheBeyond","TheBeyond"],"potions_floor_usage":[41,50,50],"damage_taken":[{"damage":1.0,"enemies":"2 Louse","floor":1.0,"turns":3.0},{"damage":0.0,"enemies":"Cultist","floor":2.0,"turns":2.0},{"damage":14.0,"enemies":"Jaw Worm","floor":4.0,"turns":4.0},{"damage":0.0,"enemies":"Exordium Wildlife","floor":5.0,"turns":2.0},{"damage":10.0,"enemies":"3 Sentries","floor":7.0,"turns":6.0},{"damage":5.0,"enemies":"2 Fungi Beasts","floor":8.0,"turns":3.0},{"damage":15.0,"enemies":"Gremlin Nob","floor":12.0,"turns":4.0},{"damage":19.0,"enemies":"3 Sentries","floor":14.0,"turns":7.0},{"damage":15.0,"enemies":"The Guardian","floor":16.0,"turns":11.0},{"damage":20.0,"enemies":"Shell Parasite","floor":18.0,"turns":5.0},{"damage":1.0,"enemies":"3 Byrds","floor":19.0,"turns":2.0},{"damage":19.0,"enemies":"Snake Plant","floor":20.0,"turns":4.0},{"damage":11.0,"enemies":"Shelled Parasite and Fungi","floor":22.0,"turns":5.0},{"damage":18.0,"enemies":"Slavers","floor":23.0,"turns":5.0},{"damage":14.0,"enemies":"Chosen and Byrds","floor":25.0,"turns":4.0},{"damage":34.0,"enemies":"Gremlin Leader","floor":28.0,"turns":5.0},{"damage":32.0,"enemies":"Slavers","floor":31.0,"turns":5.0},{"damage":55.0,"enemies":"Collector","floor":33.0,"turns":10.0},{"damage":0.0,"enemies":"Orb Walker","floor":35.0,"turns":3.0},{"damage":30.0,"enemies":"2 Orb Walkers","floor":36.0,"turns":5.0},{"damage":3.0,"enemies":"3 Darklings","floor":37.0,"turns":5.0},{"damage":0,"enemies":"Giant Head","floor":41,"turns":1},{"damage":12,"enemies":"Maw","floor":44,"turns":7},{"damage":65,"enemies":"Time Eater","floor":50,"turns":11},{"damage":52,"enemies":"Donu and Deca","floor":51,"turns":5}],"seed_played":"3855391986962417130","potions_obtained":[{"floor":4.0,"key":"Fire Potion"},{"floor":5.0,"key":"Weak Potion"},{"floor":12.0,"key":"PotionOfCapacity"},{"floor":16.0,"key":"Explosive Potion"},{"floor":18.0,"key":"Fruit Juice"},{"floor":19.0,"key":"Block Potion"},{"floor":22.0,"key":"FocusPotion"},{"floor":25.0,"key":"Fruit Juice"},{"floor":28.0,"key":"Fruit Juice"},{"floor":31.0,"key":"SmokeBomb"},{"floor":33.0,"key":"Energy Potion"},{"floor":44,"key":"EssenceOfSteel"}],"is_trial":false,"path_per_floor":["M","M","?","M","M","R","E","M","T","$","R","E","?","E","R","B",null,"M","M","M","?","M","E","R","M","T","?","E","$","?","E","R","B",null,"M","?","M","$","?","R","E","R","T","M","$","R","?","$","R","B","B"],"character_chosen":"DEFECT","items_purchased":["Glacier","Beam Cell","Lee\u0027s Waffle","Capacitor","LiquidMemories","OrangePellets"],"campfire_rested":4,"item_purchase_floors":[10,10,29,29,29,38],"current_hp_per_floor":[63,63,63,49,49,49,39,34,34,34,55,40,29,10,31,25,60,54,55,38,38,29,20,42,42,42,42,32,103,103,78,78,32,99,101,73,72,72,72,102,103,103,103,98,98,98,98,98,98,42,0,0],"gold":47,"neow_bonus":"ONE_RANDOM_RARE_CARD","is_daily":false,"chose_seed":false,"campfire_upgraded":4,"win_rate":0.0,"timestamp":1612409906,"path_taken":["M","M","?","M","M","R","E","M","T","$","R","E","?","E","R","BOSS","M","M","M","?","M","E","R","M","T","?","E","?","?","E","R","BOSS","M","?","M","$","?","R","E","R","T","M","$","R","?","?","R","BOSS","BOSS"],"items_purchased_type":["Card","Card","Relic","Card","Potion","Relic"],"build_version":"2020-12-22","purchased_purges":2,"victory":false,"max_hp_per_floor":[71,71,71,71,71,71,71,71,71,71,71,71,71,71,71,71,71,76,76,76,76,76,76,76,81,81,81,96,103,103,103,103,103,103,103,103,103,103,103,103,103,103,103,103,103,103,103,103,103,103,103,103],"card_choices":[{"not_picked":["Stack","Hello World"],"picked":"Sunder","floor":1.0},{"not_picked":["Barrage","Streamline"],"picked":"Turbo","floor":2.0},{"not_picked":["Turbo","Storm"],"picked":"Streamline","floor":4.0},{"not_picked":["Reinforced Body","Tempest"],"picked":"Aggregate","floor":5.0},{"not_picked":["Compile Driver","Fusion"],"picked":"Leap","floor":7.0},{"not_picked":["Stack","Melter"],"picked":"Cold Snap","floor":8.0},{"not_picked":["Rebound","Fusion"],"picked":"Cold Snap","floor":11.0},{"not_picked":["BootSequence","Meteor Strike"],"picked":"Loop","floor":12.0},{"not_picked":["Hologram","Hello World"],"picked":"Lockon","floor":14.0},{"not_picked":["Leap","Steam"],"picked":"Self Repair","floor":15.0},{"not_picked":["Meteor Strike","Core Surge"],"picked":"Electrodynamics","floor":16.0},{"not_picked":["Beam Cell","Cold Snap"],"picked":"Ball Lightning+1","floor":18.0},{"not_picked":["Cold Snap+1","Go for the Eyes","Reinforced Body"],"picked":"SKIP","floor":19.0},{"not_picked":["Redo+1","Self Repair"],"picked":"Conserve Battery","floor":20.0},{"not_picked":["Cold Snap+1","Rebound","Rip and Tear"],"picked":"SKIP","floor":22.0},{"not_picked":["Amplify","Compile Driver"],"picked":"Core Surge","floor":23.0},{"not_picked":["Leap","Beam Cell"],"picked":"Capacitor","floor":24.0},{"not_picked":["Turbo","Gash","FTL"],"picked":"SKIP","floor":25.0},{"not_picked":["Rebound","Barrage","Melter"],"picked":"SKIP","floor":28.0},{"not_picked":["Rebound","BootSequence"],"picked":"Buffer","floor":31.0},{"not_picked":["Amplify","Machine Learning"],"picked":"Rainbow","floor":33.0},{"not_picked":["Redo","Compile Driver"],"picked":"Stack+1","floor":35.0},{"not_picked":["Compile Driver","Turbo"],"picked":"Coolheaded","floor":36.0},{"not_picked":["Compile Driver+1","Go for the Eyes","Turbo+1"],"picked":"SKIP","floor":37.0},{"not_picked":["Leap","Steam+1","Skim"],"picked":"SKIP","floor":44}],"player_experience":723825,"relics_obtained":[{"floor":7.0,"key":"Juzu Bracelet"},{"floor":9.0,"key":"Dream Catcher"},{"floor":12.0,"key":"Bronze Scales"},{"floor":14.0,"key":"Blood Vial"},{"floor":23.0,"key":"White Beast Statue"},{"floor":26.0,"key":"Akabeko"},{"floor":28.0,"key":"Pear"},{"floor":31.0,"key":"Unceasing Top"},{"floor":34.0,"key":"Anchor"},{"floor":34.0,"key":"HornCleat"},{"floor":34.0,"key":"WingedGreaves"},{"floor":36.0,"key":"Incense Burner"}],"event_choices":[{"cards_removed":["Strike_B"],"damage_healed":0.0,"max_hp_gain":0.0,"max_hp_loss":0.0,"gold_gain":0.0,"event_name":"Bonfire Elementals","player_choice":"Offered Basic","floor":3.0,"gold_loss":0.0,"damage_taken":0.0},{"damage_healed":0.0,"max_hp_gain":0.0,"max_hp_loss":0.0,"gold_gain":75.0,"event_name":"World of Goop","player_choice":"Gather Gold","floor":13.0,"gold_loss":0.0,"damage_taken":11.0},{"damage_healed":0.0,"max_hp_gain":0.0,"max_hp_loss":0.0,"gold_gain":0.0,"event_name":"Back to Basics","player_choice":"Simplicity","floor":21.0,"gold_loss":0.0,"damage_taken":0.0,"cards_upgraded":["Strike_B","Strike_B","Strike_B","Defend_B","Defend_B","Defend_B"]},{"damage_healed":0.0,"max_hp_gain":0.0,"max_hp_loss":0.0,"gold_gain":0.0,"cards_transformed":["Strike_B","Strike_B"],"event_name":"Drug Dealer","player_choice":"Became Test Subject","floor":27.0,"gold_loss":0.0,"damage_taken":0.0,"cards_obtained":["Go for the Eyes","Multi-Cast"]},{"damage_healed":0.0,"max_hp_gain":0.0,"max_hp_loss":0.0,"gold_gain":0.0,"event_name":"Cursed Tome","player_choice":"Ignored","floor":30.0,"gold_loss":0.0,"damage_taken":0.0},{"damage_healed":0.0,"max_hp_gain":0.0,"max_hp_loss":0.0,"gold_gain":0.0,"event_name":"Mysterious Sphere","player_choice":"Fight","floor":36.0,"gold_loss":0.0,"damage_taken":0.0},{"damage_healed":0.0,"max_hp_gain":0.0,"max_hp_loss":0.0,"gold_gain":0.0,"event_name":"SecretPortal","player_choice":"Ignored","floor":39.0,"gold_loss":0.0,"damage_taken":0.0},{"cards_removed":["Defend_B"],"damage_healed":0,"gold_gain":0,"player_choice":"Purged","damage_taken":0,"max_hp_gain":0,"max_hp_loss":0,"event_name":"Purifier","floor":47,"gold_loss":0}],"is_beta":false,"boss_relics":[{"not_picked":["Philosopher\u0027s Stone","Ectoplasm"],"picked":"Velvet Choker"},{"not_picked":["Sozu","FrozenCore"],"picked":"Calling Bell"}],"items_purged_floors":[10,29],"is_endless":false,"potions_floor_spawned":[4,5,12,16,18,19,22,25,28,31,33,35,36,37,41,44],"killed_by":"Donu and Deca","ascension_level":20}}