{"host":"osk2oboccoevp2u5","time":1612462920,"event":{"mods":["AchievementEnabler","Alarm Clock","BaseMod","Colored Powertips","Disable Question Mark Monsters","Displayed Cursed Tome","Key Reminder","Minty Spire (QoL Compilation)","Potion Indicator Mod","Quick Restart","Rare Cards Sparkle","Reorder Act Four","StSLib","The Bug Knight","Useless Jewels Mod"],"gold_per_floor":[111,128,53,73,85,110,158,158,232,259,259,272,290,306,306,401,401,419,404,404,404],"floor_reached":20,"language":"ENG","playtime":1671,"items_purged":[],"score":178,"play_id":"20964186-bf9f-4f92-a6d4-d555b22d138c","local_time":"20210204142200","is_ascension_mode":false,"campfire_choices":[{"data":"HollowMod:FocusHealStart","floor":8,"key":"SMITH"},{"floor":11,"key":"REST"},{"data":"HollowMod:DoubleDash","floor":15,"key":"SMITH"}],"circlet_count":0,"master_deck":["HollowMod:NailStrikeStart","HollowMod:NailStrikeStart","HollowMod:QuickDashStart","HollowMod:QuickDashStart","HollowMod:QuickDashStart","HollowMod:QuickDashStart","HollowMod:FocusHealStart+1","HollowMod:PogoStrike","HollowMod:DescendingDark","HollowMod:HeavyBlow","HollowMod:WraithStrike","HollowMod:RecoilStrike","HollowMod:DoubleDash+1","HollowMod:VoidDash","HollowMod:SharpenedShadows"],"relics":["HollowMod:VesselMask","Akabeko","Lantern","HollowMod:MantisClawRelic","Ancient Tea Set","Empty Cage"],"acts_visited":["Exordium","TheCity"],"potions_floor_usage":[16,16,16],"damage_taken":[{"damage":1,"enemies":"Jaw Worm","floor":1,"turns":3},{"damage":0,"enemies":"Small Slimes","floor":2,"turns":2},{"damage":1,"enemies":"2 Louse","floor":4,"turns":2},{"damage":16,"enemies":"Large Slime","floor":5,"turns":9},{"damage":51,"enemies":"Lagavulin","floor":10,"turns":7},{"damage":0,"enemies":"Exordium Thugs","floor":12,"turns":2},{"damage":0,"enemies":"Lots of Slimes","floor":13,"turns":1},{"damage":3,"enemies":"Blue Slaver","floor":14,"turns":3},{"damage":60,"enemies":"The Guardian","floor":16,"turns":20},{"damage":1,"enemies":"Chosen","floor":18,"turns":4},{"damage":5,"enemies":"2 Thieves","floor":19,"turns":4},{"damage":50,"enemies":"Centurion and Healer","floor":20,"turns":19}],"seed_played":"-4148837710204013893","potions_obtained":[{"floor":2,"key":"GamblersBrew"},{"floor":10,"key":"Energy Potion"},{"floor":14,"key":"SkillPotion"},{"floor":16,"key":"Strength Potion"}],"is_trial":false,"path_per_floor":["M","M","?","M","M","T","T","R","T","E","R","M","M","M","R","B",null,"M","M","M"],"character_chosen":"THE_BUGKNIGHT","items_purchased":[],"campfire_rested":1,"item_purchase_floors":[],"current_hp_per_floor":[81,81,86,85,77,77,77,77,77,38,64,70,70,67,67,19,87,86,87,49,49],"gold":404,"neow_bonus":"TEN_PERCENT_HP_BONUS","is_daily":false,"chose_seed":false,"campfire_upgraded":2,"win_rate":0.0,"timestamp":1612462920,"path_taken":["M","M","?","M","M","?","?","R","T","E","R","M","M","M","R","BOSS","M","M","M"],"items_purchased_type":[],"build_version":"2020-12-22","purchased_purges":0,"victory":false,"max_hp_per_floor":[82,82,87,87,87,87,87,87,87,87,87,87,87,87,87,87,87,87,87,87,87],"card_choices":[{"not_picked":["HollowMod:CycloneSlash","HollowMod:CrystalDash"],"picked":"HollowMod:DescendingDark","floor":1},{"not_picked":["HollowMod:SoulEater","HollowMod:SoulSplash"],"picked":"HollowMod:HeavyBlow","floor":2},{"not_picked":["HollowMod:PerfectDash","HollowMod:SoulMaster","HollowMod:NewLittleFool"],"picked":"SKIP","floor":4},{"not_picked":["HollowMod:CloakDash","HollowMod:MantisMark"],"picked":"HollowMod:WraithStrike","floor":5},{"not_picked":["HollowMod:DreamGate","HollowMod:SoulStrike"],"picked":"HollowMod:RecoilStrike","floor":10},{"not_picked":["HollowMod:BaldurShell","HollowMod:HeavyBlow"],"picked":"HollowMod:DoubleDash","floor":12},{"not_picked":["HollowMod:TaintedHusks","HollowMod:SoulEater","HollowMod:AbyssShriek"],"picked":"SKIP","floor":13},{"not_picked":["HollowMod:CycloneSlash","HollowMod:SiblingsSouls","HollowMod:HuntersJournal"],"picked":"SKIP","floor":14},{"not_picked":["HollowMod:Weaversong","HollowMod:SlysStrikes"],"picked":"HollowMod:VoidDash","floor":16},{"not_picked":["HollowMod:NewLittleFool","HollowMod:FallenFury","HollowMod:VengefulSpirit+1"],"picked":"SKIP","floor":18},{"not_picked":["HollowMod:InfectedAttack","HollowMod:SoulShaman"],"picked":"HollowMod:SharpenedShadows","floor":19}],"player_experience":927518,"relics_obtained":[{"floor":6,"key":"Akabeko"},{"floor":7,"key":"Lantern"},{"floor":9,"key":"HollowMod:MantisClawRelic"},{"floor":10,"key":"Ancient Tea Set"}],"event_choices":[],"is_beta":false,"boss_relics":[{"not_picked":["Velvet Choker","Cursed Key"],"picked":"Empty Cage"}],"items_purged_floors":[],"is_endless":false,"potions_floor_spawned":[2,10,14,16],"killed_by":"Centurion and Healer","ascension_level":0}}