{"host":"27tk4xseidcli2mr","time":1612466550,"event":{"mods":["2.2 Compatiblity","AchievementEnabler","Aspiration","BaseMod","Better Third Choice","Conspire","Custom Start","Downfall","GungeonMod","Hubris","Infinite Spire","Jorbs\u0027s Wanderer Trilogy","Minty Spire (QoL Compilation)","Replay The Spire","StSLib","SuperFastMode","[IsaacMod]????"],"gold_per_floor":[116,128,140,140,140,171,171,171,171,197,197,26,40,72,72,148,148,161,161,161,133,151,182,182,199,224,224,254,14,24,56,56,135,135,155,167,183,183,202,202,239,239,264,305,305,376,417,438,438,516,597,597,600,675,575,580,317,317,323,323,350,377,377,377,399,407,407,363,363,368,368,391,137,148,148,144,140,140,140,167,167,179,179,179,122,122,129,129,154,136,136,136,124,124],"floor_reached":93,"language":"ENG","playtime":5478,"items_purged":["Strike_B","Strike_B","Defend_B","Defend_B","Self Repair"],"score":3531,"play_id":"f4ae035a-1307-47bc-bc48-e522b03ca3d0","local_time":"20210204202230","is_ascension_mode":true,"campfire_choices":[{"data":"Strike_B","floor":8.0,"key":"PURGE"},{"data":"Defend_B","floor":11.0,"key":"PURGE"},{"data":"ReplayTheSpireMod:Calculation Training","floor":15.0,"key":"SMITH"},{"data":"Strike_B","floor":24.0,"key":"PURGE"},{"data":"Tempest","floor":27.0,"key":"SMITH"},{"data":"Defend_B","floor":32.0,"key":"PURGE"},{"data":"Echo Form","floor":40.0,"key":"SMITH"},{"data":"infinitespire:TheBestDefense","floor":49.0,"key":"SMITH"},{"data":"ReplayTheSpireMod:Reroute Power","floor":58.0,"key":"SMITH"},{"data":"Rainbow","floor":60.0,"key":"SMITH"},{"data":"infinitespire:FutureSight","floor":64.0,"key":"SMITH"},{"data":"Gash","floor":67.0,"key":"PURGE"},{"data":"Electrodynamics","floor":75.0,"key":"SMITH"},{"data":"infinitespire:Collect","floor":84.0,"key":"SMITH"},{"data":"infinitespire:TheBestDefense","floor":92,"key":"SMITH"}],"circlet_count":0,"master_deck":["AscendersBane","Zap","Dualcast","Glacier","ReplayTheSpireMod:Calculation Training+1","Coolheaded","Coolheaded","Core Surge","Chill","Thunder Strike","Rainbow+1","Cold Snap","infinitespire:NeuralNetwork","Core Surge","Tempest+1","Storm","Glacier","Crystallizer","Ball Lightning","infinitespire:TheBestDefense+1","Echo Form+1","Replay:Bootleg Shield Generator","Mirror Shield","Electrodynamics+1","ReplayTheSpireMod:Reroute Power+1","Ghostly","infinitespire:FutureSight+1","FIFO Queue","infinitespire:TheBestDefense+1","infinitespire:Collect+1","Buffer","Echo Form","infinitespire:Collect","ReplayRNGCard"],"relics":["Cracked Core","HushsDoor","YumHeart","NeowsBlessing","Peace Pipe","hubris:EvacipatedBox","Pear","Bronze Scales","DemoMod:BlueGuonStone","Blue Candle","aspiration:Nostalgia","Replay:M_StaffOfTheSnake","aspiration:ChemicalBlood","SlaversCollar","Pondfish Scales","hubris:SoftwareUpdate","conspire:TopHat","MealTicket","Strange Spoon","Replay:Bandana","SacredBark","hubris:OldNail","Pen Nib","aspiration:EnhancedActuators","Replay:Rubber Ducky","aspiration:FetidBarrel","Replay:WaspNest","aspiration:Stellarator","Replay:Antivirus Software","infinitespire:EmpoweringShard","hubris:HerbalPaste","hubris:Potato","MutagenicStrength","Red Mask","Lee\u0027s Waffle","SharpPlug","Symbiotic Virus","aspiration:Stabinomicon","Torii","conspire:SpecialSausage","aspiration:RunicSpoon","Incense Burner"],"acts_visited":["Exordium","TheCity","TheBeyond","Exordium","TheCity","TheBeyond"],"potions_floor_usage":[],"damage_taken":[{"damage":0.0,"enemies":"infinitespire:Voidling","floor":1.0,"turns":1.0},{"damage":0.0,"enemies":"Small Slimes","floor":2.0,"turns":1.0},{"damage":0.0,"enemies":"Cultist","floor":3.0,"turns":1.0},{"damage":3.0,"enemies":"Replay:BlueRogue","floor":6.0,"turns":15.0},{"damage":31.0,"enemies":"Gremlin Nob","floor":10.0,"turns":8.0},{"damage":3.0,"enemies":"Exordium Thugs","floor":13.0,"turns":6.0},{"damage":1.0,"enemies":"3 Sentries","floor":14.0,"turns":12.0},{"damage":9.0,"enemies":"Hexaghost","floor":16.0,"turns":15.0},{"damage":1.0,"enemies":"3 Byrds","floor":18.0,"turns":3.0},{"damage":0.0,"enemies":"2 Thieves","floor":21.0,"turns":4.0},{"damage":1.0,"enemies":"Snecko","floor":22.0,"turns":6.0},{"damage":0.0,"enemies":"Nightmare","floor":23.0,"turns":9.0},{"damage":0.0,"enemies":"Shelled Parasite and Fungi","floor":25.0,"turns":1.0},{"damage":0.0,"enemies":"conspire:SneckoGhost","floor":28.0,"turns":7.0},{"damage":1.0,"enemies":"Chosen and Byrds","floor":30.0,"turns":5.0},{"damage":4.0,"enemies":"Book of Stabbing","floor":31.0,"turns":5.0},{"damage":0.0,"enemies":"Collector","floor":33.0,"turns":16.0},{"damage":32.0,"enemies":"3 Darklings","floor":35.0,"turns":7.0},{"damage":2.0,"enemies":"Orb Walker","floor":36.0,"turns":4.0},{"damage":36.0,"enemies":"Transient","floor":37.0,"turns":6.0},{"damage":32.0,"enemies":"Jaw Worm Horde","floor":39.0,"turns":5.0},{"damage":13.0,"enemies":"Nemesis","floor":41.0,"turns":5.0},{"damage":11.0,"enemies":"Giant Head","floor":44.0,"turns":6.0},{"damage":7.0,"enemies":"Nemesis","floor":47.0,"turns":6.0},{"damage":9.0,"enemies":"3 Darklings","floor":48.0,"turns":6.0},{"damage":8.0,"enemies":"Awakened One","floor":50.0,"turns":11.0},{"damage":16.0,"enemies":"Time Eater","floor":51.0,"turns":13.0},{"damage":0.0,"enemies":"Cultist","floor":53.0,"turns":4.0},{"damage":0.0,"enemies":"Small Slimes","floor":56.0,"turns":2.0},{"damage":0.0,"enemies":"conspire:RoseBush","floor":59.0,"turns":2.0},{"damage":0.0,"enemies":"Gremlin Nob","floor":62.0,"turns":3.0},{"damage":2.0,"enemies":"Lagavulin","floor":65.0,"turns":3.0},{"damage":0.0,"enemies":"Gremlin Gang","floor":66.0,"turns":3.0},{"damage":79.0,"enemies":"Delirium","floor":68.0,"turns":21.0},{"damage":14.0,"enemies":"Shell Parasite","floor":70.0,"turns":4.0},{"damage":0.0,"enemies":"Masked Bandits","floor":72.0,"turns":3.0},{"damage":0.0,"enemies":"3 Byrds","floor":74.0,"turns":2.0},{"damage":0.0,"enemies":"3 Cultists","floor":76.0,"turns":5.0},{"damage":0.0,"enemies":"Snecko","floor":77.0,"turns":4.0},{"damage":0.0,"enemies":"Slavers","floor":80.0,"turns":3.0},{"damage":0.0,"enemies":"Book of Stabbing","floor":82.0,"turns":5.0},{"damage":7.0,"enemies":"Delirium","floor":85.0,"turns":20.0},{"damage":0.0,"enemies":"Orb Walker","floor":87.0,"turns":2.0},{"damage":1.0,"enemies":"infinitespire:Three Voidlings","floor":89.0,"turns":4.0},{"damage":3.0,"enemies":"Nightmare_Alpha","floor":89.0,"turns":10.0},{"damage":42,"enemies":"3 Darklings","floor":90,"turns":6},{"damage":0,"enemies":"Nemesis","floor":93,"turns":3}],"seed_played":"8498392141439936196","potions_obtained":[{"floor":1.0,"key":"SkillPotion"},{"floor":14.0,"key":"PotionOfCapacity"},{"floor":23.0,"key":"SteroidPotion"},{"floor":30.0,"key":"FocusPotion"},{"floor":37.0,"key":"Fruit Juice"},{"floor":39.0,"key":"BlessingOfTheForge"},{"floor":50.0,"key":"Weak Potion"},{"floor":56.0,"key":"Ancient Potion"},{"floor":62.0,"key":"SpeedPotion"},{"floor":68.0,"key":"AttackPotion"},{"floor":70.0,"key":"Dexterity Potion"},{"floor":74.0,"key":"Strength Potion"},{"floor":80.0,"key":"Dexterity Potion"},{"floor":82.0,"key":"EssenceOfSteel"},{"floor":87.0,"key":"SteroidPotion"},{"floor":90,"key":"PowerPotion"}],"is_trial":false,"path_per_floor":["M","M","M","?","$","E","T","R","T","E","R","$","M","E","R","B",null,"M","AVR","?","M","M","NM","R","M","T","R","E","$","M","E","R","B",null,"M","M","M","AVR","M","R","E","?","T","E","?","T","E","M","R","B","B",null,"M","?","?","M","$","R","M","R","T","E","AVR","R","E","M","R","B",null,"M","?","?","$","M","R","M","M","T","T","E","?","E","AVR","R","B",null,"M","$","?","M","?","R","E"],"character_chosen":"DEFECT","items_purchased":["Peace Pipe","hubris:EvacipatedBox","aspiration:Nostalgia","Rainbow","Strange Spoon","Replay:Antivirus Software","Lee\u0027s Waffle","FIFO Queue","Echo Form"],"campfire_rested":0,"item_purchase_floors":[5,5,12,17,29,57,73,73,86],"current_hp_per_floor":[64,64,64,64,26,58,58,58,58,27,27,27,24,23,23,14,68,67,67,67,67,66,73,73,73,73,73,78,78,78,78,78,78,78,53,58,54,64,39,39,33,33,33,29,54,54,54,52,52,51,42,77,77,66,66,73,88,88,88,88,88,88,88,88,86,88,88,35,75,67,67,72,95,95,95,95,95,95,95,95,71,77,77,77,76,88,91,92,89,51,51,51,56,56],"gold":124,"neow_bonus":"THREE_ENEMY_KILL","is_daily":false,"chose_seed":false,"campfire_upgraded":10,"win_rate":0.0,"timestamp":1612466550,"path_taken":["M","M","?","?","?","E","?","R","T","E","R","?","?","E","R","BOSS","M","AVR","?","M","M","NM","R","?","T","R","E","$","M","E","R","BOSS","M","M","M","AVR","M","R","E","?","T","E","?","?","E","?","R","BOSS","BOSS","M","?","?","M","$","R","M","R","T","E","AVR","R","E","M","R","BOSS","M","?","?","?","M","R","M","?","T","?","E","?","E","AVR","R","BOSS","M","$","?","?","?","R","E"],"items_purchased_type":["Relic","Relic","Relic","Card","Relic","Relic","Relic","Card","Card"],"build_version":"2020-12-22","purchased_purges":5,"victory":false,"max_hp_per_floor":[71,71,71,71,71,81,81,81,81,81,81,81,81,81,81,81,78,78,78,78,78,78,78,78,78,78,78,78,78,78,78,78,78,78,78,78,78,88,88,88,88,88,88,88,88,88,88,88,88,88,88,88,88,88,88,88,88,88,88,88,88,88,88,88,88,88,88,88,88,88,88,88,95,95,95,95,95,95,95,95,95,95,95,95,95,92,92,92,92,92,92,92,92,92],"card_choices":[{"not_picked":["Aggregate","Redo"],"picked":"Glacier","floor":1.0},{"not_picked":["Machine Learning","Streamline"],"picked":"ReplayTheSpireMod:Calculation Training","floor":2.0},{"not_picked":["Chaos","ReplayGash"],"picked":"Coolheaded","floor":3.0},{"not_picked":["Sweeping Beam","Rebound"],"picked":"Coolheaded","floor":6.0},{"not_picked":["Conserve Battery","Gash"],"picked":"Core Surge","floor":10.0},{"not_picked":["Dagger Throw","Acrobatics"],"picked":"Chill","floor":13.0},{"not_picked":["Steam","ReplaySolidLightProjector","ClearTheMind"],"picked":"SKIP","floor":14.0},{"not_picked":["Night Terror","Glass Knife"],"picked":"Thunder Strike","floor":16.0},{"not_picked":["Redo","Compile Driver"],"picked":"Cold Snap","floor":18.0},{"not_picked":["Stack","Scrape"],"picked":"Core Surge","floor":21.0},{"not_picked":["Predator","Leap"],"picked":"Self Repair","floor":22.0},{"not_picked":["infinitespire:Fortify","ReplayTheSpireMod:Chaos Vortex"],"picked":"infinitespire:SealOfDarkness+","floor":23.0},{"not_picked":["Masterful Stab+1","Panic Button"],"picked":"Tempest","floor":23.0},{"not_picked":["Aggregate","Static Discharge"],"picked":"Storm","floor":25.0},{"not_picked":["Flying Knee+1","Outmaneuver","Setup"],"picked":"SKIP","floor":28.0},{"not_picked":["Aggregate","hubris:PowerSurge","Fusion+1"],"picked":"SKIP","floor":30.0},{"not_picked":["hubris:DoWhile","Steam Power"],"picked":"Glacier","floor":31.0},{"not_picked":["BasicCrystalCard","conspire:Rain"],"picked":"Crystallizer","floor":35.0},{"not_picked":["Hologram","ReplayTheSpireMod:Repulse"],"picked":"Ball Lightning","floor":36.0},{"not_picked":["Compile Driver","Lockon","Turbo"],"picked":"SKIP","floor":37.0},{"not_picked":["Go for the Eyes+1","FIFO Queue+1"],"picked":"Echo Form","floor":39.0},{"not_picked":["Scrape","ReplayTheSpireMod:Repulse+1","Multi-Cast"],"picked":"SKIP","floor":41.0},{"not_picked":["Replay:BasicMightCard","Bandage Up"],"picked":"Replay:Bootleg Shield Generator","floor":42.0},{"not_picked":["Glacier","Sunder","Barrage"],"picked":"SKIP","floor":44.0},{"not_picked":["ReplayTheSpireMod:GoodbyeWorld","Leap+1","Compile Driver"],"picked":"SKIP","floor":47.0},{"not_picked":["Tempest","ThirdEye","Sweeping Beam"],"picked":"SKIP","floor":48.0},{"not_picked":["Phantasmal Killer","Machine Learning"],"picked":"Mirror Shield","floor":50.0},{"not_picked":["Reboot","Amplify"],"picked":"Electrodynamics","floor":51.0},{"not_picked":["Sweeping Beam","Doom and Gloom"],"picked":"ReplayTheSpireMod:Reroute Power","floor":53.0},{"not_picked":["ReplayTheSpireMod:Dual Polarity","Cold Snap"],"picked":"Gash","floor":56.0},{"not_picked":["Hologram","Panic Button","Stack"],"picked":"SKIP","floor":59.0},{"not_picked":["ReplayGash","Scrape","Compile Driver"],"picked":"SKIP","floor":62.0},{"not_picked":["Redo","Conserve Battery","Hologram"],"picked":"SKIP","floor":65.0},{"not_picked":["Go for the Eyes","Turbo","Stack"],"picked":"SKIP","floor":66.0},{"not_picked":["Steam Power","Rebound","Turbo"],"picked":"SKIP","floor":70.0},{"not_picked":["ReplaySort","Doom and Gloom","Conserve Battery"],"picked":"SKIP","floor":74.0},{"not_picked":["Leap","ReplayTheSpireMod:System Scan","Panic Button"],"picked":"SKIP","floor":76.0},{"not_picked":["Sweeping Beam","Fan","ReplayGash"],"picked":"SKIP","floor":77.0},{"not_picked":["Beam Cell","Cancel","Stack"],"picked":"SKIP","floor":80.0},{"not_picked":["infinitespire:Punishment","infinitespire:NeuralNetwork"],"picked":"infinitespire:TheBestDefense","floor":81.0},{"not_picked":["Coolheaded+1","Steam+1","Reinforced Body"],"picked":"SKIP","floor":82.0},{"not_picked":["Biased Cognition","Wraith Form v2"],"picked":"Buffer","floor":85.0},{"not_picked":["ReplayTheSpireMod:Echoes of Time","infinitespire:SealOfDarkness+"],"picked":"infinitespire:Collect","floor":86.0},{"not_picked":["Flying Knee","Cold Snap+1","Sunder"],"picked":"SKIP","floor":87.0},{"not_picked":["Redo","Beam Cell"],"picked":"ReplayRNGCard","floor":89},{"not_picked":["Blizzard","Glacier","ReplayTheSpireMod:Dual Polarity"],"picked":"SKIP","floor":90}],"player_experience":1324947,"relics_obtained":[{"floor":6.0,"key":"Pear"},{"floor":7.0,"key":"Bronze Scales"},{"floor":9.0,"key":"DemoMod:BlueGuonStone"},{"floor":10.0,"key":"Blue Candle"},{"floor":14.0,"key":"aspiration:ChemicalBlood"},{"floor":23.0,"key":"hubris:SoftwareUpdate"},{"floor":26.0,"key":"conspire:TopHat"},{"floor":28.0,"key":"MealTicket"},{"floor":31.0,"key":"Replay:Bandana"},{"floor":41.0,"key":"Pen Nib"},{"floor":43.0,"key":"aspiration:EnhancedActuators"},{"floor":44.0,"key":"Replay:Rubber Ducky"},{"floor":46.0,"key":"aspiration:FetidBarrel"},{"floor":47.0,"key":"Replay:WaspNest"},{"floor":62.0,"key":"infinitespire:EmpoweringShard"},{"floor":65.0,"key":"hubris:Potato"},{"floor":72.0,"key":"Red Mask"},{"floor":79.0,"key":"SharpPlug"},{"floor":80.0,"key":"Symbiotic Virus"},{"floor":82.0,"key":"aspiration:Stabinomicon"},{"floor":89,"key":"Incense Burner"}],"event_choices":[{"damage_healed":0.0,"max_hp_gain":0.0,"max_hp_loss":0.0,"gold_gain":0.0,"event_name":"SensoryStone","player_choice":"Memory 1","floor":42.0,"gold_loss":0.0,"damage_taken":0.0},{"damage_healed":0.0,"max_hp_gain":0.0,"max_hp_loss":0.0,"gold_gain":75.0,"event_name":"betterThird:BetterGoop","player_choice":"Gold","floor":54.0,"gold_loss":0.0,"damage_taken":11.0},{"damage_healed":0.0,"max_hp_gain":0.0,"max_hp_loss":0.0,"gold_gain":0.0,"event_name":"conspire:LoneGhost","player_choice":"Argue","floor":55.0,"gold_loss":0.0,"damage_taken":0.0},{"damage_healed":0.0,"max_hp_gain":0.0,"max_hp_loss":0.0,"gold_gain":0.0,"event_name":"Drug Dealer","player_choice":"Inject Mutagens","floor":71.0,"gold_loss":0.0,"damage_taken":0.0,"relics_obtained":["MutagenicStrength"]},{"damage_healed":0.0,"max_hp_gain":0.0,"max_hp_loss":0.0,"gold_gain":0.0,"event_name":"Masked Bandits","player_choice":"Fought Bandits","floor":72.0,"gold_loss":0.0,"damage_taken":0.0}],"is_beta":false,"boss_relics":[{"not_picked":["Velvet Choker","Cursed Key","aspiration:FutureDiary"],"picked":"SlaversCollar"},{"not_picked":[]},{"not_picked":["bronze:MakeshiftBattery","Snecko Eye","Busted Crown"],"picked":"SacredBark"},{"not_picked":[]},{"not_picked":["Black Star","Honey Jar","Philosopher\u0027s Stone"],"picked":"aspiration:Stellarator"},{"not_picked":[]},{"not_picked":["Runic Dome","aspiration:RitualDagger","Replay:Wanted Poster","Calling Bell"]},{"not_picked":["Fusion Hammer","ReplayTheSpireMod:SealedPack","Coffee Dripper"],"picked":"aspiration:RunicSpoon"},{"not_picked":[]}],"items_purged_floors":[19,29,38,57,63],"is_endless":true,"potions_floor_spawned":[1,14,23,28,30,36,37,39,48,50,56,62,65,70,74,80,82,87,89],"killed_by":"Nemesis","ascension_level":20}}