{"host":"xumidyqji6pg2yy3","time":1612453246,"event":{"mods":["BaseMod","Minty Spire (QoL Compilation)","StSLib","The Animator"],"gold_per_floor":[118,43,59,84,159,159,59,59,59,79,79,90,107,125,125,224,224,248,123,123,142,95,95,95,113,113,212,212,212,212,223,223,319,319,333,333,101,112,128,128,128,128,128,138,138,175,194,194,194,194,194],"floor_reached":50,"language":"ZHS","playtime":3991,"items_purged":["animator:Strike","animator:Strike","animator:Strike","animator:Strike_MadokaMagica"],"score":534,"play_id":"8feef5ca-89a0-4514-9225-25aa97064774","local_time":"20210204234046","is_ascension_mode":false,"campfire_choices":[{"data":"animator:KyokoSakura","floor":6.0,"key":"SMITH"},{"data":"animator:IrohaTamaki","floor":8.0,"key":"SMITH"},{"data":"animator:Walpurgisnacht","floor":11.0,"key":"SMITH"},{"data":"animator:Caster","floor":15.0,"key":"SMITH"},{"data":"animator:IrohaTamaki","floor":23.0,"key":"SMITH"},{"floor":29.0,"key":"REST"},{"data":"animator:SuzuneAmano","floor":32.0,"key":"SMITH"},{"floor":41.0,"key":"REST"},{"floor":45.0,"key":"REST"},{"floor":49,"key":"REST"}],"circlet_count":0,"master_deck":["animator:Defend_MadokaMagica","animator:Defend","animator:Defend","animator:Defend","animator:IrohaTamaki+1","animator:YuiTsuruno","animator:KyokoSakura+1","animator:Walpurgisnacht+1","animator:Caster+1","animator:NagisaMomoe","animator:NarberalGamma+1","animator:IrohaTamaki+1","animator:Eve","animator:Arpeggio","animator:HigakiRinne","animator:OrikoMikuni"],"relics":["animator:LivingPicture","animator:TheMissingPiece","NeowsBlessing","Bottled Flame","animator:CursedGlyph","Busted Crown","CloakClasp","Akabeko","Pear","Sozu","Ornamental Fan","Bottled Tornado"],"acts_visited":["Exordium","TheCity","TheBeyond"],"potions_floor_usage":[],"damage_taken":[{"damage":0.0,"enemies":"Cultist","floor":1.0,"turns":1.0},{"damage":0.0,"enemies":"Small Slimes","floor":3.0,"turns":1.0},{"damage":0.0,"enemies":"Jaw Worm","floor":4.0,"turns":1.0},{"damage":0.0,"enemies":"Exordium Thugs","floor":10.0,"turns":4.0},{"damage":6.0,"enemies":"Exordium Wildlife","floor":12.0,"turns":3.0},{"damage":5.0,"enemies":"3 Louse","floor":13.0,"turns":3.0},{"damage":8.0,"enemies":"2 Fungi Beasts","floor":14.0,"turns":3.0},{"damage":7.0,"enemies":"Hexaghost","floor":16.0,"turns":7.0},{"damage":13.0,"enemies":"2 Thieves","floor":18.0,"turns":3.0},{"damage":6.0,"enemies":"Chosen","floor":21.0,"turns":4.0},{"damage":35.0,"enemies":"Shelled Parasite and Fungi","floor":25.0,"turns":5.0},{"damage":11.0,"enemies":"Sentry and Sphere","floor":31.0,"turns":4.0},{"damage":0.0,"enemies":"Champ","floor":33.0,"turns":6.0},{"damage":0.0,"enemies":"3 Shapes","floor":35.0,"turns":3.0},{"damage":46.0,"enemies":"3 Darklings","floor":38.0,"turns":4.0},{"damage":7.0,"enemies":"Maw","floor":39.0,"turns":5.0},{"damage":0.0,"enemies":"Transient","floor":44.0,"turns":5.0},{"damage":16,"enemies":"Writhing Mass","floor":46,"turns":3},{"damage":0,"enemies":"Sphere and 2 Shapes","floor":47,"turns":5},{"damage":65,"enemies":"Time Eater","floor":50,"turns":6}],"seed_played":"-3848957348214373432","potions_obtained":[{"floor":1.0,"key":"Dexterity Potion"},{"floor":12.0,"key":"SmokeBomb"},{"floor":13.0,"key":"SneckoOil"},{"floor":16.0,"key":"DistilledChaos"},{"floor":21.0,"key":"GamblersBrew"},{"floor":31.0,"key":"AttackPotion"}],"is_trial":false,"path_per_floor":["M","$","M","M","?","R","$","R","T","M","R","M","M","M","R","B",null,"M","$","?","M","$","R","T","M","T","?","?","R","?","M","R","B",null,"M","?","$","M","M","?","R","T","T","M","R","M","M","?","R","B"],"character_chosen":"THE_ANIMATOR","items_purchased":["animator:IrohaTamaki","animator:Arpeggio"],"campfire_rested":4,"item_purchase_floors":[22,37],"current_hp_per_floor":[66,66,66,66,60,60,60,60,60,60,60,54,49,41,41,35,63,50,50,50,44,44,44,44,9,9,9,19,40,40,30,30,30,74,74,74,74,28,21,12,34,34,34,34,56,40,40,40,62,0,0],"gold":194,"neow_bonus":"THREE_ENEMY_KILL","is_daily":false,"chose_seed":false,"campfire_upgraded":6,"win_rate":0.0,"timestamp":1612453246,"path_taken":["M","$","?","M","?","R","?","R","T","M","R","M","?","M","R","BOSS","M","$","?","M","?","R","?","M","T","?","?","R","?","M","R","BOSS","M","?","?","?","M","?","R","?","T","M","R","M","M","?","R","BOSS"],"items_purchased_type":["Card","Card"],"build_version":"2020-12-22","purchased_purges":4,"victory":false,"max_hp_per_floor":[66,66,66,66,66,66,66,66,66,62,62,62,62,62,62,63,63,63,63,63,63,63,63,63,63,63,63,73,73,73,74,74,74,74,74,74,74,74,74,74,74,74,74,74,74,74,74,74,74,74,74],"card_choices":[{"not_picked":["animator:Ciel","animator:Verdia","animator:Alexander"],"picked":"SKIP","floor":1.0},{"not_picked":["animator:Assassin","animator:YuiTsuruno","animator:Laby"],"picked":"SKIP","floor":3.0},{"not_picked":["animator:Shalltear","animator:Ara"],"picked":"animator:KyokoSakura","floor":4.0},{"not_picked":["animator:KyokoSakura","animator:YachiyoNanami"],"picked":"animator:Walpurgisnacht","floor":10.0},{"not_picked":["animator:Ciel","animator:EmiyaShirou"],"picked":"animator:Caster","floor":12.0},{"not_picked":["animator:Mitsurugi","animator:WinryRockbell","animator:Megumin"],"picked":"SKIP","floor":13.0},{"not_picked":["animator:Laby","animator:Rider","animator:EmiyaShirou"],"picked":"SKIP","floor":14.0},{"not_picked":["animator:Envy","animator:Wiz"],"picked":"animator:HomuraAkemi","floor":16.0},{"not_picked":[],"picked":"animator:NagisaMomoe","floor":18.0},{"not_picked":[],"picked":"animator:NarberalGamma+1","floor":21.0},{"not_picked":["animator:EmiyaShirou"],"picked":"SKIP","floor":25.0},{"not_picked":[],"picked":"animator:SuzuneAmano","floor":31.0},{"not_picked":[],"picked":"animator:Eve","floor":33.0},{"not_picked":["animator:Verdia"],"picked":"SKIP","floor":38.0},{"not_picked":["animator:MaesHughes"],"picked":"SKIP","floor":39.0},{"not_picked":["animator:NarberalGamma"],"picked":"SKIP","floor":44.0},{"not_picked":[],"picked":"animator:OrikoMikuni","floor":46},{"not_picked":["animator:Shalltear"],"picked":"SKIP","floor":47}],"player_experience":92962,"relics_obtained":[{"floor":9.0,"key":"Bottled Flame"},{"floor":10.0,"key":"animator:CursedGlyph"},{"floor":24.0,"key":"CloakClasp"},{"floor":26.0,"key":"Akabeko"},{"floor":42.0,"key":"Ornamental Fan"},{"floor":43.0,"key":"Bottled Tornado"}],"event_choices":[{"damage_healed":0.0,"max_hp_gain":0.0,"max_hp_loss":0.0,"gold_gain":75.0,"event_name":"FaceTrader","player_choice":"Touch","floor":5.0,"gold_loss":0.0,"damage_taken":6.0},{"damage_healed":0.0,"max_hp_gain":0.0,"max_hp_loss":0.0,"gold_gain":0.0,"event_name":"NoteForYourself","player_choice":"Ignored","floor":20.0,"gold_loss":0.0,"damage_taken":0.0},{"damage_healed":0.0,"max_hp_gain":0.0,"max_hp_loss":0.0,"gold_gain":99.0,"event_name":"Nest","player_choice":"Stole From Cult","floor":27.0,"gold_loss":0.0,"damage_taken":0.0},{"damage_healed":0.0,"max_hp_gain":0.0,"max_hp_loss":0.0,"gold_gain":0.0,"event_name":"The Mausoleum","player_choice":"Opened","floor":28.0,"gold_loss":0.0,"damage_taken":0.0,"relics_obtained":["Pear"]},{"cards_removed":["animator:HomuraAkemi"],"damage_healed":0.0,"max_hp_gain":0.0,"max_hp_loss":0.0,"gold_gain":0.0,"event_name":"Purifier","player_choice":"Purged","floor":30.0,"gold_loss":0.0,"damage_taken":0.0},{"damage_healed":0.0,"max_hp_gain":0.0,"max_hp_loss":0.0,"gold_gain":0.0,"event_name":"Lab","player_choice":"Got Potions","floor":36.0,"gold_loss":0.0,"damage_taken":0.0},{"damage_healed":0.0,"max_hp_gain":0.0,"max_hp_loss":0.0,"gold_gain":0.0,"event_name":"Winding Halls","player_choice":"Embrace Madness","floor":40.0,"gold_loss":0.0,"damage_taken":9.0,"cards_obtained":["animator:HigakiRinne"]},{"cards_removed":["animator:SuzuneAmano"],"damage_healed":0,"gold_gain":0,"player_choice":"Removed Attack","damage_taken":0,"max_hp_gain":0,"max_hp_loss":0,"event_name":"Falling","floor":48,"gold_loss":0}],"is_beta":false,"boss_relics":[{"not_picked":["Astrolabe","Velvet Choker"],"picked":"Busted Crown"},{"not_picked":["SacredBark","animator:CursedBlade"],"picked":"Sozu"}],"items_purged_floors":[2,7,19,37],"is_endless":false,"potions_floor_spawned":[1,12,13,16,21,31,35,39,44],"killed_by":"Time Eater","ascension_level":0}}