{"host":"fdip6nj211smoxvi","time":1612438909,"event":{"mods":["BaseMod","BetterRewards","Colored Map","Downfall","Hermit","Minty Spire (QoL Compilation)","Shop Mod","StSLib","The Hierophant","The Servant 0.9.4"],"gold_per_floor":[117,117,129,141,164,176,219,231,243,255,296,134,149,167,167,266,266,276,276,84,66,66,93,93,423,423,423,448,103,118,0,0,99,99,117,142,162,173,191,224,224,258,334,134,134,161,161,187,187,187],"floor_reached":51,"language":"DEU","playtime":4183,"items_purged":["Regret","Strike_R","Strike_R"],"score":1071,"play_id":"4495895e-0d21-4cc4-b612-447be246bf2a","local_time":"20210204124149","is_ascension_mode":true,"campfire_choices":[{"floor":6.0,"key":"REST"},{"floor":10.0,"key":"REST"},{"floor":15.0,"key":"REST"},{"data":"Feed","floor":24.0,"key":"SMITH"},{"floor":27.0,"key":"REST"},{"floor":32.0,"key":"REST"},{"floor":41,"key":"REST"},{"floor":49,"key":"REST"}],"circlet_count":0,"master_deck":["Strike_R+1","Strike_R","Defend_R","Defend_R","Defend_R","Defend_R","Bash","Combust+1","CurseOfTheBell","CurseOfTheBell","Spot Weakness","Uppercut+1","Shrug It Off+1","Reaper","Feed+1","True Grit+1","Apotheosis+1","Whirlwind","J.A.X.+1","True Grit+1","Battle Trance+1","Spot Weakness+1","Shrug It Off+1","Exhume+1","Sentinel+1","Seeing Red+1","Flex+1","Rupture+1","Bloodletting+1","Limit Break+1","Exhume+1"],"relics":["Runic Cube","MawBank","downfall:ExtraCursedBell","Strawberry","Matryoshka","Dead Branch","Bronze Scales","Question Card","Letter Opener","Toxic Egg 2","Darkstone Periapt","Self Forming Clay","Black Star","Smiling Mask","Nunchaku","Regal Pillow","Old Coin","Shuriken","Meat on the Bone","Mercury Hourglass","Paper Frog","Vajra","Runic Pyramid","Oddly Smooth Stone","Bag of Marbles","Gremlin Horn","Boot","Whetstone","Pantograph","Blue Candle","Orichalcum","MealTicket","PreservedInsect"],"acts_visited":["Exordium","TheCity","TheBeyond"],"potions_floor_usage":[39,40,48],"damage_taken":[{"damage":6.0,"enemies":"2 Louse","floor":1.0,"turns":5.0},{"damage":26.0,"enemies":"Jaw Worm","floor":5.0,"turns":3.0},{"damage":47.0,"enemies":"3 Sentries","floor":7.0,"turns":5.0},{"damage":39.0,"enemies":"Lagavulin","floor":11.0,"turns":5.0},{"damage":0.0,"enemies":"Cultist","floor":13.0,"turns":3.0},{"damage":14.0,"enemies":"Exordium Thugs","floor":14.0,"turns":4.0},{"damage":17.0,"enemies":"Hexaghost","floor":16.0,"turns":9.0},{"damage":10.0,"enemies":"Chosen","floor":18.0,"turns":4.0},{"damage":18.0,"enemies":"2 Thieves","floor":21.0,"turns":4.0},{"damage":24.0,"enemies":"Book of Stabbing","floor":23.0,"turns":6.0},{"damage":49.0,"enemies":"Slavers","floor":25.0,"turns":5.0},{"damage":12.0,"enemies":"Gremlin Leader","floor":28.0,"turns":5.0},{"damage":12.0,"enemies":"Snecko","floor":30.0,"turns":4.0},{"damage":92,"enemies":"Collector","floor":33,"turns":8},{"damage":29,"enemies":"3 Darklings","floor":35,"turns":3},{"damage":32,"enemies":"3 Shapes","floor":37,"turns":4},{"damage":17,"enemies":"Sphere and 2 Shapes","floor":38,"turns":3},{"damage":48,"enemies":"Transient","floor":39,"turns":5},{"damage":23,"enemies":"Nemesis","floor":40,"turns":5},{"damage":80,"enemies":"Giant Head","floor":42,"turns":7},{"damage":14,"enemies":"Reptomancer","floor":46,"turns":4},{"damage":34,"enemies":"Giant Head","floor":48,"turns":6},{"damage":32,"enemies":"Donu and Deca","floor":50,"turns":4}],"seed_played":"-1232206885927207474","potions_obtained":[{"floor":14.0,"key":"Regen Potion"},{"floor":23.0,"key":"SpeedPotion"},{"floor":25.0,"key":"GamblersBrew"},{"floor":33,"key":"PowerPotion"},{"floor":35,"key":"GamblersBrew"},{"floor":39,"key":"Dexterity Potion"}],"is_trial":false,"path_per_floor":["M","?","?","T","M","R","E","?","T","R","E","$","M","M","R","B",null,"M","?","$","M","?","E","R","E","T","R","E","$","M","?","R","B",null,"M","T","M","M","M","E","R","E","T","$","?","E","?","E","R","B",null],"character_chosen":"IRONCLAD","items_purchased":["FairyPotion","Apotheosis+1","Spot Weakness+1","Paper Frog","Limit Break+1"],"campfire_rested":7,"item_purchase_floors":[12,20,29,29,44],"current_hp_per_floor":[74,74,81,81,55,81,34,17,17,43,4,4,4,23,49,54,79,79,79,79,73,73,65,65,20,20,63,51,51,51,51,94,70,91,62,62,58,61,56,45,93,65,65,65,65,86,86,64,104,72],"gold":187,"neow_bonus":"BOSS_RELIC","is_daily":false,"chose_seed":false,"campfire_upgraded":1,"win_rate":0.0,"timestamp":1612438909,"path_taken":["M","?","?","?","M","R","E","?","T","R","E","$","?","M","R","BOSS","M","?","?","?","?","E","R","E","T","R","E","$","M","?","R","BOSS","M","?","M","M","M","E","R","E","T","$","?","E","?","E","R","BOSS"],"items_purchased_type":["Potion","Card","Card","Relic","Card"],"build_version":"2020-12-22","purchased_purges":3,"victory":true,"max_hp_per_floor":[80,80,87,87,87,87,87,87,87,87,87,87,87,87,87,87,87,90,90,90,90,90,90,90,94,94,94,94,94,94,94,94,98,98,98,98,102,110,110,110,110,110,110,110,104,104,104,104,104,104],"card_choices":[{"not_picked":["Twin Strike","Cleave"],"picked":"Combust","floor":1.0},{"not_picked":["Heavy Blade","Twin Strike","Iron Wave"],"picked":"Spot Weakness","floor":5.0},{"not_picked":["Body Slam","Iron Wave","Wild Strike"],"picked":"Uppercut","floor":7.0},{"not_picked":["Carnage","Perfected Strike","Heavy Blade","Reckless Charge"],"picked":"SKIP","floor":11.0},{"not_picked":["Pummel","Headbutt","Havoc+1"],"picked":"Shrug It Off+1","floor":13.0},{"not_picked":["Flame Barrier+1","Cleave","Inflame"],"picked":"Reaper","floor":14.0},{"not_picked":["Impervious+1","Berserk","Barricade"],"picked":"Feed","floor":16.0},{"not_picked":["Sword Boomerang","Power Through+1","Warcry+1"],"picked":"True Grit+1","floor":18.0},{"not_picked":["Armaments+1","Twin Strike","Headbutt"],"picked":"Whirlwind","floor":21.0},{"not_picked":["Dark Embrace","Rage+1","Headbutt","Warcry+1"],"picked":"SKIP","floor":23.0},{"not_picked":["Sword Boomerang","Blood for Blood","Bloodletting+1"],"picked":"True Grit+1","floor":25.0},{"not_picked":["Entrench+1","Sword Boomerang","Corruption"],"picked":"Battle Trance+1","floor":28.0},{"not_picked":["Perfected Strike","Rupture","Heavy Blade"],"picked":"Shrug It Off+1","floor":30.0},{"not_picked":["Double Tap+1","Immolate","Impervious+1"],"picked":"Exhume+1","floor":33},{"not_picked":["Uppercut","Dark Embrace","Armaments+1","Headbutt"],"picked":"SKIP","floor":35},{"not_picked":["Sword Boomerang+1","Warcry+1","Reckless Charge"],"picked":"Sentinel+1","floor":37},{"not_picked":["Headbutt+1","Feel No Pain","Shrug It Off+1"],"picked":"Seeing Red+1","floor":38},{"not_picked":["Havoc+1","Battle Trance+1","True Grit+1"],"picked":"Flex+1","floor":39},{"not_picked":["Havoc+1","Second Wind+1","Whirlwind"],"picked":"Rupture+1","floor":40},{"not_picked":["Wild Strike+1","Burning Pact+1","Shrug It Off+1"],"picked":"Bloodletting+1","floor":42},{"not_picked":["Metallicize+1","Battle Trance+1","Iron Wave"],"picked":"Exhume+1","floor":46},{"not_picked":["Power Through+1","Thunderclap","Headbutt+1","Ghostly Armor+1"],"picked":"SKIP","floor":48}],"player_experience":233637,"relics_obtained":[{"floor":3.0,"key":"Strawberry"},{"floor":3.0,"key":"Matryoshka"},{"floor":3.0,"key":"Dead Branch"},{"floor":4.0,"key":"Bronze Scales"},{"floor":4.0,"key":"Question Card"},{"floor":7.0,"key":"Letter Opener"},{"floor":9.0,"key":"Toxic Egg 2"},{"floor":9.0,"key":"Darkstone Periapt"},{"floor":11.0,"key":"Self Forming Clay"},{"floor":23.0,"key":"Smiling Mask"},{"floor":23.0,"key":"Nunchaku"},{"floor":25.0,"key":"Regal Pillow"},{"floor":25.0,"key":"Old Coin"},{"floor":26.0,"key":"Shuriken"},{"floor":28.0,"key":"Meat on the Bone"},{"floor":28.0,"key":"Mercury Hourglass"},{"floor":36,"key":"Oddly Smooth Stone"},{"floor":40,"key":"Bag of Marbles"},{"floor":40,"key":"Gremlin Horn"},{"floor":42,"key":"Boot"},{"floor":42,"key":"Whetstone"},{"floor":43,"key":"Pantograph"},{"floor":46,"key":"Blue Candle"},{"floor":46,"key":"Orichalcum"},{"floor":48,"key":"MealTicket"},{"floor":48,"key":"PreservedInsect"}],"event_choices":[{"damage_healed":0.0,"max_hp_gain":0.0,"max_hp_loss":0.0,"gold_gain":0.0,"event_name":"Big Fish","player_choice":"Box","floor":2.0,"gold_loss":0.0,"damage_taken":0.0,"relics_obtained":["MawBank"],"cards_obtained":["Regret"]},{"damage_healed":0.0,"max_hp_gain":0.0,"max_hp_loss":0.0,"gold_gain":0.0,"event_name":"Shining Light","player_choice":"Entered Light","floor":8.0,"gold_loss":0.0,"damage_taken":17.0,"cards_upgraded":["Uppercut","Combust"]},{"damage_healed":0.0,"max_hp_gain":0.0,"max_hp_loss":0.0,"gold_gain":0.0,"event_name":"Drug Dealer","player_choice":"Obtain J.A.X.","floor":22.0,"gold_loss":0.0,"damage_taken":0.0,"cards_obtained":["J.A.X."]},{"damage_healed":0.0,"max_hp_gain":0.0,"max_hp_loss":0.0,"gold_gain":0.0,"event_name":"WeMeetAgain","player_choice":"Paid Gold","floor":31.0,"gold_loss":118.0,"damage_taken":0.0,"relics_obtained":["Vajra"]},{"damage_healed":0,"gold_gain":0,"player_choice":"Max HP","damage_taken":0,"max_hp_gain":0,"max_hp_loss":6,"event_name":"Winding Halls","floor":45,"gold_loss":0},{"cards_removed":["Strike_R"],"damage_healed":0,"gold_gain":0,"player_choice":"Removed Attack","damage_taken":0,"max_hp_gain":0,"max_hp_loss":0,"event_name":"Falling","floor":47,"gold_loss":0}],"is_beta":false,"boss_relics":[{"not_picked":["Busted Crown","Snecko Eye"],"picked":"Black Star"},{"not_picked":["Philosopher\u0027s Stone","Sozu"],"picked":"Runic Pyramid"}],"items_purged_floors":[12,29,44],"is_endless":false,"potions_floor_spawned":[14,23,25,33,35,39],"ascension_level":5}}