{"host":"szuedzjmkye50eqq","time":1612471742,"event":{"mods":["BaseMod","Downfall","Googly Eyes","Minty Spire (QoL Compilation)","StSLib"],"gold_per_floor":[99,112,112,112,129,149,149,165,75,93,93,43,43,61,74,169,169,169,187,201,38,38,56,56,56,56,72,72,57,57,162,174,278,278,278,290,300,300,24,58,58,58,78,90,90,108,108,142,142,142],"floor_reached":51,"language":"ENG","playtime":3838,"items_purged":["Decay","Pride","Guardian:Strike_Guardian"],"score":674,"play_id":"e314e920-4e55-403d-87ca-859913049532","local_time":"20210204214902","is_ascension_mode":false,"campfire_choices":[{"data":"Guardian:CurlUp","floor":1,"key":"SMITH"},{"floor":13,"key":"REST"},{"data":"Guardian:VentSteam","floor":18,"key":"SMITH"},{"data":"Guardian:PrismaticBeam","floor":35,"key":"SMITH"},{"data":"Guardian:PrismaticBeam","floor":45,"key":"SMITH"},{"data":"Guardian:SpikerProtocol","floor":47,"key":"SMITH"},{"data":"Guardian:ArmoredProtocol","floor":49,"key":"SMITH"}],"circlet_count":0,"master_deck":["Guardian:Strike_Guardian","Guardian:Strike_Guardian+1","Guardian:Defend_Guardian","Guardian:Defend_Guardian","Guardian:Defend_Guardian","Guardian:Defend_Guardian+1","Guardian:CurlUp+1","Guardian:TwinSlam+1","Guardian:RollAttack","Guardian:BronzeArmor","Guardian:BronzeOrb+1","Guardian:SpikerProtocol+1","Guardian:VentSteam+1","Guardian:Preprogram","Guardian:SentryBeam+1","Guardian:PrismaticBeam+1","Guardian:ArmoredProtocol+1","Guardian:BronzeOrb","Guardian:PrismaticBeam+1","Guardian:ChargeCore+1","Guardian:StasisStrike+1","Guardian:TimeSifter","Guardian:Gem_White","Guardian:Gem_Blue"],"relics":["Guardian:ModeShifterPlus","Guardian:PickAxe","InkBottle","Bottled Flame","Blue Candle","Lizard Tail","sneckomod:BabySnecko","Strange Spoon","Philosopher\u0027s Stone","Sling","TungstenRod","Kunai","Whetstone"],"acts_visited":["Exordium","TheCity","TheBeyond"],"potions_floor_usage":[],"damage_taken":[{"damage":6,"enemies":"Jaw Worm","floor":2,"turns":4},{"damage":17,"enemies":"Jaw Worm","floor":3,"turns":6},{"damage":0,"enemies":"2 Louse","floor":5,"turns":3},{"damage":0,"enemies":"Cultist","floor":6,"turns":4},{"damage":5,"enemies":"Lots of Slimes","floor":8,"turns":6},{"damage":7,"enemies":"downfall:FleeingMerchant","floor":9,"turns":4},{"damage":4,"enemies":"Exordium Wildlife","floor":10,"turns":3},{"damage":5,"enemies":"downfall:FleeingMerchant","floor":12,"turns":4},{"damage":0,"enemies":"2 Fungi Beasts","floor":14,"turns":3},{"damage":0,"enemies":"3 Louse","floor":15,"turns":4},{"damage":58,"enemies":"DF_ARCHETYPE_STREAMLINE","floor":16,"turns":11},{"damage":0,"enemies":"Shell Parasite","floor":19,"turns":3},{"damage":0,"enemies":"3 Cultists","floor":20,"turns":5},{"damage":0,"enemies":"downfall:FleeingMerchant","floor":21,"turns":4},{"damage":0,"enemies":"Cultist and Chosen","floor":23,"turns":4},{"damage":1,"enemies":"Snecko","floor":27,"turns":6},{"damage":1,"enemies":"downfall:FleeingMerchant","floor":29,"turns":4},{"damage":0,"enemies":"downfall:FleeingMerchant","floor":31,"turns":4},{"damage":0,"enemies":"Centurion and Healer","floor":32,"turns":4},{"damage":6,"enemies":"IC_MUSHROOM_ARCHETYPE","floor":33,"turns":7},{"damage":4,"enemies":"Orb Walker","floor":36,"turns":3},{"damage":1,"enemies":"3 Darklings","floor":37,"turns":4},{"damage":4,"enemies":"Nemesis","floor":40,"turns":5},{"damage":0,"enemies":"4 Shapes","floor":43,"turns":5},{"damage":0,"enemies":"Maw","floor":44,"turns":7},{"damage":0,"enemies":"Jaw Worm Horde","floor":46,"turns":3},{"damage":0,"enemies":"Reptomancer","floor":48,"turns":4},{"damage":70,"enemies":"WA_ARCHETYPE_DIVINITY","floor":50,"turns":10}],"seed_played":"6280705395801792816","potions_obtained":[{"floor":2,"key":"DuplicationPotion"},{"floor":10,"key":"Guardian:AcceleratePotion"},{"floor":14,"key":"ColorlessPotion"},{"floor":15,"key":"champ:CounterPotion"}],"is_trial":false,"path_per_floor":["R","M","?","?","M","M","T","M","$","M","R","$","R","M","M","B",null,"R","M","M","$","?","M","T","?","?","M","?","$","R","$","M","B",null,"R","M","M","?","$","E","T","$","M","M","R","M","R","E","R","B",null],"character_chosen":"GUARDIAN","items_purchased":["Guardian:SpikerProtocol","Guardian:PrismaticBeam","Guardian:Gem_Crimson","Strange Spoon","Sling"],"campfire_rested":1,"item_purchase_floors":[12,21,21,31,39],"current_hp_per_floor":[88,82,65,65,65,65,65,60,53,49,49,44,70,70,70,12,88,88,88,88,88,88,88,88,83,83,82,82,81,81,81,81,75,88,88,84,83,75,75,71,71,71,71,71,71,71,71,71,71,1],"gold":142,"neow_bonus":"TEN_PERCENT_HP_BONUS","is_daily":false,"chose_seed":false,"campfire_upgraded":6,"win_rate":0.0,"timestamp":1612471742,"path_taken":["R","M","?","?","M","?","T","M","$","M","R","$","R","?","M","BOSS","R","M","M","$","?","M","T","?","?","M","?","$","R","$","M","BOSS","R","M","M","?","$","E","T","$","M","M","R","?","R","E","R","BOSS"],"items_purchased_type":["Card","Card","Card","Relic","Relic"],"build_version":"2020-12-22","purchased_purges":3,"victory":true,"max_hp_per_floor":[88,88,88,88,88,88,88,88,88,88,88,88,88,88,88,88,88,88,88,88,88,88,88,88,88,88,88,88,88,88,88,88,88,88,88,88,88,88,88,88,88,88,88,88,88,88,88,88,88,88],"card_choices":[{"not_picked":["Guardian:ArmoredProtocol","Guardian:Planning"],"picked":"Guardian:Gem_Red","floor":2},{"not_picked":["Guardian:Gem_Cyan","Guardian:Gem_Red"],"picked":"Guardian:RollAttack","floor":5},{"not_picked":["Guardian:Preprogram","Guardian:CrystalBeam"],"picked":"Guardian:Gem_Red","floor":6},{"not_picked":["Guardian:FastForward","Guardian:PrismaticBarrier"],"picked":"Guardian:BronzeArmor","floor":8},{"not_picked":["Guardian:Gem_Crimson","Guardian:Incinerate"],"picked":"Guardian:BronzeOrb","floor":9},{"not_picked":["Guardian:Repulse","Guardian:Reroute","Guardian:GuardianWhirl"],"picked":"SKIP","floor":10},{"not_picked":["Guardian:RollAttack","Guardian:Recover","Guardian:Planning"],"picked":"SKIP","floor":12},{"not_picked":["Guardian:Gem_Cyan","Guardian:Planning"],"picked":"Guardian:VentSteam","floor":14},{"not_picked":["Guardian:MultiBeam","Guardian:WalkerClaw","Guardian:ShieldCharger"],"picked":"SKIP","floor":15},{"not_picked":["Guardian:RevengeProtocol","Guardian:ConstructionForm"],"picked":"Guardian:Gem_Orange","floor":16},{"not_picked":["Guardian:RollAttack","Guardian:VentSteam+1"],"picked":"Guardian:Preprogram","floor":19},{"not_picked":["Guardian:BodySlam","Guardian:Planning","Guardian:Recover"],"picked":"SKIP","floor":20},{"not_picked":["Guardian:CrystalBeam","Guardian:Planning"],"picked":"Guardian:SentryBeam+1","floor":21},{"not_picked":["Guardian:Suspension+1","Guardian:RefractedBeam+1"],"picked":"Guardian:ArmoredProtocol","floor":23},{"not_picked":["Guardian:Gem_Green","Guardian:PolyBeam"],"picked":"Guardian:BronzeOrb","floor":27},{"not_picked":["Guardian:SphericShield","Guardian:ShieldCharger"],"picked":"Guardian:PrismaticBeam","floor":29},{"not_picked":["Guardian:Gem_Lightblue","Guardian:RollAttack+1"],"picked":"Guardian:ChargeCore+1","floor":31},{"not_picked":["Guardian:Harden","Guardian:VentSteam","Guardian:TemporalShield"],"picked":"SKIP","floor":32},{"not_picked":["Guardian:StasisField","Guardian:SphericShield"],"picked":"Guardian:StasisStrike","floor":33},{"not_picked":["Guardian:Planning","Guardian:ChargeCore"],"picked":"Guardian:Gem_Lightblue","floor":36},{"not_picked":["Guardian:TemporalStrike+1","Guardian:PrismaticBeam","Guardian:Recover+1"],"picked":"SKIP","floor":37},{"not_picked":["Guardian:MultiBeam","Guardian:Emergency+1"],"picked":"Guardian:TimeSifter","floor":40},{"not_picked":["Guardian:BronzeOrb","Guardian:ShieldSpikes+1"],"picked":"Guardian:Gem_Fragmented","floor":43},{"not_picked":["Guardian:Clone","Guardian:ShieldCharger","Guardian:Planning"],"picked":"SKIP","floor":44},{"not_picked":["Guardian:WalkerClaw","Guardian:RollAttack"],"picked":"Guardian:Gem_White","floor":46},{"not_picked":["Guardian:Gem_Fragmented","Guardian:Gem_Green"],"picked":"Guardian:Gem_Blue","floor":48}],"player_experience":58102,"relics_obtained":[{"floor":7,"key":"InkBottle"},{"floor":24,"key":"Bottled Flame"},{"floor":40,"key":"TungstenRod"},{"floor":41,"key":"Kunai"},{"floor":48,"key":"Whetstone"}],"event_choices":[{"damage_healed":0,"gold_gain":0,"player_choice":"Stole Relic","damage_taken":0,"relics_obtained":["Lizard Tail"],"max_hp_gain":0,"max_hp_loss":0,"event_name":"Addict","floor":26,"gold_loss":0,"cards_obtained":["Pride"]}],"is_beta":false,"boss_relics":[{"not_picked":["Busted Crown","Empty Cage"],"picked":"Guardian:ModeShifterPlus"},{"not_picked":["Sozu","Velvet Choker"],"picked":"Philosopher\u0027s Stone"}],"items_purged_floors":[9,31,39],"is_endless":false,"potions_floor_spawned":[2,10,14,15,16,20,27,32,33,37,40,44,46],"ascension_level":0}}