{"host":"pgm1p3lvdjflie30","time":1612411153,"event":{"mods":["ATMod(阿瑾Mod)","AchievementEnabler","Aspiration","BaseMod","Challenge The Spire","Colored Map","Colored Powertips","Conspire","Dark Map","Dota2Spire","Downfall","Energized Spire","GungeonMod","Hermit","Highlight Path","HornydragonMod","Minty Spire (QoL Compilation)","MostiFishMod","Quarter Circle Forward PUNCH!","Quick Restart","Reimu（博???）","Relic Stats","Replay The Spire","Robot Space Explorer","Spicy Shops","StSLib","TestMod","The Blackbeard","The Bug Knight","The Cursed","The Hayseed","The IronCluck","The Jungle","The Runesmith","Waifu the Spire","Yakumo Yukari mod","【?物卡牌】REMEMod","篝火指南"],"gold_per_floor":[116,129,129,144,157,177,177,197,197,222,222,247,247,277,277,382,382,397,497,497,515,515,515,545,623,623,639,650,212,223,242,242,340,340,355,0,10,23,37,72,72,72,72,72,72],"floor_reached":44,"language":"ZHS","playtime":1542,"items_purged":["Pain"],"score":841,"play_id":"94c006f6-0bb6-46c2-9796-3921f07ecf15","local_time":"20210204115913","is_ascension_mode":true,"campfire_choices":[{"floor":7,"key":"RECALL"},{"data":"1","floor":11,"key":"LIFT"},{"data":"2","floor":13,"key":"LIFT"},{"data":"3","floor":15,"key":"LIFT"},{"data":"MostiFishMod:GrandStart","floor":23,"key":"SMITH"},{"data":"Terror","floor":32,"key":"SMITH"},{"data":"AT_EssenceShift","floor":41,"key":"SMITH"}],"circlet_count":0,"master_deck":["Strike_G","Strike_G","Strike_G","Strike_G","Strike_G","Defend_G","Defend_G","Defend_G","Defend_G","Defend_G","Survivor","Neutralize","MostiFishMod:Disappear","AT_FamilyPortrait","Deadly Poison","Dagger Spray","Deadly Poison","Poisoned Stab","Deadly Poison","Catalyst","Terror+1","Hidden Blade","MostiFishMod:GrandStart+1","AT_EssenceShift+1","Blade Dance+1","REME_ShadowStrike","ReplayTheSpireMod:Speed Training","Poisoned Stab","Outmaneuver","Poisoned Stab","Poisoned Stab","Deadly Poison","PiercingWail","Toxin Wave","Glass Knife","conspire:PoisonWeapons","conspire:DoublingDagger+1","Poisoned Stab+1","MostiFishMod:PoisonShield+1","Deadly Poison+1"],"relics":["Ring of the Snake","AT_ATBox","REME_ComplimentaryCards","DaveBox","testmod-TestBox","SentryEyes","testmod-HeartOfStrike","NeowsBlessing","SynthV:TestCard","CultistMask","Girya","DemoMod:AgedBell","Happy Flower","aspiration:ChemicalBlood","ChewingGum","Ornamental Fan","AT_EbonyIvory","testmod-Justice","Pen Nib","Bottled Lightning","PatriotShield","Membership Card","testmod-TurbochargingSystem","Dota2Spire:Desolator","Replay:Bottled Snecko"],"acts_visited":["Exordium","Exordium","TheBeyond"],"potions_floor_usage":[10,12,14,27,27,31,33,33,33,39,40,44,44,44],"damage_taken":[{"damage":0,"enemies":"conspire:RoseBush","floor":1,"turns":1},{"damage":0,"enemies":"Cultist","floor":2,"turns":1},{"damage":0,"enemies":"Jaw Worm","floor":4,"turns":1},{"damage":0,"enemies":"conspire:2 RoseBushes","floor":5,"turns":2},{"damage":0,"enemies":"Large Slime","floor":6,"turns":2},{"damage":0,"enemies":"2 Fungi Beasts","floor":8,"turns":1},{"damage":0,"enemies":"HollowMod:MossKnight","floor":10,"turns":2},{"damage":0,"enemies":"Replay:BlueRogue","floor":12,"turns":3},{"damage":0,"enemies":"Gremlin Nob","floor":14,"turns":2},{"damage":0,"enemies":"Slime Boss","floor":16,"turns":3},{"damage":0,"enemies":"theJungle:Flameango_and_Byrd","floor":18,"turns":2},{"damage":0,"enemies":"Shell Parasite","floor":21,"turns":2},{"damage":0,"enemies":"theJungle:2_Phrogs","floor":24,"turns":2},{"damage":0,"enemies":"theJungle:Lyon","floor":27,"turns":1},{"damage":0,"enemies":"theJungle:2_Snecko_Cultists","floor":28,"turns":1},{"damage":0,"enemies":"theJungle:JungleHuntersEncounter","floor":30,"turns":1},{"damage":0,"enemies":"theJungle:2_Flameangoes","floor":31,"turns":1},{"damage":3,"enemies":"theJungle:FunGuy","floor":33,"turns":4},{"damage":6,"enemies":"3 Shapes","floor":35,"turns":1},{"damage":0,"enemies":"3 Darklings","floor":37,"turns":1},{"damage":6,"enemies":"Sphere and 2 Shapes","floor":38,"turns":1},{"damage":0,"enemies":"Maw","floor":39,"turns":2},{"damage":0,"enemies":"R_Hoarder","floor":40,"turns":1},{"damage":51,"enemies":"R_Hoarder","floor":44,"turns":8}],"seed_played":"3498310612272932961","potions_obtained":[{"floor":1,"key":"AttackPotion"},{"floor":4,"key":"Fire Potion"},{"floor":5,"key":"DemoMod:LeadSkinPotion"},{"floor":10,"key":"PowerPotion"},{"floor":18,"key":"GamblersBrew"},{"floor":25,"key":"FearPotion"},{"floor":27,"key":"Fire Potion"},{"floor":31,"key":"SkillPotion"},{"floor":33,"key":"BlessingOfTheForge"},{"floor":39,"key":"Adrenaline Potion"}],"is_trial":false,"path_per_floor":["M","M","?","M","M","M","R","M","T","E","R","E","R","E","R_BF","B",null,"M","?","?","M","?","R","E","?","T","M","M","$","M","M","R","B",null,"M","$","M","M","M","E","R","?","T","?"],"character_chosen":"THE_SILENT","items_purchased":["Pen Nib","Bottled Lightning","Fire Potion","Poisoned Stab","Deadly Poison","Membership Card","testmod-TurbochargingSystem","Dota2Spire:Desolator","Fire Potion","ColorlessPotion"],"campfire_rested":0,"item_purchase_floors":[29,29,29,29,29,36,36,36,36,36],"current_hp_per_floor":[70,70,70,70,70,70,70,70,70,70,70,70,70,70,70,70,70,70,66,61,61,71,71,71,41,41,41,41,41,41,41,41,38,75,69,69,69,63,63,63,63,63,63,0,0],"gold":72,"neow_bonus":"THREE_ENEMY_KILL","is_daily":false,"chose_seed":false,"campfire_upgraded":3,"win_rate":0.0,"timestamp":1612411153,"path_taken":["M","M","?","M","?","?","R","M","T","E","R","E","R","E","R_BF","BOSS","M","?","?","M","?","R","E","?","T","?","M","$","M","M","R","BOSS","M","?","M","?","M","E","R","?","T","?"],"items_purchased_type":["Relic","Relic","Potion","Card","Card","Relic","Relic","Relic","Potion","Potion"],"build_version":"2020-12-22","purchased_purges":1,"victory":false,"max_hp_per_floor":[70,70,70,70,70,70,70,70,70,70,70,70,70,70,70,70,70,70,70,75,75,75,75,75,75,75,75,75,75,75,75,75,75,75,75,75,75,75,75,75,75,75,75,75,75],"relic_stats":{"Happy Flower":[11],"counters":[24,43],"Ornamental Fan":[40],"Pen Nib":[5],"obtain_stats":[{"testmod-HeartOfStrike":0,"PatriotShield":34,"AT_ATBox":0,"DemoMod:AgedBell":10,"DaveBox":0,"DemoMod:GlassGuonStoneRelic":1,"Replay:Bottled Snecko":40,"Ring of the Snake":0,"aspiration:ChemicalBlood":14,"Girya":9,"testmod-TestBox":0,"NeowsBlessing":0,"Happy Flower":12,"AT_EbonyIvory":25,"Pen Nib":29,"testmod-TurbochargingSystem":36,"testmod-Justice":26,"SynthV:TestCard":1,"Ornamental Fan":24,"SentryEyes":0,"ChewingGum":17,"CultistMask":3,"Bottled Lightning":29,"Membership Card":36,"REME_ComplimentaryCards":0,"Dota2Spire:Desolator":36},{"testmod-HeartOfStrike":0,"PatriotShield":18,"AT_ATBox":0,"DemoMod:AgedBell":7,"DaveBox":0,"DemoMod:GlassGuonStoneRelic":1,"Replay:Bottled Snecko":23,"Ring of the Snake":0,"aspiration:ChemicalBlood":9,"Girya":6,"testmod-TestBox":0,"NeowsBlessing":0,"Happy Flower":8,"AT_EbonyIvory":13,"Pen Nib":15,"testmod-TurbochargingSystem":19,"testmod-Justice":13,"SynthV:TestCard":1,"Ornamental Fan":13,"SentryEyes":0,"ChewingGum":10,"CultistMask":2,"Bottled Lightning":15,"Membership Card":19,"REME_ComplimentaryCards":0,"Dota2Spire:Desolator":19},{"testmod-HeartOfStrike":0,"PatriotShield":29,"AT_ATBox":0,"DemoMod:AgedBell":9,"DaveBox":0,"DemoMod:GlassGuonStoneRelic":1,"Replay:Bottled Snecko":35,"Ring of the Snake":0,"aspiration:ChemicalBlood":14,"Girya":7,"testmod-TestBox":0,"NeowsBlessing":0,"Happy Flower":12,"AT_EbonyIvory":21,"Pen Nib":23,"testmod-TurbochargingSystem":30,"testmod-Justice":21,"SynthV:TestCard":1,"Ornamental Fan":21,"SentryEyes":0,"ChewingGum":17,"CultistMask":2,"Bottled Lightning":23,"Membership Card":30,"REME_ComplimentaryCards":0,"Dota2Spire:Desolator":30}],"Ring of the Snake":[48]},"card_choices":[{"not_picked":["Outmaneuver","AT_ThistleTea"],"picked":"Deadly Poison","floor":1},{"not_picked":["Terror","All Out Attack","Underhanded Strike","Quick Slash"],"picked":"Dagger Spray","floor":2},{"not_picked":["Envenom","AT_WindFlip","Acrobatics","Setup"],"picked":"Deadly Poison","floor":4},{"not_picked":["Malaise","AT_WindFlip","Acrobatics","PiercingWail"],"picked":"Poisoned Stab","floor":5},{"not_picked":["Slice","Outmaneuver","AT_TinkerSharpsword","MostiFishMod:Wind"],"picked":"Deadly Poison","floor":6},{"not_picked":["Toxin Wave","Bane","Crippling Poison","AT_WomanClash"],"picked":"Catalyst","floor":8},{"not_picked":["ReplayTheSpireMod:Exploit Weakness","Tactician","Outmaneuver","Blur"],"picked":"Terror","floor":10},{"not_picked":["Acrobatics","Backflip","MostiFishMod:PreservedThorns","Blade Dance"],"picked":"Hidden Blade","floor":12},{"not_picked":["ReplayTheSpireMod:Scrap Shanks","Dagger Spray","Slice","Prepared"],"picked":"MostiFishMod:GrandStart","floor":14},{"not_picked":["MostiFishMod:Neurotoxin","MostiFishMod:FullyArmed","MostiFishMod:LethalBlade","Night Terror"],"picked":"AT_EssenceShift","floor":16},{"not_picked":["Hidden Blade","Backflip","AT_TinkerSharpsword+1","Replay:Poison Smokescreen"],"picked":"Blade Dance+1","floor":18},{"not_picked":["Dodge and Roll","Quick Slash","Hidden Blade","MostiFishMod:Wind"],"picked":"REME_ShadowStrike","floor":21},{"not_picked":["Bane+1","Choke","Blade Dance","Cloak And Dagger"],"picked":"Crippling Poison","floor":24},{"not_picked":["Flying Knee+1","Hidden Blade","Outmaneuver","Unload"],"picked":"ReplayTheSpireMod:Speed Training","floor":25},{"not_picked":["Masterful Stab","AT_WindRun","Blade Dance","Backflip+1"],"picked":"Poisoned Stab","floor":27},{"not_picked":["Dodge and Roll","Flying Knee+1","Dagger Throw","Sucker Punch+1"],"picked":"Outmaneuver","floor":28},{"not_picked":["Dagger Throw","Underhanded Strike+1","Draining Mist","Flying Knee"],"picked":"PiercingWail","floor":30},{"not_picked":["MostiFishMod:PerfectParry","ReplayTheSpireMod:Shiv Toss","AT_KneejerkReflex","MostiFishMod:ThornCasing+1"],"picked":"Toxin Wave","floor":31},{"not_picked":["REME_CopyPotion","Phantasmal Killer","MostiFishMod:Opportunism","MostiFishMod:SpreadingSpore"],"picked":"Glass Knife","floor":33},{"not_picked":["Replay:Poison Smokescreen","Reflex+1","Backflip+1","AT_WindFlip+1"],"picked":"conspire:PoisonWeapons","floor":35},{"not_picked":["Slice","All Out Attack","Dodge and Roll","ReplayTheSpireMod:The Works"],"picked":"conspire:DoublingDagger+1","floor":37},{"not_picked":["Acrobatics","Dagger Spray+1","Grand Finale","Underhanded Strike"],"picked":"Poisoned Stab+1","floor":38},{"not_picked":["ReplayTheSpireMod:The Works","Blade Dance+1","Acrobatics","AT_TwilightShroud"],"picked":"MostiFishMod:PoisonShield+1","floor":39},{"not_picked":["Blade Dance+1","Quick Slash","Expertise","Outmaneuver"],"picked":"Deadly Poison+1","floor":40}],"player_experience":386062,"relics_obtained":[{"floor":1,"key":"SynthV:TestCard"},{"floor":9,"key":"Girya"},{"floor":10,"key":"DemoMod:AgedBell"},{"floor":12,"key":"Happy Flower"},{"floor":14,"key":"aspiration:ChemicalBlood"},{"floor":24,"key":"Ornamental Fan"},{"floor":25,"key":"AT_EbonyIvory"},{"floor":26,"key":"testmod-Justice"},{"floor":40,"key":"Replay:Bottled Snecko"}],"event_choices":[{"damage_healed":0,"gold_gain":0,"player_choice":"Trade","damage_taken":0,"relics_obtained":["CultistMask"],"max_hp_gain":0,"max_hp_loss":0,"event_name":"FaceTrader","floor":3,"gold_loss":0},{"cards_removed":["Crippling Poison"],"damage_healed":0,"gold_gain":0,"player_choice":"Removed Skill","damage_taken":0,"max_hp_gain":0,"max_hp_loss":0,"event_name":"Falling","floor":42,"gold_loss":0}],"is_beta":false,"boss_relics":[{"not_picked":["testmod-Prudence","Snecko Eye"],"picked":"ChewingGum"},{"not_picked":["aspiration:FutureDiary","aspiration:RitualDagger"],"picked":"PatriotShield"}],"items_purged_floors":[29],"is_endless":false,"potions_floor_spawned":[1,4,5,10,18,27,31,33,37,39],"killed_by":"R_Hoarder","ascension_level":1}}