{"host":"eedodlo27pfhzv3w","time":1612453508,"event":{"mods":["BaseMod","Colored Map","Downfall","Jedi Mod","Minty Spire (QoL Compilation)","StSLib","SuperFastMode","The Necromancer"],"gold_per_floor":[99,113,128,278,293,309,334,163,163,63,73,173,73,248,268,369,369,369,381,481,379,391,391,462,462,473,483,483,165,165,179,197,301,301,301,301,321,339,350,350,425,425,328,348,60,107,107,121,141,141,141,141],"floor_reached":50,"language":"ENG","playtime":2259,"items_purged":[],"score":536,"play_id":"e2853851-3c16-45fa-a964-99565f62f98f","local_time":"20210204164508","is_ascension_mode":false,"campfire_choices":[{"floor":1,"key":"RECALL"},{"floor":10,"key":"REST"},{"data":"bronze:Branch","floor":13,"key":"SMITH"},{"data":"bronze:SpaghettiCode","floor":18,"key":"SMITH"},{"floor":28,"key":"REST"},{"floor":30,"key":"REST"},{"data":"bronze:Assembly","floor":35,"key":"SMITH"},{"data":"bronze:FineTuning","floor":40,"key":"SMITH"},{"floor":47,"key":"REST"}],"circlet_count":0,"master_deck":["bronze:Strike","bronze:Strike","bronze:Defend","bronze:Defend","bronze:Defend","bronze:Defend","bronze:Replicate","bronze:Goto","bronze:DelayedSlice","bronze:FollowUp","bronze:Branch+1","bronze:Shield","bronze:WhirlingStrike","bronze:WildBeam","Doubt","bronze:SpaghettiCode+1","bronze:Virus","bronze:DelayedGuard","bronze:ItsAFeature","bronze:Turbo","J.A.X.","bronze:FineTuning+1","bronze:Terminator+1","bronze:GetLatest","bronze:Branch","bronze:CutThrough","bronze:DelayedSlice","bronze:CutThrough+1","bronze:Invalidate","bronze:Overheat+1","bronze:Assembly+1","bronze:Separator+1","bronze:Philosophize","bronze:DigitalCarnage","bronze:Frontload+1","bronze:Separator","bronze:Backtrace+1"],"relics":["bronze:BronzeCore","Boot","downfall:HeartBlessingBlue","downfall:HeartBlessingRed","jedi:paperlyon","MutagenicStrength","Singing Bowl","Enchiridion","jedi:shrinkray","Lantern","bronze:MakeshiftBattery","Mercury Hourglass","Gremlin Horn","Membership Card","Toxic Egg 2","Kunai","jedi:matchstick","Calipers","Pocketwatch"],"acts_visited":["Exordium","TheCity","TheBeyond"],"potions_floor_usage":[16,26,29,29,46,49,50],"damage_taken":[{"damage":0,"enemies":"Small Slimes","floor":2,"turns":3},{"damage":3,"enemies":"2 Louse","floor":3,"turns":2},{"damage":1,"enemies":"Cultist","floor":5,"turns":3},{"damage":12,"enemies":"3 Louse","floor":6,"turns":3},{"damage":5,"enemies":"downfall:FleeingMerchant","floor":8,"turns":4},{"damage":0,"enemies":"Large Slime","floor":11,"turns":4},{"damage":0,"enemies":"2 Fungi Beasts","floor":15,"turns":2},{"damage":54,"enemies":"DF_ARCHETYPE_STREAMLINE","floor":16,"turns":9},{"damage":0,"enemies":"3 Byrds","floor":19,"turns":3},{"damage":29,"enemies":"downfall:Augmenter","floor":20,"turns":5},{"damage":3,"enemies":"downfall:FleeingMerchant","floor":21,"turns":4},{"damage":10,"enemies":"Shell Parasite","floor":22,"turns":3},{"damage":10,"enemies":"Shelled Parasite and Fungi","floor":26,"turns":3},{"damage":0,"enemies":"Chosen and Byrds","floor":27,"turns":3},{"damage":3,"enemies":"downfall:FleeingMerchant","floor":29,"turns":4},{"damage":10,"enemies":"Centurion and Healer","floor":31,"turns":3},{"damage":1,"enemies":"Shelled Parasite and Fungi","floor":32,"turns":3},{"damage":18,"enemies":"WA_ARCHETYPE_CALM","floor":33,"turns":8},{"damage":0,"enemies":"3 Darklings","floor":37,"turns":2},{"damage":0,"enemies":"Orb Walker","floor":38,"turns":2},{"damage":12,"enemies":"3 Darklings","floor":39,"turns":2},{"damage":0,"enemies":"downfall:FleeingMerchant","floor":43,"turns":1},{"damage":27,"enemies":"Writhing Mass","floor":44,"turns":5},{"damage":32,"enemies":"2 Orb Walkers","floor":46,"turns":3},{"damage":11,"enemies":"Spire Growth","floor":48,"turns":3},{"damage":31,"enemies":"Jaw Worm Horde","floor":49,"turns":2},{"damage":4,"enemies":"SI_POISON_ARCHETYPE","floor":50,"turns":1}],"seed_played":"-2880897568126423373","potions_obtained":[{"floor":0,"key":"Energy Potion"},{"floor":0,"key":"EssenceOfSteel"},{"floor":0,"key":"jedi:holywater"},{"floor":3,"key":"champ:CounterPotion"},{"floor":11,"key":"bronze:BurnAndBuffPotion"},{"floor":16,"key":"bronze:CleanCodePotion"},{"floor":20,"key":"Regen Potion"},{"floor":22,"key":"FairyPotion"},{"floor":26,"key":"PowerPotion"},{"floor":27,"key":"jedi:StrikingPotion"},{"floor":32,"key":"jedi:hoardpotion"},{"floor":39,"key":"PowerPotion"},{"floor":46,"key":"BlessingOfTheForge"},{"floor":49,"key":"AttackPotion"}],"is_trial":false,"path_per_floor":["R","M","M","?","M","M","T","$","?","R","M","?","R","?","M","B",null,"R","M","?","$","M","?","T","?","M","M","R","$","R","M","M","B",null,"R","?","M","M","M","R","T","?","$","M","$","?","R","M","M","B"],"character_chosen":"THE_AUTOMATON","items_purchased":["Boot","bronze:GetLatest","bronze:Branch","jedi:shrinkray","Lantern","Membership Card","Toxic Egg 2","Kunai","bronze:DigitalCarnage","jedi:matchstick","Calipers"],"campfire_rested":4,"item_purchase_floors":[8,21,21,29,29,43,43,43,43,45,45],"current_hp_per_floor":[70,70,67,67,66,54,54,49,49,80,80,80,80,80,80,26,80,80,80,51,48,38,64,64,48,38,38,62,61,82,72,71,53,82,82,82,84,86,74,74,74,74,74,49,49,17,43,32,1,0,0,0],"gold":141,"neow_bonus":"THREE_SMALL_POTIONS","is_daily":false,"chose_seed":false,"campfire_upgraded":4,"win_rate":0.0,"timestamp":1612453508,"path_taken":["R","M","M","?","M","M","T","$","?","R","?","?","R","?","M","BOSS","R","M","?","$","M","?","T","?","M","?","R","$","R","M","M","BOSS","R","?","?","?","M","R","T","?","$","?","$","?","R","M","M","BOSS"],"items_purchased_type":["Relic","Card","Card","Relic","Relic","Relic","Relic","Relic","Card","Relic","Relic"],"build_version":"2020-12-22","purchased_purges":0,"victory":false,"max_hp_per_floor":[70,70,70,70,70,70,70,70,70,80,80,80,80,80,80,80,80,80,80,80,80,80,80,80,80,80,80,80,82,82,82,82,82,82,82,82,84,86,86,86,86,86,86,88,88,88,88,88,88,88,88,88],"card_choices":[{"not_picked":["bronze:BronzeArmor","bronze:Frontload"],"picked":"bronze:DelayedSlice","floor":2},{"not_picked":["bronze:WildBeam","bronze:ThunderWave"],"picked":"bronze:FollowUp","floor":3},{"not_picked":["bronze:Overload","bronze:Terminator"],"picked":"bronze:Branch","floor":5},{"not_picked":["bronze:BronzeArmor","bronze:Repulsor"],"picked":"bronze:Shield","floor":6},{"not_picked":["bronze:MaxOutput","bronze:DelayedGuard"],"picked":"bronze:WhirlingStrike","floor":8},{"not_picked":["bronze:Shield","bronze:Overload"],"picked":"bronze:WildBeam","floor":11},{"not_picked":["bronze:Safeguard","bronze:Repair"],"picked":"bronze:SpaghettiCode","floor":15},{"not_picked":["bronze:ShipIt","bronze:FindAndReplace"],"picked":"bronze:Virus","floor":16},{"not_picked":["bronze:DarkDash","bronze:Shield"],"picked":"bronze:DelayedGuard","floor":19},{"not_picked":[],"picked":"J.A.X.","floor":20},{"not_picked":["bronze:Allocate","bronze:Iterate"],"picked":"bronze:FineTuning","floor":20},{"not_picked":["bronze:CloningBeam+1","bronze:Constructor"],"picked":"bronze:Terminator+1","floor":21},{"not_picked":["bronze:Return","bronze:Frontload"],"picked":"bronze:CutThrough","floor":22},{"not_picked":["bronze:ForLoop","bronze:Safeguard"],"picked":"bronze:DelayedSlice","floor":26},{"not_picked":["bronze:BugBarrage","bronze:CleanCode"],"picked":"bronze:CutThrough+1","floor":27},{"not_picked":["bronze:Backtrace","bronze:OilSpill+1","bronze:FineTuning+1"],"picked":"Singing Bowl","floor":29},{"not_picked":["bronze:Return","bronze:Branch"],"picked":"bronze:Invalidate","floor":31},{"not_picked":["bronze:Deprecate+1","bronze:Fortify"],"picked":"bronze:Overheat+1","floor":32},{"not_picked":["bronze:ShipIt","bronze:RecursiveStrike"],"picked":"bronze:Assembly","floor":33},{"not_picked":["bronze:CutThrough+1","bronze:BugBarrage","bronze:OilSpill+1"],"picked":"Singing Bowl","floor":37},{"not_picked":["bronze:MaxOutput","bronze:Overload","bronze:Allocate"],"picked":"Singing Bowl","floor":38},{"not_picked":["bronze:Overload+1","bronze:Backtrace+1"],"picked":"bronze:Separator+1","floor":39},{"not_picked":["bronze:ChildClass+1","bronze:MaxOutput"],"picked":"bronze:Philosophize","floor":43},{"not_picked":["bronze:DelayedSlice","bronze:ItsAFeature","bronze:DarkDash+1"],"picked":"Singing Bowl","floor":44},{"not_picked":["bronze:BugBarrage","bronze:OilSpill"],"picked":"bronze:Frontload+1","floor":46},{"not_picked":["bronze:CutThrough","bronze:BitShift+1"],"picked":"bronze:Separator","floor":48},{"not_picked":["bronze:FineTuning+1","bronze:Constructor+1"],"picked":"bronze:Backtrace+1","floor":49}],"player_experience":200941,"relics_obtained":[{"floor":20,"key":"MutagenicStrength"},{"floor":24,"key":"Singing Bowl"},{"floor":25,"key":"Enchiridion"},{"floor":41,"key":"Gremlin Horn"},{"floor":46,"key":"Pocketwatch"}],"event_choices":[{"damage_healed":26,"gold_gain":0,"player_choice":"Heal","damage_taken":0,"max_hp_gain":0,"max_hp_loss":0,"event_name":"The Library","floor":23,"gold_loss":0},{"damage_healed":0,"gold_gain":0,"player_choice":"Got Potions","damage_taken":0,"max_hp_gain":0,"max_hp_loss":0,"event_name":"Lab","floor":42,"gold_loss":0},{"damage_healed":0,"gold_gain":0,"player_choice":"Fight","damage_taken":0,"max_hp_gain":0,"max_hp_loss":0,"event_name":"Mysterious Sphere","floor":46,"gold_loss":0}],"is_beta":false,"boss_relics":[{"not_picked":["jedi:hotpepper","Philosopher\u0027s Stone"],"picked":"jedi:paperlyon"},{"not_picked":["Astrolabe","SacredBark"],"picked":"bronze:MakeshiftBattery"}],"items_purged_floors":[],"is_endless":false,"potions_floor_spawned":[3,5,11,16,20,22,26,27,32,39,46,48,49],"killed_by":"SI_POISON_ARCHETYPE","ascension_level":0}}