{"host":"yans4pr1zf0lm9bx","time":1612470149,"event":{"mods":["AchievementEnabler","BaseMod","Downfall","Minty Spire (QoL Compilation)","StSLib","SuperFastMode","slay the spire mod where everything is the same but ironclad has a cowboy hat"],"gold_per_floor":[99,116,131,150,150,150,150,179,217,229,251,277,289,226,252,369,381,343,355,379,402,414,11,11,43,61,95,113,130,80,105,117,218,268,218,238,255,305,305,255,331,341,425,442,442,470,120,20,38,38,38,38],"floor_reached":50,"language":"ENG","playtime":6000,"items_purged":["Slimebound:Defend_Slimebound","Slimebound:CorrosiveSpit"],"score":639,"play_id":"b638bc51-5619-42d1-a8a2-ead8e07df646","local_time":"20210204152229","is_ascension_mode":true,"campfire_choices":[{"data":"Slimebound:Darklings","floor":1,"key":"SMITH"},{"floor":13,"key":"REST"},{"data":"Slimebound:FirmFortitude","floor":18,"key":"SMITH"},{"data":"Slimebound:Nibble","floor":30,"key":"SMITH"},{"floor":35,"key":"RECALL"},{"data":"Slimebound:RejuvenatingLick","floor":40,"key":"SMITH"},{"data":"Slimebound:RallyTheTroops","floor":47,"key":"SMITH"}],"circlet_count":0,"master_deck":["Slimebound:Strike_Slimebound+1","Slimebound:Strike_Slimebound+1","Slimebound:Tackle+1","Slimebound:Defend_Slimebound","Slimebound:Defend_Slimebound","Slimebound:Darklings+1","Slimebound:LivingWall+1","Slimebound:PressTheAttack","Slimebound:Nibble+1","Slimebound:PressTheAttack","Slimebound:GoopSpray","Slimebound:FirmFortitude+1","Slimebound:LivingWall+1","Slimebound:SamplingLick+1","Shame","Slimebound:Replication+1","Slimebound:Darklings+1","Slimebound:LevelUp","Slimebound:SlimeBrawl+1","Slimebound:RejuvenatingLick+1","Slimebound:SplitAcid+1","Slimebound:LevelUp","Slimebound:ProtectTheBoss+1","Slimebound:RallyTheTroops+1","Slimebound:SplitLeeching+1","Slimebound:ForwardTackle","Slimebound:LeadByExample","Slimebound:SplitSpecialist+1","Slimebound:SlimeBarrage+1","Slimebound:SlimeBrawl+1","Slimebound:HauntingLick+1","Slimebound:SplitBruiser","Slimebound:LeadByExample+1"],"relics":["Slimebound:AbsorbEndCombat","PreservedInsect","MawBank","Guardian:PocketSentry","Slimebound:GreedOozeRelic","Sozu","Bottled Flame","DollysMirror","Ice Cream","Guardian:GemstoneGun","Darkstone Periapt","Tiny House","champ:DeflectingBracers","Shuriken","Guardian:BottledAnomaly","Bag of Preparation","downfall:HeartBlessingRed","downfall:HeartBlessingGreen","downfall:HeartBlessingBlue"],"acts_visited":["Exordium","TheCity","TheBeyond"],"potions_floor_usage":[31,42],"damage_taken":[{"damage":2,"enemies":"Small Slimes","floor":2,"turns":4},{"damage":2,"enemies":"Jaw Worm","floor":3,"turns":5},{"damage":2,"enemies":"2 Louse","floor":4,"turns":4},{"damage":16,"enemies":"Large Slime","floor":8,"turns":5},{"damage":22,"enemies":"3 Sentries","floor":9,"turns":7},{"damage":0,"enemies":"3 Louse","floor":11,"turns":3},{"damage":5,"enemies":"Lots of Slimes","floor":12,"turns":4},{"damage":0,"enemies":"Blue Slaver","floor":15,"turns":2},{"damage":35,"enemies":"DF_ARCHETYPE_STREAMLINE","floor":16,"turns":8},{"damage":0,"enemies":"Shell Parasite","floor":20,"turns":3},{"damage":7,"enemies":"Snecko","floor":21,"turns":4},{"damage":3,"enemies":"downfall:FleeingMerchant","floor":23,"turns":4},{"damage":15,"enemies":"Slavers","floor":25,"turns":4},{"damage":9,"enemies":"Centurion and Healer","floor":26,"turns":5},{"damage":10,"enemies":"Gremlin Leader","floor":27,"turns":5},{"damage":4,"enemies":"Snake Plant","floor":28,"turns":3},{"damage":2,"enemies":"Shelled Parasite and Fungi","floor":29,"turns":4},{"damage":8,"enemies":"Slavers","floor":31,"turns":3},{"damage":12,"enemies":"Cultist and Chosen","floor":32,"turns":5},{"damage":33,"enemies":"SI_MIRROR_ARCHETYPE","floor":33,"turns":6},{"damage":0,"enemies":"3 Shapes","floor":36,"turns":2},{"damage":0,"enemies":"3 Darklings","floor":37,"turns":4},{"damage":0,"enemies":"3 Darklings","floor":38,"turns":3},{"damage":28,"enemies":"3 Darklings","floor":39,"turns":3},{"damage":0,"enemies":"Writhing Mass","floor":42,"turns":3},{"damage":18,"enemies":"downfall:FleeingMerchant","floor":43,"turns":3},{"damage":0,"enemies":"Sphere and 2 Shapes","floor":44,"turns":1},{"damage":0,"enemies":"Nemesis","floor":46,"turns":3},{"damage":24,"enemies":"3 Darklings","floor":49,"turns":3},{"damage":50,"enemies":"WA_ARCHETYPE_DIVINITY","floor":50,"turns":3}],"seed_played":"2473268438774241083","potions_obtained":[{"floor":4,"key":"Strength Potion"},{"floor":9,"key":"Slimebound:ThreeZeroPotion"},{"floor":11,"key":"sneckomod:MuddlingPotion"},{"floor":15,"key":"Weak Potion"}],"is_trial":false,"path_per_floor":["R","M","M","M","?","?","T","M","E","?","M","M","R","?","M","B",null,"R","?","M","M","?","$","T","E","M","E","M","M","R","E","M","B",null,"R","M","M","?","?","R","T","M","$","M","?","E","R","$","M","B"],"character_chosen":"SLIMEBOUND","items_purchased":["Bottled Flame","DollysMirror","Guardian:BottledAnomaly"],"campfire_rested":1,"item_purchase_floors":[23,23,43],"current_hp_per_floor":[47,49,55,53,53,46,46,34,18,18,22,25,44,44,48,21,65,65,57,63,58,58,61,61,50,47,45,43,45,45,45,39,14,70,70,70,70,70,44,44,44,50,34,36,36,40,50,50,34,0,0,0],"gold":38,"neow_bonus":"THREE_RARE_CARDS","is_daily":false,"chose_seed":false,"campfire_upgraded":5,"win_rate":0.0,"timestamp":1612470149,"path_taken":["R","M","M","M","?","?","T","?","E","?","M","M","R","?","M","BOSS","R","?","?","M","?","$","T","E","M","E","M","?","R","E","M","BOSS","R","M","M","?","?","R","T","M","$","M","?","E","R","$","M","BOSS"],"items_purchased_type":["Relic","Relic","Relic"],"build_version":"2020-12-22","purchased_purges":2,"victory":false,"max_hp_per_floor":[65,65,65,65,65,65,65,65,65,65,65,65,65,65,65,65,65,65,65,65,65,65,65,65,65,65,65,65,65,65,65,65,65,70,70,70,70,70,70,70,70,70,70,70,70,70,80,80,80,80,80,80],"card_choices":[{"not_picked":["Slimebound:DuplicatedForm","Slimebound:OozeBath"],"picked":"Slimebound:Darklings","floor":0},{"not_picked":["Slimebound:SplitLeeching","Slimebound:ViciousTackle","Slimebound:FinishingTackle"],"picked":"SKIP","floor":2},{"not_picked":["Slimebound:FinishingTackle","Slimebound:HauntingLick","Slimebound:SplitMire"],"picked":"SKIP","floor":3},{"not_picked":["Slimebound:PressTheAttack","Slimebound:RollThrough"],"picked":"Slimebound:LivingWall","floor":4},{"not_picked":["Slimebound:SplitAcid","Slimebound:RollThrough"],"picked":"Slimebound:PressTheAttack","floor":8},{"not_picked":["Slimebound:GoopSpray","Slimebound:ComboTackle"],"picked":"Slimebound:Nibble","floor":9},{"not_picked":["Slimebound:HungryTackle","Slimebound:TongueLash"],"picked":"Slimebound:PressTheAttack","floor":11},{"not_picked":["Slimebound:ItLooksTasty","Slimebound:ViciousTackle"],"picked":"Slimebound:GoopSpray","floor":12},{"not_picked":["Slimebound:LeadByExample","Slimebound:SplitBruiser","Slimebound:RollThrough"],"picked":"SKIP","floor":15},{"not_picked":["Slimebound:RallyTheTroops","Slimebound:MinionMaster"],"picked":"Slimebound:FirmFortitude","floor":16},{"not_picked":["Slimebound:ItLooksTasty+1","Slimebound:PressTheAttack"],"picked":"Slimebound:LivingWall+1","floor":20},{"not_picked":["Slimebound:SplitMire","Slimebound:RainOfGoop"],"picked":"Slimebound:SamplingLick+1","floor":21},{"not_picked":["Slimebound:LeechEnergy+1","Slimebound:WasteNot"],"picked":"Slimebound:Replication+1","floor":23},{"not_picked":["Slimebound:GoopTackle+1","Slimebound:Dissolve"],"picked":"Slimebound:LevelUp","floor":25},{"not_picked":["Slimebound:RollThrough","Slimebound:HauntingLick"],"picked":"Slimebound:SlimeBrawl+1","floor":26},{"not_picked":["Slimebound:SlimeBarrage","Slimebound:SamplingLick","Slimebound:PressTheAttack"],"picked":"SKIP","floor":27},{"not_picked":["Slimebound:SplitBruiser","Slimebound:ComboTackle"],"picked":"Slimebound:RejuvenatingLick","floor":28},{"not_picked":["Slimebound:Prepare","Slimebound:LivingWall+1"],"picked":"Slimebound:SplitAcid+1","floor":29},{"not_picked":["Slimebound:ItLooksTasty+1","Slimebound:LeechingTouch"],"picked":"Slimebound:LevelUp","floor":31},{"not_picked":["Slimebound:LeechingTouch","Slimebound:RollThrough"],"picked":"Slimebound:ProtectTheBoss","floor":32},{"not_picked":["Slimebound:WasteNot","Slimebound:LeechLife"],"picked":"Slimebound:RallyTheTroops","floor":33},{"not_picked":["Slimebound:GoopSpray","Slimebound:RollThrough+1"],"picked":"Slimebound:SplitLeeching+1","floor":34},{"not_picked":["Slimebound:BestDefense","Slimebound:RollThrough"],"picked":"Slimebound:ForwardTackle","floor":36},{"not_picked":["Slimebound:Prepare","Slimebound:GoopTackle"],"picked":"Slimebound:LeadByExample","floor":37},{"not_picked":["Slimebound:LeechingTouch+1","Slimebound:LivingWall+1"],"picked":"Slimebound:SplitSpecialist+1","floor":38},{"not_picked":["Slimebound:RejuvenatingLick","Slimebound:SlimeBrawl+1"],"picked":"Slimebound:SlimeBarrage+1","floor":39},{"not_picked":["Slimebound:LeechEnergy+1","Slimebound:LivingWall+1"],"picked":"Slimebound:SlimeBrawl+1","floor":42},{"not_picked":["Slimebound:SlimeBarrage+1","Slimebound:LevelUp+1"],"picked":"Slimebound:HauntingLick+1","floor":43},{"not_picked":["Slimebound:DisruptingSlam","Slimebound:GoopSpray"],"picked":"Slimebound:SplitBruiser","floor":44},{"not_picked":["Slimebound:LeechEnergy","Slimebound:SamplingLick","Slimebound:Prepare+1"],"picked":"SKIP","floor":46},{"not_picked":["Slimebound:GoopSpray","Slimebound:FinishingTackle+1"],"picked":"Slimebound:LeadByExample+1","floor":49}],"player_experience":331498,"relics_obtained":[{"floor":7,"key":"MawBank"},{"floor":9,"key":"Guardian:PocketSentry"},{"floor":25,"key":"Ice Cream"},{"floor":27,"key":"Guardian:GemstoneGun"},{"floor":31,"key":"Darkstone Periapt"},{"floor":38,"key":"champ:DeflectingBracers"},{"floor":41,"key":"Shuriken"},{"floor":46,"key":"Bag of Preparation"}],"event_choices":[{"damage_healed":0,"gold_gain":0,"player_choice":"Success","damage_taken":7,"relics_obtained":["PreservedInsect"],"max_hp_gain":0,"max_hp_loss":0,"event_name":"Scrap Ooze","floor":6,"gold_loss":0}],"is_beta":false,"boss_relics":[{"not_picked":["Black Star","Snecko Eye"],"picked":"Sozu"},{"not_picked":["Pandora\u0027s Box","Busted Crown"],"picked":"Tiny House"}],"items_purged_floors":[43,48],"is_endless":false,"potions_floor_spawned":[4,9,11,15,20,25,26,28,32,37,39,49],"killed_by":"WA_ARCHETYPE_DIVINITY","ascension_level":1}}