{"host":"Ringo","time":1612414671,"event":{"mods":["BaseMod","Colored Map","Conspire","Dota2Spire","Hubris","Minty Spire (QoL Compilation)","Replay The Spire","StSLib","The Construct","[IsaacMod]ÒÔÈö¼âËþ","¡¾ÒÅÎï¿¨ÅÆ¡¿REMEMod"],"gold_per_floor":[99,113,126,139,153,178,218,250,295,304,339,372,400,428,428,502,511,530,547,559,586,112,146,178,210,228,255,280,311,726,771,771,872,881,949,1021,523,565,574,609,609,662,662,708,300,340,480,511,511,559,580],"floor_reached":52,"language":"ZHS","playtime":1951,"items_purged":[],"score":4086,"play_id":"db0eba54-ce28-4884-882a-ffc4372bf317","local_time":"20210204125751","daily_mods":["SealedDeck","Vintage","Heirloom","Time Dilation","Flight","DeadlyEvents","Elite Swarm","Lethality","Binary"],"is_ascension_mode":true,"campfire_choices":[{"data":"Hidden Blade","floor":10.0,"key":"SMITH"},{"data":"Leg Sweep","floor":15.0,"key":"SMITH"},{"data":"Ghostly","floor":32.0,"key":"SMITH"},{"data":"Ghostly","floor":41.0,"key":"SMITH"},{"data":"ReplayTheSpireMod:Exploit Weakness","floor":49.0,"key":"SMITH"}],"circlet_count":0,"master_deck":["AscendersBane","ReplayTheSpireMod:The Works+1","Leg Sweep+1","Prepared","Hidden Blade+1","Sucker Punch","Slice","Riddle With Holes","Heel Hook","Blade Dance+1","Madness","Underhanded Strike+1","Hidden Blade","REME_HeartOfCthun+1","Ghostly","Ghostly+1","Ghostly+1","Pot Of Greed","Pot Of Greed","Footwork","Backflip","Backstab","Caltrops+1","Ghostly","Cloak And Dagger","Endless Agony","Pot Of Greed+1","ReplayTheSpireMod:Exploit Weakness+1"],"relics":["Ring of the Snake","Busted Crown","HushsDoor","REME_ComplimentaryCards","replay:Trail_Library","Bird Faced Urn","TheBible","Tingsha","Dota2Spire:ShivaGuard","YumHeart","hubris:OldNail","Bag of Preparation","hubris:CrystalStatue","Dead Branch","CeramicFish","Bottled Lightning","UnicornStump","Oddly Smooth Stone","hubris:HollowSoul","GuppysHairball","GuppysCollar","Anchor","hubris:Potato","Nunchaku","BlankCard","ClockworkSouvenir","The Specimen","Chameleon Ring","Replay:Rubber Ducky","Grinning Jar","hubris:FunFungus","Bag of Marbles","REME_ArchaeologicalTools","Old Coin","Akabeko","ChampionBelt","GuppysHead","construct:FoamFinger","Toolbox","Dota2Spire:MagicBottle","SteamSale","Void","Calipers","D6","Guide Book","Pear","ReplayTheSpireMod:Lightbulb","Torii","Dota2Spire:Satanic"],"acts_visited":["Exordium","TheCity","TheBeyond"],"potions_floor_usage":[51],"damage_taken":[{"damage":0.0,"enemies":"Small Slimes","floor":2.0,"turns":1.0},{"damage":0.0,"enemies":"2 Louse","floor":3.0,"turns":1.0},{"damage":0.0,"enemies":"conspire:RoseBush","floor":4.0,"turns":1.0},{"damage":0.0,"enemies":"Large Slime","floor":5.0,"turns":1.0},{"damage":6.0,"enemies":"3 Sentries","floor":6.0,"turns":5.0},{"damage":0.0,"enemies":"Exordium Wildlife","floor":7.0,"turns":1.0},{"damage":0.0,"enemies":"Lagavulin","floor":8.0,"turns":1.0},{"damage":0.0,"enemies":"3 Sentries","floor":11.0,"turns":2.0},{"damage":0.0,"enemies":"Replay:BlueRogue","floor":12.0,"turns":1.0},{"damage":0.0,"enemies":"3 Sentries","floor":13.0,"turns":1.0},{"damage":0.0,"enemies":"Replay:BlueRogue","floor":14.0,"turns":1.0},{"damage":0.0,"enemies":"Hexaghost","floor":16.0,"turns":1.0},{"damage":0.0,"enemies":"3 Byrds","floor":18.0,"turns":1.0},{"damage":0.0,"enemies":"Chosen","floor":19.0,"turns":1.0},{"damage":0.0,"enemies":"Sentry and Sphere","floor":20.0,"turns":1.0},{"damage":0.0,"enemies":"Gremlin Leader","floor":23.0,"turns":1.0},{"damage":0.0,"enemies":"conspire:Head Lice","floor":24.0,"turns":2.0},{"damage":0.0,"enemies":"Slavers","floor":25.0,"turns":1.0},{"damage":0.0,"enemies":"REME_1_Revenger","floor":27.0,"turns":1.0},{"damage":0.0,"enemies":"conspire:Head Lice","floor":28.0,"turns":1.0},{"damage":0.0,"enemies":"Book of Stabbing","floor":29.0,"turns":1.0},{"damage":0.0,"enemies":"conspire:HollyBat","floor":30.0,"turns":3.0},{"damage":0.0,"enemies":"REME_1_Revenger","floor":31.0,"turns":1.0},{"damage":0.0,"enemies":"Collector","floor":33.0,"turns":1.0},{"damage":0.0,"enemies":"Giant Head","floor":35.0,"turns":1.0},{"damage":0.0,"enemies":"Reptomancer","floor":38.0,"turns":1.0},{"damage":0.0,"enemies":"R_Hoarder","floor":40.0,"turns":1.0},{"damage":0.0,"enemies":"Giant Head","floor":42.0,"turns":1.0},{"damage":0.0,"enemies":"R_Hoarder","floor":44.0,"turns":1.0},{"damage":0.0,"enemies":"Reptomancer","floor":46.0,"turns":1.0},{"damage":0.0,"enemies":"R_Hoarder","floor":47.0,"turns":2.0},{"damage":0.0,"enemies":"Giant Head","floor":48.0,"turns":1.0},{"damage":0,"enemies":"Awakened One","floor":50,"turns":3},{"damage":0,"enemies":"hubris:GrandSnecko","floor":51,"turns":1}],"seed_played":"-3192764483270705902","potions_obtained":[{"floor":6.0,"key":"REME_GoldPotion"},{"floor":8.0,"key":"Strength Potion"},{"floor":13.0,"key":"Weak Potion"},{"floor":19.0,"key":"Venom Potion"},{"floor":23.0,"key":"Swift Potion"},{"floor":24.0,"key":"PowerPotion"}],"is_trial":true,"path_per_floor":["?","M","M","M","M","E","M","E","T","R","E","E","E","E","R","B",null,"M","M","M","?","$","E","E","E","T","E","E","E","M","E","R","B",null,"M","?","$","E","NS","E","R","E","T","E","$","E","E","E","R","B","B",null],"character_chosen":"THE_SILENT","items_purchased":["GuppysHairball","GuppysCollar","REME_HeartOfCthun","BlankCard","ClockworkSouvenir","GuppysHead","Footwork","Toolbox","Dota2Spire:MagicBottle","Backflip","Backstab","Caltrops+1","Cloak And Dagger","Endless Agony","Guide Book","Pear","ReplayTheSpireMod:Lightbulb","ReplayTheSpireMod:Exploit Weakness"],"campfire_rested":0,"item_purchase_floors":[17,17,17,22,22,34,34,37,37,37,37,37,45,45,45,45,45,45],"current_hp_per_floor":[59,59,59,59,59,53,53,53,53,53,53,66,66,66,66,66,39,39,39,39,19,19,19,19,19,19,19,19,19,19,19,19,19,6,6,5,5,6,6,6,6,6,6,6,16,16,16,16,16,16,16],"gold":580,"neow_bonus":"","is_daily":false,"chose_seed":false,"campfire_upgraded":5,"win_rate":0.0,"timestamp":1612414671,"path_taken":["?","M","M","M","M","E","M","E","T","R","E","E","E","E","R","BOSS","M","M","M","?","$","E","E","E","T","E","E","E","M","E","R","BOSS","M","?","$","?","NS","E","R","E","T","E","$","E","E","E","R","BOSS","BOSS"],"items_purchased_type":["Relic","Relic","Card","Relic","Relic","Relic","Card","Relic","Relic","Card","Card","Card","Card","Card","Relic","Relic","Relic","Card"],"build_version":"2020-12-18","purchased_purges":0,"victory":true,"max_hp_per_floor":[66,66,66,66,66,66,66,66,66,66,66,66,66,66,66,66,39,39,39,39,19,19,19,19,19,19,19,19,19,19,19,19,19,6,6,6,6,6,6,6,6,6,6,6,16,16,16,16,16,16,16],"card_choices":[],"player_experience":621075,"relics_obtained":[{"floor":2.0,"key":"Tingsha"},{"floor":3.0,"key":"Dota2Spire:ShivaGuard"},{"floor":4.0,"key":"YumHeart"},{"floor":5.0,"key":"hubris:OldNail"},{"floor":6.0,"key":"Bag of Preparation"},{"floor":7.0,"key":"hubris:CrystalStatue"},{"floor":8.0,"key":"Dead Branch"},{"floor":9.0,"key":"CeramicFish"},{"floor":11.0,"key":"Bottled Lightning"},{"floor":12.0,"key":"hubris:Zylophone"},{"floor":13.0,"key":"UnicornStump"},{"floor":14.0,"key":"Oddly Smooth Stone"},{"floor":18.0,"key":"Anchor"},{"floor":19.0,"key":"hubris:Potato"},{"floor":20.0,"key":"Nunchaku"},{"floor":23.0,"key":"The Specimen"},{"floor":24.0,"key":"Chameleon Ring"},{"floor":25.0,"key":"Replay:Rubber Ducky"},{"floor":26.0,"key":"Grinning Jar"},{"floor":27.0,"key":"hubris:FunFungus"},{"floor":28.0,"key":"Bag of Marbles"},{"floor":29.0,"key":"REME_ArchaeologicalTools"},{"floor":30.0,"key":"Old Coin"},{"floor":31.0,"key":"Akabeko"},{"floor":35.0,"key":"construct:FoamFinger"},{"floor":38.0,"key":"SteamSale"},{"floor":40.0,"key":"Void"},{"floor":42.0,"key":"Calipers"},{"floor":43.0,"key":"D6"},{"floor":46.0,"key":"Torii"},{"floor":47.0,"key":"Dota2Spire:Satanic"},{"floor":48.0,"key":"War Paint"}],"event_choices":[{"damage_healed":0.0,"max_hp_gain":0.0,"max_hp_loss":20.0,"gold_gain":0.0,"event_name":"Ghosts","player_choice":"Became a Ghost","floor":21.0,"gold_loss":0.0,"damage_taken":0.0,"cards_obtained":["Ghostly","Ghostly","Ghostly"]}],"is_beta":true,"boss_relics":[{"not_picked":["hubris:BlackHole","Replay:Wanted Poster"],"picked":"hubris:HollowSoul"},{"not_picked":[]},{"not_picked":["REME_DemonsWealth","construct:WeddingRing"],"picked":"ChampionBelt"},{"not_picked":[]}],"items_purged_floors":[],"is_endless":false,"potions_floor_spawned":[6,8,13,14,19,23,24,27,30,40,44,46],"ascension_level":20}}