{"host":"ipy8buq3e4d47khg","time":1612411612,"event":{"mods":["BaseMod","Colored Map","Colored Powertips","Minty Spire (QoL Compilation)","Quick Restart","Replay The Spire","Shop Mod","StSLib"],"gold_per_floor":[16,34,109,61,61,86,100,126,126,154,165,165,176,31,31,126,126,136,136,96,106,119,119,146,146,171,182,216,142,142,162,162,258,258,277,291,291,21,41,68,68,96,96,22,22,42,42,76,76,76],"floor_reached":51,"language":"ENG","playtime":8425,"items_purged":[],"score":649,"play_id":"a07f2f0f-9612-42bd-82c0-d6d61de968b9","local_time":"20210203200652","is_ascension_mode":true,"campfire_choices":[{"floor":15.0,"key":"REST"},{"data":"1","floor":23.0,"key":"LIFT"},{"data":"2","floor":25.0,"key":"LIFT"},{"floor":30.0,"key":"REST"},{"data":"3","floor":32.0,"key":"LIFT"},{"data":"Barricade","floor":41,"key":"SMITH"},{"floor":45,"key":"REST"},{"data":"Entrench","floor":49,"key":"SMITH"}],"circlet_count":0,"master_deck":["Strike_R","Strike_R+1","Strike_R","Strike_R","Defend_R","Defend_R","Defend_R+1","Defend_R","Bash","Metallicize+1","Shrug It Off","Pummel+1","Whirlwind","Armaments","Shrug It Off","Run Through","Uppercut+1","Anger","Combust+1","Pommel Strike","Metallicize","Reaper","Barricade+1","Battle Trance","Sword Boomerang+1","Metallicize+1","Battle Trance","Enlightenment","ReplayTheSpireMod:Limb From Limb+1","Sword Boomerang","Shrug It Off","Entrench+1","Inflame","Flex+1"],"relics":["Burning Blood","Girya","Ice Cream","Replay:Bottled Snecko","Pantograph","Potion Belt","Pet Ghost","Velvet Choker","Another Sword","Art of War","Simple Rune","Black Star","Membership Card","Nunchaku","Unceasing Top","ReplayTheSpireMod:Shallot","Juzu Bracelet","Pen Nib","Ornamental Fan","ReplayTheSpireMod:Lightbulb","Letter Opener"],"acts_visited":["Exordium","TheCity","TheBeyond"],"potions_floor_usage":[50],"damage_taken":[{"damage":7.0,"enemies":"2 Louse","floor":1.0,"turns":3.0},{"damage":1.0,"enemies":"Cultist","floor":2.0,"turns":4.0},{"damage":22.0,"enemies":"3 Sentries","floor":6.0,"turns":10.0},{"damage":1.0,"enemies":"Jaw Worm","floor":7.0,"turns":5.0},{"damage":12.0,"enemies":"Lagavulin","floor":8.0,"turns":9.0},{"damage":30.0,"enemies":"Gremlin Nob","floor":10.0,"turns":5.0},{"damage":5.0,"enemies":"Looter","floor":11.0,"turns":4.0},{"damage":4.0,"enemies":"Exordium Thugs","floor":13.0,"turns":6.0},{"damage":48.0,"enemies":"Fading Forest","floor":16.0,"turns":11.0},{"damage":2.0,"enemies":"Shell Parasite","floor":18.0,"turns":11.0},{"damage":17.0,"enemies":"2 Thieves","floor":21.0,"turns":4.0},{"damage":13.0,"enemies":"Shelled Parasite and Fungi","floor":22.0,"turns":5.0},{"damage":29.0,"enemies":"Slavers","floor":24.0,"turns":7.0},{"damage":8.0,"enemies":"Cultist and Chosen","floor":27.0,"turns":3.0},{"damage":10.0,"enemies":"Replay:Snechameleon","floor":28.0,"turns":5.0},{"damage":6.0,"enemies":"Snake Plant","floor":31.0,"turns":4.0},{"damage":60.0,"enemies":"Automaton","floor":33.0,"turns":9.0},{"damage":25.0,"enemies":"3 Shapes","floor":35.0,"turns":2.0},{"damage":0.0,"enemies":"Orb Walker","floor":36.0,"turns":3.0},{"damage":14.0,"enemies":"Transient","floor":39.0,"turns":5.0},{"damage":26,"enemies":"Giant Head","floor":40,"turns":9},{"damage":40,"enemies":"Reptomancer","floor":42,"turns":8},{"damage":0,"enemies":"3 Darklings","floor":46,"turns":4},{"damage":2,"enemies":"R_Hoarder","floor":48,"turns":6},{"damage":40,"enemies":"Replay:Hell Engine","floor":50,"turns":13}],"seed_played":"-7613022231444807293","potions_obtained":[{"floor":2.0,"key":"SkillPotion"},{"floor":6.0,"key":"ColorlessPotion"},{"floor":8.0,"key":"CultistPotion"},{"floor":10.0,"key":"PowerPotion"},{"floor":13.0,"key":"Adrenaline Potion"},{"floor":28.0,"key":"SkillPotion"},{"floor":33.0,"key":"Explosive Potion"},{"floor":35.0,"key":"HeartOfIron"},{"floor":46,"key":"AttackPotion"}],"is_trial":false,"path_per_floor":["M","M","?","$","?","E","M","E","T","E","M","?","M","$","R","B",null,"M","$","?","M","M","R","E","R","T","M","E","$","R","M","R","B",null,"M","M","?","$","M","E","R","E","T","$","R","M","T","E","R","B",null],"character_chosen":"IRONCLAD","items_purchased":["Shrug It Off","Pet Ghost","Metallicize","Membership Card","Metallicize+1","Battle Trance","Enlightenment","Entrench","Inflame"],"campfire_rested":3,"item_purchase_floors":[4,14,29,38,38,38,38,44,44],"current_hp_per_floor":[79,80,69,69,69,53,58,52,52,28,29,29,31,31,55,48,80,80,80,80,69,62,62,39,39,39,37,33,33,57,57,57,29,80,64,70,70,70,72,52,52,26,26,26,50,56,56,70,70,51],"gold":76,"neow_bonus":"ONE_RARE_RELIC","is_daily":false,"chose_seed":false,"campfire_upgraded":2,"win_rate":0.0,"timestamp":1612411612,"path_taken":["M","M","?","$","?","E","M","E","T","E","?","?","M","$","R","BOSS","M","$","?","M","M","R","E","R","T","M","E","?","R","M","R","BOSS","M","M","?","$","M","E","R","E","T","?","R","M","?","E","R","BOSS"],"items_purchased_type":["Card","Relic","Card","Relic","Card","Card","Card","Card","Card"],"build_version":"2020-12-22","purchased_purges":0,"victory":true,"max_hp_per_floor":[80,80,80,80,80,80,80,80,80,80,80,80,80,80,80,80,80,80,80,80,80,80,80,80,80,80,80,80,80,80,80,80,80,80,80,80,80,80,80,80,80,80,80,80,80,80,80,80,80,80],"card_choices":[{"not_picked":["Armaments","Ghostly Armor"],"picked":"Metallicize","floor":1.0},{"not_picked":["Massacre","Reckless Charge","Pommel Strike"],"picked":"SKIP","floor":2.0},{"not_picked":["Sword Boomerang","Blood for Blood"],"picked":"Whirlwind","floor":6.0},{"not_picked":["Infernal Blade","Run Through"],"picked":"Armaments","floor":7.0},{"not_picked":["Wild Strike","Pummel"],"picked":"Shrug It Off","floor":8.0},{"not_picked":["Offering","Shockwave","Abandon"],"picked":"SKIP","floor":10.0},{"not_picked":["Havoc","ReplayTheSpireMod:Strike From Hell","Clothesline"],"picked":"SKIP","floor":11.0},{"not_picked":["Fire Breathing","Wild Strike"],"picked":"Run Through","floor":13.0},{"not_picked":["Twin Strike+1","Havoc"],"picked":"Uppercut+1","floor":18.0},{"not_picked":["Sword Boomerang","Havoc"],"picked":"Anger","floor":21.0},{"not_picked":["Thunderclap+1","Clash","Shockwave"],"picked":"SKIP","floor":22.0},{"not_picked":["Warcry+1","Hemokinesis+1"],"picked":"Combust+1","floor":24.0},{"not_picked":["Sentinel","Dropkick"],"picked":"Pommel Strike","floor":27.0},{"not_picked":["Feel No Pain+1","True Grit+1","Blood for Blood"],"picked":"SKIP","floor":28.0},{"not_picked":["Dark Embrace","Rupture+1"],"picked":"Reaper","floor":31.0},{"not_picked":["Berserk","Reaper"],"picked":"Barricade","floor":33.0},{"not_picked":["Sword Boomerang","Headbutt"],"picked":"Battle Trance","floor":35.0},{"not_picked":["Wild Strike","Infernal Blade+1"],"picked":"Sword Boomerang+1","floor":36.0},{"not_picked":["Feel No Pain+1","Eclipse"],"picked":"ReplayTheSpireMod:Limb From Limb+1","floor":39.0},{"not_picked":["Run Through+1","ReplayTheSpireMod:Corrosion Curse"],"picked":"Sword Boomerang","floor":40},{"not_picked":["Hemokinesis+1","Replay:Undeath\u0027s Touch"],"picked":"Shrug It Off","floor":42},{"not_picked":["True Grit+1","Carnage+1","Twin Strike+1"],"picked":"SKIP","floor":46},{"not_picked":["Infernal Blade","ReplayTheSpireMod:Strike From Hell"],"picked":"Flex+1","floor":48}],"player_experience":211668,"relics_obtained":[{"floor":6.0,"key":"Ice Cream"},{"floor":8.0,"key":"Replay:Bottled Snecko"},{"floor":9.0,"key":"Pantograph"},{"floor":10.0,"key":"Potion Belt"},{"floor":24.0,"key":"Another Sword"},{"floor":26.0,"key":"Art of War"},{"floor":28.0,"key":"Simple Rune"},{"floor":40,"key":"Nunchaku"},{"floor":40,"key":"Unceasing Top"},{"floor":42,"key":"ReplayTheSpireMod:Shallot"},{"floor":42,"key":"Juzu Bracelet"},{"floor":43,"key":"Pen Nib"},{"floor":47,"key":"Ornamental Fan"},{"floor":48,"key":"ReplayTheSpireMod:Lightbulb"},{"floor":48,"key":"Letter Opener"}],"event_choices":[{"damage_healed":0.0,"max_hp_gain":0.0,"max_hp_loss":0.0,"gold_gain":75.0,"event_name":"World of Goop","player_choice":"Gather Gold","floor":3.0,"gold_loss":0.0,"damage_taken":11.0},{"damage_healed":0.0,"max_hp_gain":0.0,"max_hp_loss":0.0,"gold_gain":0.0,"cards_transformed":["Strike_R"],"event_name":"Transmorgrifier","player_choice":"Transformed","floor":5.0,"gold_loss":0.0,"damage_taken":0.0,"cards_obtained":["Pummel"]},{"damage_healed":0.0,"max_hp_gain":0.0,"max_hp_loss":0.0,"gold_gain":0.0,"event_name":"Designer","player_choice":"Upgrade","floor":20.0,"gold_loss":40.0,"damage_taken":0.0,"cards_upgraded":["Metallicize"]},{"damage_healed":0.0,"max_hp_gain":0.0,"max_hp_loss":0.0,"gold_gain":0.0,"event_name":"Tomb of Lord Red Mask","player_choice":"Ignored","floor":37.0,"gold_loss":0.0,"damage_taken":0.0}],"is_beta":false,"boss_relics":[{"not_picked":["Replay:Wanted Poster","Replay:Bronze Core"],"picked":"Velvet Choker"},{"not_picked":["SlaversCollar","Sozu"],"picked":"Black Star"}],"items_purged_floors":[],"is_endless":false,"potions_floor_spawned":[2,6,8,10,13,28,33,35,40,46],"ascension_level":1}}