{"host":"5w7hw1ne5h7avrl9","time":1612406763,"event":{"mods":["AchievementEnabler","BaseMod","Colored Map","Colored Powertips","Displayed Cursed Tome","Googly Eyes","Minty Spire (QoL Compilation)","SuperFastMode"],"gold_per_floor":[118,118,193,212,22,57,57,83,108,108,125,10,25,39,39,39,39],"floor_reached":16,"language":"ENG","playtime":1176,"items_purged":["Strike_B"],"score":121,"play_id":"81c12b77-5735-4ae2-bdf2-eb2085b9d00d","local_time":"20210203184603","is_ascension_mode":true,"campfire_choices":[{"floor":7,"key":"REST"},{"data":"Go for the Eyes","floor":10,"key":"SMITH"},{"data":"Static Discharge","floor":15,"key":"SMITH"}],"circlet_count":0,"master_deck":["Strike_B","Strike_B","Strike_B+1","Defend_B","Defend_B","Defend_B","Defend_B","Zap","Dualcast","Decay","Sadistic Nature+1","FTL","Conserve Battery","White Noise","FTL","Go for the Eyes+1","Static Discharge+1","Loop","Aggregate"],"relics":["Cracked Core","HandDrill","Strawberry","Bag of Marbles","Juzu Bracelet"],"acts_visited":["Exordium"],"potions_floor_usage":[6,8,13],"damage_taken":[{"damage":15,"enemies":"Jaw Worm","floor":1,"turns":4},{"damage":0,"enemies":"Small Slimes","floor":4,"turns":3},{"damage":14,"enemies":"3 Sentries","floor":6,"turns":6},{"damage":5,"enemies":"Gremlin Nob","floor":8,"turns":3},{"damage":7,"enemies":"2 Louse","floor":11,"turns":2},{"damage":2,"enemies":"Exordium Thugs","floor":13,"turns":4},{"damage":8,"enemies":"Blue Slaver","floor":14,"turns":2},{"damage":30,"enemies":"The Guardian","floor":16,"turns":6}],"seed_played":"6677768903904323768","potions_obtained":[{"floor":4,"key":"AttackPotion"},{"floor":6,"key":"Explosive Potion"},{"floor":8,"key":"FocusPotion"}],"is_trial":false,"path_per_floor":["M","?","?","M","$","E","R","E","T","R","M","$","M","M","R","B"],"character_chosen":"DEFECT","items_purchased":["HandDrill","White Noise","Loop"],"campfire_rested":1,"item_purchase_floors":[5,5,12],"current_hp_per_floor":[60,45,34,34,34,27,51,46,46,46,39,39,37,29,29,0,0],"gold":39,"neow_bonus":"RANDOM_COLORLESS_2","is_daily":false,"chose_seed":false,"campfire_upgraded":2,"win_rate":0.0,"timestamp":1612406763,"path_taken":["M","?","?","M","$","E","R","E","T","R","M","$","M","M","R","BOSS"],"items_purchased_type":["Relic","Card","Card"],"build_version":"2020-12-22","purchased_purges":1,"victory":false,"max_hp_per_floor":[75,75,75,75,75,82,82,82,82,82,82,82,82,82,82,82,82],"card_choices":[{"not_picked":["HandOfGreed","Secret Weapon"],"picked":"Sadistic Nature","floor":0},{"not_picked":["BootSequence","Turbo"],"picked":"FTL","floor":1},{"not_picked":["Cold Snap","Redo"],"picked":"Conserve Battery","floor":4},{"not_picked":["Coolheaded","Reinforced Body"],"picked":"FTL","floor":6},{"not_picked":["Compile Driver","Blizzard"],"picked":"Go for the Eyes","floor":8},{"not_picked":["Doom and Gloom","Ball Lightning"],"picked":"Static Discharge","floor":11},{"not_picked":["Turbo","Streamline"],"picked":"Aggregate","floor":13},{"not_picked":["Reinforced Body","Turbo","Sunder"],"picked":"SKIP","floor":14}],"player_experience":176088,"relics_obtained":[{"floor":6,"key":"Strawberry"},{"floor":8,"key":"Bag of Marbles"},{"floor":9,"key":"Juzu Bracelet"}],"event_choices":[{"damage_healed":0,"gold_gain":0,"player_choice":"Entered Light","damage_taken":15,"max_hp_gain":0,"max_hp_loss":0,"event_name":"Shining Light","floor":2,"gold_loss":0,"cards_upgraded":["Strike_B","Sadistic Nature"]},{"damage_healed":0,"gold_gain":75,"player_choice":"Gather Gold","damage_taken":11,"max_hp_gain":0,"max_hp_loss":0,"event_name":"World of Goop","floor":3,"gold_loss":0}],"is_beta":false,"boss_relics":[],"items_purged_floors":[12],"is_endless":false,"potions_floor_spawned":[4,6,8],"killed_by":"The Guardian","ascension_level":2}}