{"host":"2hea6pl5vmah38iy","time":1612435766,"event":{"mods":["AchievementEnabler","BaseMod","Colored Map","DeckTracker","Keyboard Shortcuts","Minty Spire (QoL Compilation)","Rare Cards Sparkle","StSLib","SuperFastMode","everything is the same but u backflip on backflip"],"gold_per_floor":[368,368,99,151,151,151,187,226,251,311,380,419,379,414,414,493,493,531,531,72,72,72,128,128,155,155,155,191,216,216],"floor_reached":29,"language":"KOR","playtime":2039,"items_purged":["Regret","Strike_B"],"score":642,"play_id":"67945969-bd2d-48bc-a73c-1262b6593ff5","local_time":"20210204194926","is_ascension_mode":true,"campfire_choices":[{"data":"HandOfGreed","floor":6.0,"key":"SMITH"},{"floor":15.0,"key":"REST"},{"data":"Ghostly","floor":24.0,"key":"SMITH"}],"circlet_count":0,"master_deck":["AscendersBane","Strike_B","Strike_B","Strike_B","Defend_B","Defend_B","Defend_B","Defend_B","Zap","Dualcast","Chaos","HandOfGreed+1","Doom and Gloom","Darkness","Coolheaded","Genetic Algorithm","Chill","Self Repair","Seek","Lockon","Loop","Ghostly+1","Ghostly","Ghostly","Aggregate"],"relics":["Cracked Core","Happy Flower","PreservedInsect","Ancient Tea Set","Runic Pyramid","Potion Belt","Turnip","Symbiotic Virus"],"acts_visited":["Exordium","TheCity"],"potions_floor_usage":[28],"damage_taken":[{"damage":7.0,"enemies":"2 Louse","floor":1.0,"turns":2.0},{"damage":3.0,"enemies":"Small Slimes","floor":4.0,"turns":4.0},{"damage":0.0,"enemies":"Cultist","floor":7.0,"turns":2.0},{"damage":19.0,"enemies":"3 Louse","floor":8.0,"turns":4.0},{"damage":0.0,"enemies":"3 Sentries","floor":10.0,"turns":3.0},{"damage":7.0,"enemies":"Gremlin Gang","floor":11.0,"turns":4.0},{"damage":1.0,"enemies":"2 Fungi Beasts","floor":12.0,"turns":4.0},{"damage":0.0,"enemies":"Blue Slaver","floor":14.0,"turns":1.0},{"damage":16.0,"enemies":"The Guardian","floor":16.0,"turns":7.0},{"damage":31.0,"enemies":"3 Byrds","floor":18.0,"turns":4.0},{"damage":0.0,"enemies":"Gremlin Leader","floor":23.0,"turns":8.0},{"damage":0.0,"enemies":"Book of Stabbing","floor":25.0,"turns":5.0},{"damage":0,"enemies":"Shell Parasite","floor":28,"turns":5},{"damage":38,"enemies":"Slavers","floor":29,"turns":6}],"seed_played":"6362366757517706030","potions_obtained":[{"floor":1.0,"key":"PotionOfCapacity"},{"floor":5.0,"key":"Dexterity Potion"},{"floor":8.0,"key":"DistilledChaos"},{"floor":11.0,"key":"Ancient Potion"},{"floor":12.0,"key":"Explosive Potion"},{"floor":13.0,"key":"LiquidMemories"},{"floor":13.0,"key":"EssenceOfDarkness"},{"floor":25.0,"key":"ColorlessPotion"}],"is_trial":false,"path_per_floor":["M","?","$","M","?","R","M","M","T","E","M","M","?","M","R","B",null,"M","?","$","?","?","E","R","E","T","?","M","E"],"character_chosen":"DEFECT","items_purchased":["HandOfGreed","Potion Belt","Loop","EntropicBrew"],"campfire_rested":1,"item_purchase_floors":[3,20,20,20],"current_hp_per_floor":[57,39,39,36,36,36,36,17,17,17,10,9,9,9,30,21,59,35,35,35,35,35,35,35,35,35,35,35,0,0],"gold":216,"neow_bonus":"TWO_FIFTY_GOLD","is_daily":false,"chose_seed":false,"campfire_upgraded":2,"win_rate":0.0,"timestamp":1612435766,"path_taken":["M","?","$","M","?","R","M","?","T","E","M","M","?","?","R","BOSS","M","?","$","?","?","E","R","E","T","?","M","E"],"items_purchased_type":["Card","Relic","Card","Potion"],"build_version":"2020-12-22","purchased_purges":2,"victory":false,"max_hp_per_floor":[71,71,71,71,71,71,71,71,71,71,71,71,71,71,71,71,71,71,71,71,35,35,35,35,35,35,35,35,35,35],"card_choices":[{"not_picked":["Cold Snap","Sweeping Beam"],"picked":"Chaos","floor":1.0},{"not_picked":["Lockon","Conserve Battery"],"picked":"Doom and Gloom","floor":4.0},{"not_picked":["Stack","Chill"],"picked":"Darkness","floor":7.0},{"not_picked":["Rebound","Barrage"],"picked":"Coolheaded","floor":8.0},{"not_picked":["Coolheaded","Streamline","Consume"],"picked":"SKIP","floor":10.0},{"not_picked":["Fusion","FTL"],"picked":"Genetic Algorithm","floor":11.0},{"not_picked":["Barrage","Steam"],"picked":"Chill","floor":12.0},{"not_picked":["Sweeping Beam","Double Energy"],"picked":"Self Repair","floor":14.0},{"not_picked":["Biased Cognition","Amplify"],"picked":"Seek","floor":16.0},{"not_picked":["Rebound","Sunder"],"picked":"Lockon","floor":18.0},{"not_picked":["Sunder","Self Repair","Rebound"],"picked":"SKIP","floor":23.0},{"not_picked":["Chaos","Conserve Battery+1"],"picked":"Aggregate","floor":25.0},{"not_picked":["Go for the Eyes+1","Barrage","Conserve Battery"],"picked":"SKIP","floor":28}],"player_experience":555779,"relics_obtained":[{"floor":9.0,"key":"PreservedInsect"},{"floor":10.0,"key":"Ancient Tea Set"},{"floor":23.0,"key":"Turnip"},{"floor":25.0,"key":"Symbiotic Virus"}],"event_choices":[{"damage_healed":0.0,"max_hp_gain":0.0,"max_hp_loss":0.0,"gold_gain":0.0,"event_name":"Scrap Ooze","player_choice":"Success","floor":2.0,"gold_loss":0.0,"damage_taken":18.0,"relics_obtained":["Happy Flower"]},{"damage_healed":0.0,"max_hp_gain":0.0,"max_hp_loss":0.0,"gold_gain":0.0,"event_name":"Lab","player_choice":"Got Potions","floor":5.0,"gold_loss":0.0,"damage_taken":0.0},{"damage_healed":0.0,"max_hp_gain":0.0,"max_hp_loss":0.0,"gold_gain":0.0,"event_name":"The Woman in Blue","player_choice":"Bought 3 Potions","floor":13.0,"gold_loss":0.0,"damage_taken":0.0},{"damage_healed":0.0,"max_hp_gain":0.0,"max_hp_loss":0.0,"gold_gain":0.0,"event_name":"Vampires","player_choice":"Ignored","floor":19.0,"gold_loss":0.0,"damage_taken":0.0},{"damage_healed":0.0,"max_hp_gain":0.0,"max_hp_loss":36.0,"gold_gain":0.0,"event_name":"Ghosts","player_choice":"Became a Ghost","floor":21.0,"gold_loss":0.0,"damage_taken":0.0,"cards_obtained":["Ghostly","Ghostly","Ghostly"]},{"damage_healed":0.0,"max_hp_gain":0.0,"max_hp_loss":0.0,"gold_gain":0.0,"event_name":"The Mausoleum","player_choice":"Ignored","floor":22.0,"gold_loss":0.0,"damage_taken":0.0},{"damage_healed":0,"gold_gain":0,"player_choice":"Ignored","damage_taken":0,"max_hp_gain":0,"max_hp_loss":0,"event_name":"Cursed Tome","floor":27,"gold_loss":0}],"is_beta":false,"boss_relics":[{"not_picked":["Ectoplasm","SacredBark"],"picked":"Runic Pyramid"}],"items_purged_floors":[3,20],"is_endless":false,"potions_floor_spawned":[1,8,11,12,25],"killed_by":"Slavers","ascension_level":18}}