{"host":"815dqs41i1y8uxms","time":1612476194,"event":{"mods":["A Penny For Your Troubles","Act Like it!","BaseMod","GungeonMod","Minty Spire (QoL Compilation)","Rare Cards Sparkle","Shop Mod","Spire Arcade","StSLib"],"gold_per_floor":[111,111,13,13,13,13,38,63,90,106,130,151,190,208,208,328,328,346,446,491,491,511,511,511,525,550,65,65,80,95,95,95],"floor_reached":31,"language":"ENG","playtime":2021,"items_purged":["Injury","Pain"],"score":239,"play_id":"f7ef7b9b-f474-4a72-a952-a0a072294dd1","local_time":"20210204230314","is_ascension_mode":false,"campfire_choices":[{"floor":6,"key":"REST"},{"floor":15,"key":"REST"},{"floor":23,"key":"RECALL"},{"floor":28,"key":"REST"}],"circlet_count":0,"master_deck":["DemoMod:Strike_Huntress","DemoMod:Strike_Huntress","DemoMod:Strike_Huntress","DemoMod:Defend_Huntress","DemoMod:Defend_Huntress","DemoMod:Defend_Huntress","DemoMod:Defend_Huntress","DemoMod:Roll","DemoMod:ManualReload","DemoMod:RustySidearm+1","DemoMod:CrossBow","DemoMod:MegaHand","DemoMod:FastSwitch+1","DemoMod:SniperShot","DemoMod:BalloonGun","DemoMod:HuntsMan","DemoMod:MachoBrace","DemoMod:Unity","DemoMod:TripleGun","DemoMod:BalloonGun","DemoMod:CombinedRifle+1","DemoMod:EasyReloadBullets","DemoMod:Unmoved","DemoMod:GunShield","DemoMod:GunslingerForm","DemoMod:Elimentaler","DemoMod:BattleInHaste+1"],"relics":["DemoMod:Dog","NeowsBlessing","Golden Idol","WarpedTongs","Omamori","Singing Bowl","Pantograph","Black Star","Letter Opener","DemoMod:RedGuonStone","MerchantsRug"],"acts_visited":["Exordium","TheCity"],"potions_floor_usage":[11,16,16,18,20,22,25,30],"damage_taken":[{"damage":0,"enemies":"Small Slimes","floor":1,"turns":1},{"damage":0,"enemies":"Cultist","floor":7,"turns":1},{"damage":0,"enemies":"2 Louse","floor":8,"turns":1},{"damage":0,"enemies":"2 Fungi Beasts","floor":10,"turns":2},{"damage":7,"enemies":"Exordium Wildlife","floor":11,"turns":5},{"damage":2,"enemies":"Large Slime","floor":12,"turns":4},{"damage":7,"enemies":"3 Sentries","floor":13,"turns":8},{"damage":11,"enemies":"Lots of Slimes","floor":14,"turns":3},{"damage":62,"enemies":"Hexaghost","floor":16,"turns":10},{"damage":10,"enemies":"3 Byrds","floor":18,"turns":6},{"damage":3,"enemies":"2 Thieves","floor":20,"turns":7},{"damage":5,"enemies":"2 Thieves","floor":22,"turns":3},{"damage":49,"enemies":"Centurion and Healer","floor":25,"turns":8},{"damage":4,"enemies":"Snecko","floor":29,"turns":7},{"damage":4,"enemies":"Shelled Parasite and Fungi","floor":30,"turns":8},{"damage":30,"enemies":"Cultist and Chosen","floor":31,"turns":4}],"seed_played":"1433458402915362490","potions_obtained":[{"floor":1,"key":"SneckoOil"},{"floor":8,"key":"Block Potion"},{"floor":10,"key":"LiquidMemories"},{"floor":13,"key":"Fire Potion"},{"floor":18,"key":"DemoMod:LeadSkinPotion"}],"is_trial":false,"path_per_floor":["M","?","$","?","?","R","M","M","T","M","M","M","E","M","R","B",null,"M","?","?","?","M","R","?","M","T","$","R","M","M","M"],"character_chosen":"HUNTRESS","items_purchased":["DemoMod:FastSwitch","MerchantsRug","DemoMod:GunShield","DemoMod:GunslingerForm"],"campfire_rested":3,"item_purchase_floors":[3,27,27,27],"current_hp_per_floor":[70,70,70,56,56,70,70,70,70,70,63,61,54,45,66,10,72,62,62,59,59,54,54,54,7,7,7,27,23,19,0,0],"gold":95,"neow_bonus":"THREE_ENEMY_KILL","is_daily":false,"chose_seed":false,"campfire_upgraded":0,"win_rate":0.0,"timestamp":1612476194,"path_taken":["M","?","$","?","?","R","M","M","T","?","M","M","E","M","R","BOSS","M","?","?","?","M","R","?","?","T","$","R","M","M","M"],"items_purchased_type":["Card","Relic","Card","Card"],"build_version":"2020-12-22","purchased_purges":2,"victory":false,"max_hp_per_floor":[70,70,70,70,70,70,70,70,70,70,70,70,70,72,72,72,72,72,72,72,67,67,67,67,69,69,69,69,69,69,69,69],"card_choices":[{"not_picked":["DemoMod:Unmoved","DemoMod:Purify"],"picked":"DemoMod:MegaHand","floor":1},{"not_picked":["DemoMod:ChanceBullets","DemoMod:BoxingGlove"],"picked":"DemoMod:SniperShot","floor":7},{"not_picked":["DemoMod:HuntsMan","DemoMod:Unity"],"picked":"DemoMod:BalloonGun","floor":8},{"not_picked":["DemoMod:DoubleSwitch","DemoMod:ConditionalReflex"],"picked":"DemoMod:HuntsMan","floor":10},{"not_picked":["DemoMod:MegaHand","DemoMod:FastSwitch"],"picked":"DemoMod:MachoBrace","floor":11},{"not_picked":["DemoMod:LifeOrb","DemoMod:MachoBrace"],"picked":"DemoMod:Unity","floor":12},{"not_picked":["DemoMod:HardPowerCard","DemoMod:FightSabre"],"picked":"DemoMod:TripleGun","floor":13},{"not_picked":["DemoMod:FastSwitch","DemoMod:ChanceBullets","DemoMod:HuntsMan"],"picked":"Singing Bowl","floor":14},{"not_picked":["DemoMod:Eureka","DemoMod:ThirdPartyController"],"picked":"DemoMod:BalloonGun","floor":16},{"not_picked":["DemoMod:Ejector","DemoMod:SniperShot"],"picked":"DemoMod:CombinedRifle+1","floor":18},{"not_picked":["DemoMod:DirectionalPad","DemoMod:ZorGun"],"picked":"DemoMod:EasyReloadBullets","floor":20},{"not_picked":["DemoMod:SAA+1","DemoMod:BattleInHaste"],"picked":"DemoMod:Unmoved","floor":22},{"not_picked":["DemoMod:AWP+1","DemoMod:GunstockTap+1","DemoMod:FastSwitch+1"],"picked":"Singing Bowl","floor":25},{"not_picked":["DemoMod:HuntsMan","DemoMod:StickyCrossBow"],"picked":"DemoMod:Elimentaler","floor":29},{"not_picked":["DemoMod:FastSwitch","DemoMod:BoxingGlove"],"picked":"DemoMod:BattleInHaste+1","floor":30}],"player_experience":3738939,"relics_obtained":[{"floor":9,"key":"Omamori"},{"floor":13,"key":"Singing Bowl"},{"floor":13,"key":"Pantograph"},{"floor":20,"key":"Letter Opener"},{"floor":26,"key":"DemoMod:RedGuonStone"}],"event_choices":[{"damage_healed":0,"gold_gain":0,"player_choice":"Take Wound","damage_taken":0,"relics_obtained":["Golden Idol"],"max_hp_gain":0,"max_hp_loss":0,"event_name":"Golden Idol","floor":2,"gold_loss":0,"cards_obtained":["Injury"]},{"damage_healed":0,"gold_gain":0,"player_choice":"Entered Light","damage_taken":14,"max_hp_gain":0,"max_hp_loss":0,"event_name":"Shining Light","floor":4,"gold_loss":0,"cards_upgraded":["DemoMod:RustySidearm","DemoMod:FastSwitch"]},{"damage_healed":0,"gold_gain":0,"player_choice":"Rummage","damage_taken":0,"relics_obtained":["WarpedTongs"],"max_hp_gain":0,"max_hp_loss":0,"event_name":"Accursed Blacksmith","floor":5,"gold_loss":0,"cards_obtained":["Pain"]},{"damage_healed":0,"gold_gain":0,"player_choice":"Ignored","damage_taken":0,"max_hp_gain":0,"max_hp_loss":0,"event_name":"Ghosts","floor":24,"gold_loss":0}],"is_beta":false,"boss_relics":[{"not_picked":["Snecko Eye","Pandora\u0027s Box"],"picked":"Black Star"}],"items_purged_floors":[3,27],"is_endless":false,"potions_floor_spawned":[1,8,10,13,18],"killed_by":"Cultist and Chosen","ascension_level":0}}