{"host":"52lujqhsyicpcskq","time":1612428306,"event":{"mods":["BaseMod","Colored Map","Minty Spire (QoL Compilation)","Permanent Neow","StSLib","SuperFastMode","everything is the same but u backflip on backflip"],"gold_per_floor":[13,24,24,40,51,80,80,111,111,127,145,180,180,208,208,305,305,318,335,365,383,383,383,383,383,383],"floor_reached":25,"language":"KOR","playtime":786,"items_purged":[],"score":470,"play_id":"1d751fc3-bc2a-4298-a1f8-0f31036ec06b","local_time":"20210204174506","is_ascension_mode":true,"campfire_choices":[{"data":"Power Through","floor":7,"key":"SMITH"},{"data":"Double Tap","floor":15,"key":"SMITH"},{"floor":24,"key":"REST"}],"circlet_count":0,"master_deck":["AscendersBane","Strike_R","Strike_R","Strike_R","Strike_R","Strike_R","Defend_R","Defend_R","Defend_R","Defend_R","Bash","Immolate+1","Headbutt","Fire Breathing","Power Through+1","Disarm","Double Tap+1","Fire Breathing","Shockwave","Inflame","Wild Strike","Evolve","Reaper","Heavy Blade","Pommel Strike"],"relics":["Burning Blood","Kunai","Pen Nib","Art of War","Pear","Pantograph","Strawberry","Snecko Eye","Red Mask"],"acts_visited":["Exordium","TheCity"],"potions_floor_usage":[6,11,14,20,23,25],"damage_taken":[{"damage":6,"enemies":"Jaw Worm","floor":1,"turns":4},{"damage":5,"enemies":"Small Slimes","floor":2,"turns":3},{"damage":1,"enemies":"Cultist","floor":4,"turns":3},{"damage":23,"enemies":"Exordium Thugs","floor":5,"turns":4},{"damage":21,"enemies":"Lagavulin","floor":6,"turns":6},{"damage":10,"enemies":"3 Sentries","floor":8,"turns":3},{"damage":11,"enemies":"Looter","floor":10,"turns":2},{"damage":7,"enemies":"Exordium Wildlife","floor":11,"turns":2},{"damage":0,"enemies":"Gremlin Nob","floor":12,"turns":2},{"damage":31,"enemies":"Lagavulin","floor":14,"turns":4},{"damage":18,"enemies":"Slime Boss","floor":16,"turns":5},{"damage":7,"enemies":"Shell Parasite","floor":18,"turns":6},{"damage":16,"enemies":"2 Thieves","floor":19,"turns":2},{"damage":15,"enemies":"Masked Bandits","floor":20,"turns":3},{"damage":18,"enemies":"Snake Plant","floor":21,"turns":3},{"damage":33,"enemies":"Slavers","floor":23,"turns":3},{"damage":49,"enemies":"Book of Stabbing","floor":25,"turns":7}],"seed_played":"-4367740864552596243","potions_obtained":[{"floor":4,"key":"Dexterity Potion"},{"floor":6,"key":"Strength Potion"},{"floor":8,"key":"DistilledChaos"},{"floor":11,"key":"FearPotion"},{"floor":18,"key":"Weak Potion"},{"floor":21,"key":"SmokeBomb"}],"is_trial":false,"path_per_floor":["M","M","?","M","M","E","R","E","T","M","M","E","T","E","R","B",null,"M","M","?","M","?","E","R","E"],"character_chosen":"IRONCLAD","items_purchased":[],"campfire_rested":1,"item_purchase_floors":[],"current_hp_per_floor":[72,73,73,78,61,46,46,42,42,37,36,52,52,34,34,47,85,93,83,74,62,62,35,64,21,21],"gold":383,"neow_bonus":"THREE_RARE_CARDS","is_daily":false,"chose_seed":false,"campfire_upgraded":2,"win_rate":0.0,"timestamp":1612428306,"path_taken":["M","M","?","M","M","E","R","E","T","M","M","E","?","E","R","BOSS","M","M","?","M","?","E","R","E"],"items_purchased_type":[],"build_version":"2020-12-22","purchased_purges":0,"victory":false,"max_hp_per_floor":[80,80,80,80,80,80,80,80,80,80,80,90,90,97,97,97,97,97,97,97,97,97,97,97,97,97],"card_choices":[{"not_picked":["Exhume","Feed"],"picked":"Immolate","floor":0},{"not_picked":["Sever Soul","Armaments"],"picked":"Headbutt","floor":1},{"not_picked":["Headbutt","Flex"],"picked":"Fire Breathing","floor":2},{"not_picked":["Carnage","Flex"],"picked":"Power Through","floor":4},{"not_picked":["Flex","Heavy Blade"],"picked":"Disarm","floor":5},{"not_picked":["Flex","Disarm"],"picked":"Double Tap","floor":6},{"not_picked":["Whirlwind","Demon Form"],"picked":"Fire Breathing","floor":8},{"not_picked":["Iron Wave","Havoc"],"picked":"Shockwave","floor":10},{"not_picked":["Anger","Dropkick"],"picked":"Inflame","floor":11},{"not_picked":["Dropkick","Power Through"],"picked":"Wild Strike","floor":12},{"not_picked":["Warcry","Ghostly Armor"],"picked":"Evolve","floor":14},{"not_picked":["Barricade","Brutality"],"picked":"Reaper","floor":16},{"not_picked":["Intimidate","True Grit","Seeing Red"],"picked":"SKIP","floor":18},{"not_picked":["Bloodletting","Rupture","True Grit"],"picked":"SKIP","floor":19},{"not_picked":["Armaments","Seeing Red"],"picked":"Heavy Blade","floor":20},{"not_picked":["Infernal Blade","Flex"],"picked":"Pommel Strike","floor":21}],"player_experience":753106,"relics_obtained":[{"floor":6,"key":"Kunai"},{"floor":8,"key":"Pen Nib"},{"floor":9,"key":"Art of War"},{"floor":12,"key":"Pear"},{"floor":13,"key":"Pantograph"},{"floor":14,"key":"Strawberry"},{"floor":20,"key":"Red Mask"}],"event_choices":[{"damage_healed":0,"gold_gain":0,"player_choice":"Grow","damage_taken":0,"max_hp_gain":0,"max_hp_loss":0,"event_name":"Living Wall","floor":3,"gold_loss":0,"cards_upgraded":["Immolate"]},{"damage_healed":0,"gold_gain":0,"player_choice":"Fought Bandits","damage_taken":0,"max_hp_gain":0,"max_hp_loss":0,"event_name":"Masked Bandits","floor":20,"gold_loss":0},{"damage_healed":0,"gold_gain":0,"player_choice":"Ignored","damage_taken":0,"max_hp_gain":0,"max_hp_loss":0,"event_name":"Ghosts","floor":22,"gold_loss":0}],"is_beta":false,"boss_relics":[{"not_picked":["Velvet Choker","Astrolabe"],"picked":"Snecko Eye"}],"items_purged_floors":[],"is_endless":false,"potions_floor_spawned":[4,6,8,11,18,21],"killed_by":"Book of Stabbing","ascension_level":12}}