{"host":"92wx9z21c4p52du4","time":1612402195,"event":{"mods":["BaseMod","Downfall","Hermit","Minty Spire (QoL Compilation)","Reliquary","StSLib","The Hierophant"],"gold_per_floor":[99,99,117,133,147,164,213,213,213,42,42,61,158,175,193,289,289,289,289,287,305,317,317,317,317],"floor_reached":23,"language":"ENG","playtime":1263,"items_purged":[],"score":187,"play_id":"0f297398-8256-4d78-a4fa-a6d0672790d1","local_time":"20210203192955","is_ascension_mode":false,"campfire_choices":[{"data":"sneckomod:SnekBite","floor":1,"key":"SMITH"},{"data":"sneckomod:Unknown3Cost","floor":18,"key":"SMITH"}],"circlet_count":0,"master_deck":["sneckomod:Strike","sneckomod:Strike","sneckomod:Defend","sneckomod:Defend+1","sneckomod:Defend+1","sneckomod:TailWhip","sneckomod:SnekBite+1","sneckomod:Unknown+1","sneckomod:Unknown","Violence","sneckomod:UnknownWeak","sneckomod:UnknownUncommonAttack","sneckomod:WideSting+1","sneckomod:QuickBite","sneckomod:Unknown1Cost","Parasite","sneckomod:UnlimitedRolls","sneckomod:SlitherStrike","sneckomod:ImprovisedAttack","sneckomod:Unknown2Cost","sneckomod:Unknown3Cost+1","sneckomod:UnknownClassSLIMEBOUND+1","sneckomod:UnknownCommonSkill+1","sneckomod:Unknown2Cost","sneckomod:UnknownCommonSkill"],"relics":["sneckomod:SneckoSoul","reliquary:PorcupineQuills","Boot","SlaversCollar"],"acts_visited":["Exordium","TheCity"],"potions_floor_usage":[16,16,22],"damage_taken":[{"damage":0,"enemies":"Jaw Worm","floor":3,"turns":5},{"damage":10,"enemies":"2 Louse","floor":4,"turns":2},{"damage":6,"enemies":"Small Slimes","floor":5,"turns":5},{"damage":0,"enemies":"Blue Slaver","floor":6,"turns":5},{"damage":0,"enemies":"downfall:FleeingMerchant","floor":10,"turns":4},{"damage":0,"enemies":"Red Slaver","floor":12,"turns":1},{"damage":0,"enemies":"Large Slime","floor":13,"turns":5},{"damage":0,"enemies":"3 Louse","floor":14,"turns":1},{"damage":13,"enemies":"Exordium Thugs","floor":15,"turns":4},{"damage":46,"enemies":"DF_ARCHETYPE_STREAMLINE","floor":16,"turns":7},{"damage":0,"enemies":"Chosen","floor":19,"turns":1},{"damage":31,"enemies":"Shelled Parasite and Fungi","floor":20,"turns":3},{"damage":15,"enemies":"Snecko","floor":21,"turns":4},{"damage":16,"enemies":"3 Cultists","floor":22,"turns":5},{"damage":28,"enemies":"Snake Plant","floor":23,"turns":3}],"seed_played":"-3591566300136603726","potions_obtained":[{"floor":5,"key":"hexamod:SoulburnPotion"},{"floor":6,"key":"bronze:BurnAndBuffPotion"},{"floor":12,"key":"sneckomod:MuddlingPotion"},{"floor":21,"key":"GamblersBrew"}],"is_trial":false,"path_per_floor":["R","?","M","M","M","M","T","?","?","$","?","M","M","M","M","B",null,"R","M","M","M","M","M"],"character_chosen":"THE_SNECKO","items_purchased":["Boot"],"campfire_rested":0,"item_purchase_floors":[10],"current_hp_per_floor":[90,90,90,80,74,74,74,74,74,74,74,74,74,74,61,15,90,90,90,59,44,28,0,0,0],"gold":317,"neow_bonus":"RANDOM_COLORLESS_2","is_daily":false,"chose_seed":false,"campfire_upgraded":2,"win_rate":0.0,"timestamp":1612402195,"path_taken":["R","?","M","M","M","M","T","?","?","?","?","M","M","?","M","BOSS","R","M","M","M","M","M"],"items_purchased_type":["Relic"],"build_version":"2020-12-22","purchased_purges":0,"victory":false,"max_hp_per_floor":[90,90,90,90,90,90,90,90,90,90,90,90,90,90,90,90,90,90,90,90,90,90,90,90,90],"card_choices":[{"not_picked":["Thinking Ahead","Master of Strategy"],"picked":"Violence","floor":0},{"not_picked":["sneckomod:Nope","sneckomod:DiceBoulder"],"picked":"sneckomod:UnknownWeak","floor":3},{"not_picked":["sneckomod:UnknownCommonAttack","sneckomod:DiceCrush"],"picked":"sneckomod:UnknownUncommonAttack","floor":4},{"not_picked":["sneckomod:UnknownDraw","sneckomod:SoulDraw"],"picked":"sneckomod:WideSting","floor":5},{"not_picked":["sneckomod:DiceBoulder","sneckomod:SoulRoll"],"picked":"sneckomod:QuickBite","floor":6},{"not_picked":["sneckomod:SoulRoll","sneckomod:Nope"],"picked":"sneckomod:Unknown1Cost","floor":10},{"not_picked":["sneckomod:Nope","sneckomod:WideSting"],"picked":"sneckomod:UnlimitedRolls","floor":12},{"not_picked":["sneckomod:SoulCleanse","sneckomod:QuickBite"],"picked":"sneckomod:SlitherStrike","floor":13},{"not_picked":["sneckomod:DefensiveFlair","sneckomod:UnknownWeak"],"picked":"sneckomod:ImprovisedAttack","floor":14},{"not_picked":["sneckomod:UnknownDraw","sneckomod:QuickMove"],"picked":"sneckomod:Unknown2Cost","floor":15},{"not_picked":["sneckomod:SoulExchange","sneckomod:UnlimitedRolls"],"picked":"sneckomod:Unknown3Cost","floor":16},{"not_picked":["sneckomod:WideSting","sneckomod:RainOfDice"],"picked":"sneckomod:UnknownClassSLIMEBOUND+1","floor":19},{"not_picked":["sneckomod:QuickMove","sneckomod:UnknownClassTHE_BRONZE_AUTOMATON"],"picked":"sneckomod:UnknownCommonSkill+1","floor":20},{"not_picked":["sneckomod:Nope+1","sneckomod:IronFang"],"picked":"sneckomod:Unknown2Cost","floor":21},{"not_picked":["sneckomod:IronFang","sneckomod:UnknownCommonAttack"],"picked":"sneckomod:UnknownCommonSkill","floor":22}],"player_experience":253537,"relics_obtained":[{"floor":7,"key":"reliquary:PorcupineQuills"}],"event_choices":[{"damage_healed":0,"gold_gain":0,"player_choice":"Grow","damage_taken":0,"max_hp_gain":0,"max_hp_loss":0,"event_name":"Living Wall","floor":9,"gold_loss":0,"cards_upgraded":["sneckomod:WideSting"]}],"is_beta":false,"boss_relics":[{"not_picked":["Runic Dome","reliquary:KinkedSpring"],"picked":"SlaversCollar"}],"items_purged_floors":[],"is_endless":false,"potions_floor_spawned":[5,6,12,14,21],"killed_by":"Snake Plant","ascension_level":0}}