{"host":"0luxfixkkfk9wck3","time":1612469517,"event":{"mods":["BaseMod","DeckTracker","Downfall","Highlight Path","Minty Spire (QoL Compilation)","StSLib"],"gold_per_floor":[99,115,128,139,239,239,266,266,277,296,296,315,315,11,30,127,127,127,142,161,161,176,176,202,202,212,212,52,84,84,97,116,220,220,220,230,248,280,230,241,241,141,152,162,162,38,38,48,61,61],"floor_reached":51,"language":"ENG","playtime":8467,"items_purged":["hexamod:Strike+1","hexamod:Strike+1","hexamod:Strike+1"],"score":832,"play_id":"e5fa497e-8f62-4ee5-b9bc-603c57e6a19b","local_time":"20210204141157","is_ascension_mode":true,"campfire_choices":[{"data":"hexamod:Sear","floor":1,"key":"SMITH"},{"data":"hexamod:ThermalTransfer","floor":6,"key":"SMITH"},{"floor":13,"key":"REST"},{"data":"hexamod:RainOfEmbers","floor":18,"key":"SMITH"},{"data":"hexamod:GiftsFromTheDead","floor":23,"key":"SMITH"},{"data":"hexamod:RainOfEmbers","floor":27,"key":"SMITH"},{"floor":30,"key":"REST"},{"floor":35,"key":"RECALL"},{"floor":42,"key":"REST"},{"floor":45,"key":"REST"},{"floor":47,"key":"REST"}],"circlet_count":0,"master_deck":["hexamod:Strike+1","hexamod:Defend+1","hexamod:Defend+1","hexamod:Defend+1","hexamod:Defend+1","hexamod:Sear+1","hexamod:Float","hexamod:Incineration+1","hexamod:ThermalTransfer+1","hexamod:Hexaguard+1","hexamod:SpectersWail+1","hexamod:ThirdSeal","hexamod:GiftsFromTheDead+1","hexamod:AdvancingGuard","hexamod:TurnItUp","hexamod:RainOfEmbers+1","hexamod:PowerFromBeyond+1","hexamod:SixthSeal","hexamod:WildfireWeapon+1","hexamod:ShieldOfDarkness+1","hexamod:SpectersWail+1","hexamod:RainOfEmbers+1","hexamod:FlamesFromBeyond","hexamod:ParanormalForm","hexamod:Hexaguard+1","hexamod:TimeOfNeed","hexamod:PowerFromBeyond","hexamod:RecurringNightmare+1","hexamod:HeatShield+1","hexamod:GhostLash+1"],"relics":["hexamod:SpiritBrand","Smiling Mask","downfall:ShatteredFragment","Chemical X","SlaversCollar","Regal Pillow","Lantern","Nunchaku","Fusion Hammer","Matryoshka","Art of War","Shuriken","downfall:HeartBlessingRed"],"acts_visited":["Exordium","TheCity","TheBeyond"],"potions_floor_usage":[19,31,40,44,50],"damage_taken":[{"damage":3,"enemies":"2 Louse","floor":2,"turns":2},{"damage":0,"enemies":"Cultist","floor":3,"turns":3},{"damage":6,"enemies":"Jaw Worm","floor":4,"turns":4},{"damage":0,"enemies":"Exordium Wildlife","floor":9,"turns":3},{"damage":0,"enemies":"2 Fungi Beasts","floor":10,"turns":4},{"damage":1,"enemies":"Lots of Slimes","floor":12,"turns":3},{"damage":0,"enemies":"downfall:FleeingMerchant","floor":14,"turns":4},{"damage":1,"enemies":"Red Slaver","floor":15,"turns":2},{"damage":14,"enemies":"WA_ARCHETYPE_RETAIN","floor":16,"turns":5},{"damage":0,"enemies":"Shell Parasite","floor":19,"turns":3},{"damage":6,"enemies":"Snake Plant","floor":20,"turns":3},{"damage":5,"enemies":"3 Cultists","floor":22,"turns":5},{"damage":0,"enemies":"Snecko","floor":26,"turns":3},{"damage":0,"enemies":"downfall:FleeingMerchant","floor":28,"turns":4},{"damage":11,"enemies":"Book of Stabbing","floor":29,"turns":3},{"damage":7,"enemies":"Snake Plant","floor":31,"turns":4},{"damage":0,"enemies":"Cultist and Chosen","floor":32,"turns":3},{"damage":11,"enemies":"IC_MUSHROOM_ARCHETYPE","floor":33,"turns":5},{"damage":0,"enemies":"3 Darklings","floor":36,"turns":3},{"damage":23,"enemies":"3 Shapes","floor":37,"turns":3},{"damage":0,"enemies":"downfall:FleeingMerchant","floor":38,"turns":3},{"damage":27,"enemies":"Sphere and 2 Shapes","floor":40,"turns":4},{"damage":24,"enemies":"Jaw Worm Horde","floor":43,"turns":3},{"damage":15,"enemies":"Spire Growth","floor":44,"turns":3},{"damage":10,"enemies":"3 Darklings","floor":48,"turns":4},{"damage":0,"enemies":"Writhing Mass","floor":49,"turns":3},{"damage":12,"enemies":"SI_POISON_ARCHETYPE","floor":50,"turns":5}],"seed_played":"-4533822918084186788","potions_obtained":[{"floor":0,"key":"Ancient Potion"},{"floor":0,"key":"Energy Potion"},{"floor":0,"key":"SkillPotion"},{"floor":2,"key":"Block Potion"},{"floor":19,"key":"GamblersBrew"},{"floor":31,"key":"SpeedPotion"},{"floor":33,"key":"DistilledChaos"},{"floor":43,"key":"PowerPotion"}],"is_trial":false,"path_per_floor":["R","M","M","M","?","R","T","?","M","M","?","M","R","$","M","B",null,"R","M","M","?","M","R","T","?","M","R","$","E","R","M","M","B",null,"R","M","M","$","$","M","T","R","M","M","R","$","R","M","M","B",null],"character_chosen":"THE_SPIRIT","items_purchased":["Chemical X","hexamod:TurnItUp","hexamod:RainOfEmbers","Lantern","Matryoshka","Guardian:BlockOnCardUsePotion"],"campfire_rested":5,"item_purchase_floors":[14,14,14,28,38,46],"current_hp_per_floor":[63,60,60,54,54,54,54,54,54,54,33,32,53,53,52,38,62,62,62,56,56,51,51,51,44,44,44,44,33,69,62,62,51,65,65,65,42,42,42,15,15,51,27,12,48,48,70,60,60,48],"gold":61,"neow_bonus":"THREE_SMALL_POTIONS","is_daily":false,"chose_seed":false,"campfire_upgraded":5,"win_rate":0.0,"timestamp":1612469517,"path_taken":["R","M","M","M","?","R","T","?","M","?","?","M","R","$","M","BOSS","R","M","M","?","M","R","T","?","M","R","$","E","R","M","M","BOSS","R","M","M","?","$","M","T","R","M","?","R","?","R","M","M","BOSS"],"items_purchased_type":["Relic","Card","Card","Relic","Relic","Potion"],"build_version":"2020-12-22","purchased_purges":3,"victory":true,"max_hp_per_floor":[70,70,70,70,70,70,70,70,70,70,70,70,70,70,70,70,70,70,70,70,70,70,70,70,70,70,70,70,70,70,70,70,70,70,70,70,70,70,70,70,70,70,70,70,70,70,70,70,70,70],"card_choices":[{"not_picked":["hexamod:ShieldOfDarkness","hexamod:Firestarter"],"picked":"hexamod:Incineration","floor":2},{"not_picked":["hexamod:HeatCrush","hexamod:FastForward"],"picked":"hexamod:ThermalTransfer","floor":3},{"not_picked":["hexamod:PhantomCloak","hexamod:SpectralSpark"],"picked":"hexamod:Hexaguard","floor":4},{"not_picked":["hexamod:Firestarter","hexamod:SwordOfDarkness","hexamod:ThermalTransfer"],"picked":"SKIP","floor":9},{"not_picked":["hexamod:EtherealExpedition","hexamod:GhostShield"],"picked":"hexamod:SpectersWail","floor":10},{"not_picked":["hexamod:HeatMetal","hexamod:ThermalTransfer"],"picked":"hexamod:ThirdSeal","floor":12},{"not_picked":["hexamod:Firestarter","hexamod:BurningTouch"],"picked":"hexamod:GiftsFromTheDead","floor":14},{"not_picked":["hexamod:HeatMetal","hexamod:RadiantFlame"],"picked":"hexamod:AdvancingGuard","floor":14},{"not_picked":["hexamod:SpectralAdrenaline","hexamod:PhantomCloak"],"picked":"hexamod:PowerFromBeyond","floor":15},{"not_picked":["hexamod:HexaLevel","hexamod:TurnItUp"],"picked":"hexamod:SixthSeal","floor":16},{"not_picked":["hexamod:FlameSwitch","hexamod:FifthSeal"],"picked":"hexamod:WildfireWeapon","floor":16},{"not_picked":["hexamod:FlamesFromBeyond","hexamod:DynamicBlow"],"picked":"hexamod:ShieldOfDarkness","floor":19},{"not_picked":["hexamod:GhostLash","hexamod:RetreatToShadows","hexamod:AdvancingGuard"],"picked":"SKIP","floor":20},{"not_picked":["hexamod:SwordOfDarkness","hexamod:SkipABeat"],"picked":"hexamod:SpectersWail+1","floor":22},{"not_picked":["hexamod:HeatCrush","hexamod:ExtraCrispy+1"],"picked":"hexamod:RainOfEmbers","floor":26},{"not_picked":["hexamod:ThirdSeal","hexamod:NightmareStrike"],"picked":"hexamod:FlamesFromBeyond","floor":26},{"not_picked":["hexamod:GhostOfSpirePast","hexamod:BurningTouch"],"picked":"hexamod:ParanormalForm","floor":28},{"not_picked":["hexamod:FastForward+1","hexamod:GhostOfSpirePast","hexamod:HauntingEcho"],"picked":"SKIP","floor":29},{"not_picked":["hexamod:FastForward","hexamod:BacktrackSmack"],"picked":"hexamod:Hexaguard","floor":31},{"not_picked":["hexamod:FastForward+1","hexamod:BacktrackSmack","hexamod:ExtraCrispy+1"],"picked":"SKIP","floor":31},{"not_picked":["hexamod:StepThrough+1","hexamod:GhostOfSpirePast","hexamod:Hexaguard"],"picked":"SKIP","floor":32},{"not_picked":["hexamod:UnlimitedPower","hexamod:ParanormalForm"],"picked":"hexamod:TimeOfNeed","floor":33},{"not_picked":["hexamod:FlamesFromBeyond+1","hexamod:SpectersWail"],"picked":"hexamod:PowerFromBeyond","floor":36},{"not_picked":["hexamod:BacktrackSmack","hexamod:NecessarySacrifice+1","hexamod:SwordOfDarkness"],"picked":"SKIP","floor":36},{"not_picked":["hexamod:Hexaguard","hexamod:RetreatToShadows","hexamod:SwordOfDarkness+1"],"picked":"SKIP","floor":37},{"not_picked":["hexamod:FourthSeal","hexamod:ThermalTransfer"],"picked":"hexamod:RecurringNightmare+1","floor":38},{"not_picked":["hexamod:NightmareStrike+1","hexamod:SuperheatedStrike","hexamod:ExtraCrispy+1"],"picked":"SKIP","floor":38},{"not_picked":["hexamod:Rewind","hexamod:HauntingEcho"],"picked":"hexamod:HeatShield+1","floor":40},{"not_picked":["hexamod:NightmareStrike+1","hexamod:SpectralSpark+1"],"picked":"hexamod:GhostLash+1","floor":40},{"not_picked":["hexamod:SpectersWail+1","hexamod:Rewind+1","hexamod:FastForward"],"picked":"SKIP","floor":43},{"not_picked":["hexamod:EmpoweredFlame","hexamod:RecurringNightmare","hexamod:SpectersWail"],"picked":"SKIP","floor":43},{"not_picked":["hexamod:GhostOfSpireFuture+1","hexamod:ThermalTransfer","hexamod:EmpoweredFlame+1"],"picked":"SKIP","floor":44},{"not_picked":["hexamod:SoulSteal+1","hexamod:RetreatToShadows+1","hexamod:AdvancingGuard+1"],"picked":"SKIP","floor":44},{"not_picked":["hexamod:GhostShield+1","hexamod:FastForward+1","hexamod:Firestarter"],"picked":"SKIP","floor":48},{"not_picked":["hexamod:GhostflameBarrier","hexamod:Firestarter","hexamod:UnlimitedPower"],"picked":"SKIP","floor":48},{"not_picked":["hexamod:ThermalTransfer","hexamod:FastForward+1","hexamod:NightmareStrike"],"picked":"SKIP","floor":49}],"player_experience":11573030,"relics_obtained":[{"floor":7,"key":"Smiling Mask"},{"floor":24,"key":"Regal Pillow"},{"floor":29,"key":"Nunchaku"},{"floor":41,"key":"Art of War"},{"floor":41,"key":"Shuriken"}],"event_choices":[{"damage_healed":0,"gold_gain":0,"player_choice":"Damaged","damage_taken":7,"max_hp_gain":0,"max_hp_loss":0,"event_name":"Wheel of Change","floor":25,"gold_loss":0}],"is_beta":false,"boss_relics":[{"not_picked":["Velvet Choker","Black Star"],"picked":"SlaversCollar"},{"not_picked":["Busted Crown","Philosopher\u0027s Stone"],"picked":"Fusion Hammer"}],"items_purged_floors":[38,39,46],"is_endless":false,"potions_floor_spawned":[2,4,9,15,19,20,26,31,33,36,37,43],"ascension_level":6}}