{"host":"Koishi","time":1612402077,"event":{"mods":["2.2 Compatiblity","AchievementEnabler","Act Like it!","BaseMod","Better Match","Better Note","Better Sensory Stone","Better Third Choice","Colored Powertips","Conspire","Gensokyo","Good Game Mod","Hermit","Koishi","Lobotomy","LobotomyExtend","Marisa（霧雨　魔理沙）","Minty Spire (QoL Compilation)","Monster B Gone","Quick Restart","Rare Cards Sparkle","Reimu（博??梦）","Relic Filter Mod","Relic Stats","Spicy Shops","StSLib","The Construct"],"gold_per_floor":[365,365,13,24,24,24,56,56,56,84,95,115,115,40,40,40,40],"floor_reached":16,"language":"ENG","playtime":706,"items_purged":[],"score":112,"play_id":"36d67da4-c6c9-4d27-a71d-c292b70d3b9b","local_time":"20210203202757","is_ascension_mode":true,"campfire_choices":[],"circlet_count":0,"master_deck":["SpecialBullet","SpecialBullet","SpecialBullet","SpecialBullet","SpecialBullet","SpecialBullet","SpecialBullet","ExtractionCode","WelfareCode","CentralCode","SubcavityFantasy:ReiMu","Variant","TodaysExpression","RapturousDream","Spore","Reverberation","OSAHOGD","ControlCode","BodiesMountain","Spore","Gaze","TT2Protocol","GreedKing","Noise","Thinking Ahead+1","Pleasure+1","InformationCode"],"relics":["CogitoBucket","REME:ComplimentaryCards","LetterFromLob","PreservedInsect","Happy Flower","conspire:TopHat","Meat on the Bone","conspire:Dentures","Theresia"],"acts_visited":["Gensokyo:Gensokyo"],"potions_floor_usage":[10,10,10,12],"damage_taken":[{"damage":7,"enemies":"Gensokyo:Gryphon","floor":1,"turns":3},{"damage":0,"enemies":"Gensokyo:Python","floor":4,"turns":3},{"damage":2,"enemies":"Gensokyo:Mamizou","floor":7,"turns":6},{"damage":31,"enemies":"Gensokyo:Cirno","floor":10,"turns":8},{"damage":1,"enemies":"Gensokyo:2_Kodama","floor":11,"turns":3},{"damage":47,"enemies":"Gensokyo:VengefulSpirit","floor":12,"turns":6},{"damage":33,"enemies":"Gensokyo:Yukari","floor":16,"turns":6}],"seed_played":"6906957352894082712","potions_obtained":[{"floor":4,"key":"Explosive Potion"},{"floor":7,"key":"AttackPotion"}],"is_trial":false,"path_per_floor":["M","?","$","M","?","R","E","R","T","E","M","M","R","?","R","B"],"character_chosen":"Angela","items_purchased":["PreservedInsect","Fruit Juice"],"campfire_rested":0,"item_purchase_floors":[3,3],"current_hp_per_floor":[42,42,42,42,42,42,40,40,40,31,43,14,14,14,14,0,0],"gold":40,"neow_bonus":"TWO_FIFTY_GOLD","is_daily":false,"chose_seed":false,"campfire_upgraded":0,"win_rate":0.0,"timestamp":1612402077,"path_taken":["M","?","$","M","?","R","E","R","T","E","M","M","R","?","R","BOSS"],"items_purchased_type":["Relic","Potion"],"build_version":"2020-12-18","purchased_purges":0,"victory":false,"max_hp_per_floor":[70,70,70,70,70,70,70,70,70,80,80,80,80,80,80,80,80],"relic_stats":{"Happy Flower":[10],"counters":[8,36],"PreservedInsect":34,"obtain_stats":[{"conspire:Dentures":10,"CogitoBucket":0,"REME:ComplimentaryCards":0,"Happy Flower":5,"PreservedInsect":3,"LetterFromLob":1,"Theresia":12,"conspire:TopHat":7,"Meat on the Bone":9},{"conspire:Dentures":4,"CogitoBucket":0,"REME:ComplimentaryCards":0,"Happy Flower":2,"PreservedInsect":1,"LetterFromLob":1,"Theresia":7,"conspire:TopHat":3,"Meat on the Bone":3},{"conspire:Dentures":20,"CogitoBucket":0,"REME:ComplimentaryCards":0,"Happy Flower":6,"PreservedInsect":3,"LetterFromLob":3,"Theresia":30,"conspire:TopHat":12,"Meat on the Bone":12}],"Meat on the Bone":36},"card_choices":[{"not_picked":["BeautyBeast","FairyFestival"],"picked":"Variant","floor":1},{"not_picked":["CherryBlossom","Penitence"],"picked":"SKIP","floor":1},{"not_picked":["SolemnVow","Heaven"],"picked":"SKIP","floor":1},{"not_picked":["Loneliness"],"picked":"TodaysExpression","floor":4},{"not_picked":["Penitence"],"picked":"RapturousDream","floor":4},{"not_picked":["Lantern","BlackSwan_ego"],"picked":"Spore","floor":7},{"not_picked":["CUTE","Harvest"],"picked":"Reverberation","floor":7},{"not_picked":["Murderer","SpiderBud"],"picked":"OSAHOGD","floor":7},{"not_picked":["SnowQueen","Scorched"],"picked":"BodiesMountain","floor":10},{"not_picked":["TodaysExpression","Horn"],"picked":"Spore","floor":10},{"not_picked":["RedEyes","Tough"],"picked":"Gaze","floor":10},{"not_picked":["LifeForTheDareDevil","GrinderMk4","FourthMatchFlame"],"picked":"SKIP","floor":11},{"not_picked":["CherryBlossoms","SpiderBud"],"picked":"GreedKing","floor":11},{"not_picked":["LifeForTheDareDevil","GrinderMk4","FourthMatchFlame"],"picked":"SKIP","floor":11},{"not_picked":["Regret_ego","Tough"],"picked":"Noise","floor":12},{"not_picked":["TodaysExpression","SomewhereSpear","Amita"],"picked":"SKIP","floor":12},{"not_picked":["Master of Strategy+1","Violence+1"],"picked":"Thinking Ahead+1","floor":14},{"not_picked":["SolemnVow+1","Heaven+1"],"picked":"Pleasure+1","floor":14}],"player_experience":227027,"relics_obtained":[{"floor":1,"key":"LetterFromLob"},{"floor":7,"key":"conspire:TopHat"},{"floor":9,"key":"Meat on the Bone"},{"floor":10,"key":"conspire:Dentures"}],"event_choices":[{"damage_healed":0,"gold_gain":0,"player_choice":"2","damage_taken":0,"max_hp_gain":0,"max_hp_loss":0,"event_name":"betterMatch:BetterMatch","floor":14,"gold_loss":0,"cards_obtained":["betterMatch:ColorlessRareCard","betterMatch:UncommonCard"]}],"is_beta":true,"boss_relics":[],"items_purged_floors":[],"is_endless":false,"potions_floor_spawned":[4,7],"killed_by":"Gensokyo:Yukari","ascension_level":1}}