{"host":"soyfmymeou4emntr","time":1612400610,"event":{"mods":["BaseMod","BetterRewards","Minty Spire (QoL Compilation)","Relic Sorter","Relic Stats","StSLib"],"gold_per_floor":[116,40,50,70,19,19,53,53,53,73,108,108,120,140,140,140,140],"floor_reached":16,"language":"ENG","playtime":1072,"items_purged":[],"score":224,"play_id":"89bde11a-ae16-4d9b-bd0f-1c24ad5a8961","local_time":"20210203180330","is_ascension_mode":true,"campfire_choices":[{"data":"Skewer","floor":6.0,"key":"SMITH"},{"floor":8.0,"key":"REST"},{"floor":15,"key":"REST"}],"circlet_count":0,"master_deck":["AscendersBane","Strike_G","Strike_G","Strike_G","Strike_G","Strike_G","Defend_G","Defend_G","Defend_G","Defend_G","Defend_G","Survivor","Neutralize","Skewer+1","PiercingWail","Flying Knee","Poisoned Stab","Slice","Blade Dance","PiercingWail","Night Terror","Bouncing Flask"],"relics":["Ring of the Snake","Pear","StrikeDummy","Turnip","Gremlin Horn"],"acts_visited":["Exordium"],"potions_floor_usage":[],"damage_taken":[{"damage":4.0,"enemies":"Cultist","floor":1.0,"turns":6.0},{"damage":0.0,"enemies":"Jaw Worm","floor":3.0,"turns":4.0},{"damage":3.0,"enemies":"Small Slimes","floor":4.0,"turns":6.0},{"damage":24.0,"enemies":"Gremlin Nob","floor":7.0,"turns":4.0},{"damage":8.0,"enemies":"Gremlin Gang","floor":10.0,"turns":4.0},{"damage":36.0,"enemies":"Lagavulin","floor":11.0,"turns":8.0},{"damage":10,"enemies":"Large Slime","floor":13,"turns":6},{"damage":3,"enemies":"Blue Slaver","floor":14,"turns":4},{"damage":38,"enemies":"Hexaghost","floor":16,"turns":10}],"seed_played":"-2772395307710815324","potions_obtained":[{"floor":1.0,"key":"Weak Potion"},{"floor":3.0,"key":"GamblersBrew"},{"floor":7.0,"key":"Swift Potion"},{"floor":14,"key":"Ancient Potion"}],"is_trial":false,"path_per_floor":["M","$","M","M","$","R","E","R","T","M","E","T","M","M","R","B"],"character_chosen":"THE_SILENT","items_purchased":["PiercingWail","Flying Knee","Blade Dance"],"campfire_rested":2,"item_purchase_floors":[2,2,5],"current_hp_per_floor":[61,61,61,58,58,58,44,68,68,60,24,24,14,11,35,0,0],"gold":140,"neow_bonus":"TEN_PERCENT_HP_BONUS","is_daily":false,"chose_seed":false,"campfire_upgraded":1,"win_rate":0.0,"timestamp":1612400610,"path_taken":["M","$","M","M","?","R","E","R","T","?","E","?","M","M","R","BOSS"],"items_purchased_type":["Card","Card","Card"],"build_version":"2020-12-22","purchased_purges":0,"victory":false,"max_hp_per_floor":[72,72,72,72,72,72,82,82,82,82,82,82,82,82,82,82,82],"relic_stats":{"Gremlin Horn":[1,1],"counters":[9,52],"Turnip":[3],"obtain_stats":[{"Pear":7,"Gremlin Horn":12,"Turnip":11,"StrikeDummy":9,"Ring of the Snake":0},{"Pear":4,"Gremlin Horn":6,"Turnip":6,"StrikeDummy":4,"Ring of the Snake":0},{"Pear":20,"Gremlin Horn":32,"Turnip":32,"StrikeDummy":20,"Ring of the Snake":0}],"Ring of the Snake":[18]},"card_choices":[{"not_picked":["Dagger Throw","Reflex"],"picked":"Skewer","floor":1.0},{"not_picked":["Expertise","Skewer"],"picked":"Poisoned Stab","floor":3.0},{"not_picked":["Skewer","Prepared"],"picked":"Slice","floor":4.0},{"not_picked":["Dagger Spray","Deadly Poison","Dagger Throw"],"picked":"SKIP","floor":7.0},{"not_picked":["Acrobatics","Dagger Throw"],"picked":"PiercingWail","floor":10.0},{"not_picked":["Deflect","Concentrate"],"picked":"Night Terror","floor":11.0},{"not_picked":["Setup","Acrobatics","Bane"],"picked":"SKIP","floor":13},{"not_picked":["Deadly Poison","Skewer"],"picked":"Bouncing Flask","floor":14}],"player_experience":3024108,"relics_obtained":[{"floor":7.0,"key":"Pear"},{"floor":9.0,"key":"StrikeDummy"},{"floor":11.0,"key":"Turnip"},{"floor":12.0,"key":"Gremlin Horn"}],"event_choices":[],"is_beta":false,"boss_relics":[],"items_purged_floors":[],"is_endless":false,"potions_floor_spawned":[1,3,7,14],"killed_by":"Hexaghost","ascension_level":20}}