{"host":"kbv0awskzx6xbc6p","time":1612398792,"event":{"mods":["Act Like it!","BaseMod","Colored Map","Downfall","Minty Spire (QoL Compilation)","StSLib"],"gold_per_floor":[99,99,116,129,147,57,57,57,92,108,139,159,59,7,21,116,116,16,116,131,131,131,145,145,145,164,198,98,110,110,121,133,236,236,236,254,268,56,206,221,244,258,284,284,284,295,320,335,347,347,347,378,8,8,8,8],"floor_reached":57,"language":"ENG","playtime":4189,"items_purged":["champ:Strike","champ:EnragedBash"],"score":1273,"play_id":"4f4d7f4c-15d4-433f-9410-e1e05ad7014f","local_time":"20210203163312","is_ascension_mode":false,"campfire_choices":[{"data":"champ:VampiricStrike","floor":1,"key":"SMITH"},{"data":"champ:TornadoPunch","floor":8,"key":"SMITH"},{"floor":13,"key":"RECALL"},{"data":"champ:StrikeOfGenius","floor":18,"key":"SMITH"},{"data":"champ:StrikeOfGenius","floor":28,"key":"SMITH"},{"data":"champ:PreemptiveStrike","floor":30,"key":"SMITH"},{"data":"champ:CheapShot","floor":35,"key":"SMITH"},{"data":"champ:TripleStrike","floor":54,"key":"SMITH"}],"circlet_count":0,"master_deck":["champ:Strike","champ:Strike","champ:Strike","champ:Defend","champ:Defend","champ:Defend","champ:Defend","champ:Execute+1","champ:Taunt","champ:VampiricStrike+1","champ:StanceDance","champ:HeavySlash+1","champ:BringItOn","champ:TornadoPunch+1","champ:CalledShot","champ:ShieldThrow+1","champ:PreemptiveStrike+1","champ:IronFortress","champ:StrikeOfGenius+1","champ:PerfectedStrike","champ:PerfectedStrike+1","champ:StrikeOfGenius+1","champ:CheapShot+1","CurseOfTheBell","champ:TripleStrike+1","expansioncontent:PrepareCrush+1","champ:GladiatorStyle"],"relics":["champ:ChampionCrown","Matryoshka","Pear","downfall:HeartBlessingGreen","Black Star","downfall:HeartBlessingRed","Incense Burner","Question Card","Blue Candle","champ:DefensiveTrainingManual","Orichalcum","Singing Bowl","Mummified Hand","InkBottle","downfall:HeartBlessingBlue","Calling Bell","The Courier","Ginger","OrangePellets","StrikeDummy","Happy Flower","Bird Faced Urn","Toxic Egg 2","Pen Nib","Thread and Needle","PreservedInsect","Whetstone","Anchor","Lee\u0027s Waffle"],"acts_visited":["Exordium","TheCity","TheBeyond","TheEnding"],"potions_floor_usage":[16,33,37,38,38,38,38,47,50,56],"damage_taken":[{"damage":11,"enemies":"Jaw Worm","floor":3,"turns":3},{"damage":10,"enemies":"Cultist","floor":4,"turns":3},{"damage":0,"enemies":"Small Slimes","floor":5,"turns":3},{"damage":20,"enemies":"downfall:FleeingMerchant","floor":6,"turns":4},{"damage":21,"enemies":"Lagavulin","floor":9,"turns":8},{"damage":11,"enemies":"2 Fungi Beasts","floor":10,"turns":4},{"damage":14,"enemies":"3 Sentries","floor":11,"turns":5},{"damage":13,"enemies":"3 Louse","floor":12,"turns":2},{"damage":15,"enemies":"downfall:FleeingMerchant","floor":14,"turns":4},{"damage":10,"enemies":"Large Slime","floor":15,"turns":3},{"damage":68,"enemies":"WA_ARCHETYPE_RETAIN","floor":16,"turns":10},{"damage":40,"enemies":"IC_STATUS_ARCHETYPE","floor":19,"turns":6},{"damage":14,"enemies":"Chosen","floor":20,"turns":4},{"damage":23,"enemies":"3 Byrds","floor":23,"turns":6},{"damage":8,"enemies":"Centurion and Healer","floor":26,"turns":7},{"damage":24,"enemies":"Book of Stabbing","floor":27,"turns":5},{"damage":10,"enemies":"Snake Plant","floor":29,"turns":4},{"damage":0,"enemies":"3 Cultists","floor":31,"turns":3},{"damage":1,"enemies":"Chosen and Byrds","floor":32,"turns":4},{"damage":55,"enemies":"DF_ARCHETYPE_CLAW","floor":33,"turns":6},{"damage":19,"enemies":"Orb Walker","floor":36,"turns":2},{"damage":37,"enemies":"3 Darklings","floor":37,"turns":4},{"damage":22,"enemies":"downfall:FleeingMerchant","floor":38,"turns":4},{"damage":29,"enemies":"Jaw Worm Horde","floor":40,"turns":5},{"damage":20,"enemies":"4 Shapes","floor":42,"turns":5},{"damage":18,"enemies":"Nemesis","floor":43,"turns":6},{"damage":11,"enemies":"Spire Growth","floor":46,"turns":4},{"damage":55,"enemies":"Reptomancer","floor":47,"turns":8},{"damage":21,"enemies":"3 Darklings","floor":48,"turns":4},{"damage":23,"enemies":"4 Shapes","floor":49,"turns":5},{"damage":37,"enemies":"IC_BLOCK_ARCHETYPE","floor":50,"turns":7},{"damage":40,"enemies":"downfall:CharBossMerchant","floor":52,"turns":5},{"damage":45,"enemies":"downfall:NeowBoss","floor":55,"turns":12},{"damage":24,"enemies":"downfall:NeowBossFinal","floor":56,"turns":7}],"seed_played":"1271601773395268188","potions_obtained":[{"floor":4,"key":"Guardian:BlockOnCardUsePotion"},{"floor":9,"key":"champ:TechniquePotion"},{"floor":15,"key":"Swift Potion"},{"floor":16,"key":"EntropicBrew"},{"floor":23,"key":"champ:UltimateStancePotion"},{"floor":25,"key":"CultistPotion"},{"floor":27,"key":"FearPotion"},{"floor":33,"key":"Explosive Potion"},{"floor":37,"key":"SteroidPotion"},{"floor":40,"key":"Energy Potion"},{"floor":43,"key":"PowerPotion"},{"floor":48,"key":"Fire Potion"}],"is_trial":false,"path_per_floor":["R","?","M","M","M","$","T","R","E","M","E","M","R","$","M","B",null,"R","?","M","?","?","M","T","?","M","E","R","M","R","M","M","B",null,"R","M","M","$","?","M","T","M","E","?","?","M","E","M","M","B",null,"E","$","R","B","B",null],"character_chosen":"THE_CHAMP","items_purchased":["champ:PreemptiveStrike","OrangePellets","Whetstone","Anchor","Lee\u0027s Waffle"],"campfire_rested":0,"item_purchase_floors":[14,38,53,53,53],"current_hp_per_floor":[90,90,89,89,89,89,89,89,83,82,88,75,75,75,75,27,100,100,75,71,66,66,63,63,63,70,51,61,63,63,65,76,26,116,116,114,79,74,74,47,47,37,31,110,110,112,72,62,59,57,116,104,125,125,114,108],"gold":8,"neow_bonus":"ONE_RANDOM_RARE_CARD","is_daily":false,"chose_seed":false,"campfire_upgraded":7,"win_rate":0.0,"timestamp":1612398792,"path_taken":["R","?","?","M","M","?","T","R","E","M","E","M","R","$","M","BOSS","R","?","M","?","?","M","T","?","?","E","R","M","R","M","M","BOSS","R","M","M","$","?","?","T","M","E","?","?","M","E","M","M","BOSS","E","$","R","BOSS","BOSS"],"items_purchased_type":["Card","Relic","Relic","Relic","Relic"],"build_version":"2020-12-22","purchased_purges":2,"victory":true,"max_hp_per_floor":[90,90,90,90,90,90,90,90,90,90,100,100,100,100,100,100,100,100,100,100,100,100,100,100,100,100,100,110,112,112,114,116,116,116,116,118,120,122,122,124,124,124,126,110,110,112,112,114,116,116,116,118,125,125,125,125],"card_choices":[{"not_picked":["champ:Shatter","champ:PreciseThrust"],"picked":"champ:StanceDance","floor":3},{"not_picked":["champ:Backstep","champ:Haymaker"],"picked":"champ:HeavySlash","floor":4},{"not_picked":["champ:BerserkersShout","champ:SkillfulDodge"],"picked":"champ:BringItOn","floor":5},{"not_picked":["champ:Backstep","champ:StanceDance"],"picked":"champ:TornadoPunch","floor":6},{"not_picked":["champ:FlashCut","champ:HeartStrike"],"picked":"champ:CalledShot","floor":9},{"not_picked":["champ:GutPunch","champ:SetATrap"],"picked":"champ:EnragedBash","floor":10},{"not_picked":["champ:PerfectedStrike","champ:FanOfKnives","champ:BringItOn"],"picked":"SKIP","floor":11},{"not_picked":["champ:FocusedDefense","champ:EnragedBash","champ:DeathBlow"],"picked":"SKIP","floor":12},{"not_picked":["champ:StanceDance","champ:PreciseThrust"],"picked":"champ:ShieldThrow","floor":14},{"not_picked":["champ:Haymaker","champ:Backstep"],"picked":"champ:IronFortress","floor":15},{"not_picked":["champ:HoldFirm","champ:TripleStrike"],"picked":"champ:StrikeOfGenius","floor":16},{"not_picked":["champ:CalledShot","champ:EndlessRage"],"picked":"champ:PerfectedStrike","floor":19},{"not_picked":["champ:FanOfKnives+1","champ:FancyFootwork","champ:StanceDance","champ:AdrenalArmor+1"],"picked":"SKIP","floor":20},{"not_picked":["champ:AdrenalArmor","champ:Backstep","champ:BladeFlurry","champ:TornadoPunch"],"picked":"SKIP","floor":23},{"not_picked":["champ:Backstep+1","champ:ShieldWall+1","champ:BladeFlurry"],"picked":"champ:PerfectedStrike+1","floor":26},{"not_picked":["champ:FancyFootwork","champ:ShieldSlam+1","champ:DefensiveShout"],"picked":"champ:StrikeOfGenius","floor":27},{"not_picked":["champ:TornadoPunch","champ:Backstep","champ:FocusedBerserking","champ:StanceDance+1"],"picked":"Singing Bowl","floor":29},{"not_picked":["champ:CrownThrow+1","champ:EnragedBash","champ:PreciseThrust","champ:FancyFootwork"],"picked":"Singing Bowl","floor":31},{"not_picked":["champ:EnGarde+1","champ:TornadoPunch+1","champ:ViciousMockery","champ:Backstep"],"picked":"Singing Bowl","floor":32},{"not_picked":["champ:SwordThrow","champ:HeavySlash","champ:SteelEdge"],"picked":"champ:CheapShot","floor":33},{"not_picked":["champ:Shatter+1","champ:ArenaPreparation+1","champ:PreciseThrust+1","champ:FanOfKnives+1"],"picked":"Singing Bowl","floor":36},{"not_picked":["champ:PreemptiveStrike+1","champ:AdrenalArmor","champ:Haymaker","champ:Circumvent"],"picked":"Singing Bowl","floor":37},{"not_picked":["champ:Lariat+1","champ:EnragedBash+1","champ:FanOfKnives","champ:IronFortress+1"],"picked":"Singing Bowl","floor":38},{"not_picked":["champ:EnGarde","champ:Shatter+1","champ:FlashCut","champ:PreciseThrust+1"],"picked":"Singing Bowl","floor":40},{"not_picked":["champ:HeartStrike+1","champ:FlashCut+1","champ:Circumvent+1"],"picked":"champ:TripleStrike","floor":42},{"not_picked":["champ:Circumvent+1","champ:Endure+1","champ:SkillfulDodge+1","champ:GutPunch"],"picked":"Singing Bowl","floor":43},{"not_picked":["expansioncontent:Chronoboost","expansioncontent:AwakenDeath"],"picked":"expansioncontent:PrepareCrush","floor":45},{"not_picked":["champ:EnGarde+1","champ:CrookedStrike+1","champ:FlashCut+1","champ:Backstep+1"],"picked":"Singing Bowl","floor":46},{"not_picked":["champ:Shatter+1","champ:ViciousMockery+1","champ:ArenaPreparation+1"],"picked":"champ:GladiatorStyle","floor":47},{"not_picked":["champ:BringItOn+1","champ:FaceSlap","champ:BerserkersShout+1","champ:FalseCounter+1"],"picked":"Singing Bowl","floor":48},{"not_picked":["champ:FaceSlap","champ:Haymaker","champ:EnGarde+1","champ:Backstep+1"],"picked":"Singing Bowl","floor":49},{"not_picked":["champ:FaceSlap+1","champ:FalseCounter+1","champ:CheapShot","champ:BerserkersShout+1"],"picked":"Singing Bowl","floor":52}],"player_experience":425604,"relics_obtained":[{"floor":9,"key":"Matryoshka"},{"floor":11,"key":"Pear"},{"floor":19,"key":"Incense Burner"},{"floor":19,"key":"Question Card"},{"floor":24,"key":"Orichalcum"},{"floor":24,"key":"Singing Bowl"},{"floor":27,"key":"Mummified Hand"},{"floor":27,"key":"InkBottle"},{"floor":34,"key":"Ancient Tea Set"},{"floor":34,"key":"The Courier"},{"floor":34,"key":"Ginger"},{"floor":41,"key":"StrikeDummy"},{"floor":41,"key":"Happy Flower"},{"floor":43,"key":"Bird Faced Urn"},{"floor":43,"key":"Toxic Egg 2"},{"floor":47,"key":"Pen Nib"},{"floor":52,"key":"Thread and Needle"},{"floor":52,"key":"PreservedInsect"}],"event_choices":[],"is_beta":false,"boss_relics":[{"not_picked":["Runic Dome","Snecko Eye"],"picked":"Black Star"},{"not_picked":["Sozu","Busted Crown"],"picked":"Calling Bell"}],"items_purged_floors":[6,38],"is_endless":false,"potions_floor_spawned":[4,9,15,16,23,27,31,32,33,36,37,40,43,48],"ascension_level":0}}