{"host":"aq3xpixvif6gmjmv","time":1612440357,"event":{"mods":["BaseMod","CapriCore","Colored Map","Colored Powertips","Friendly Minions","Minty Spire (QoL Compilation)","StSLib","SuperFastMode","The Hierophant"],"gold_per_floor":[112,287,187,187,187,226,226,249,301,345,345,345,345],"floor_reached":12,"language":"KOR","playtime":223,"items_purged":["Doubt"],"score":84,"play_id":"202e5bf6-9f67-4f4f-818b-7790845e184e","local_time":"20210204210557","daily_mods":["Vintage","Heirloom","Time Dilation","Flight","DeadlyEvents","Elite Swarm"],"is_ascension_mode":false,"campfire_choices":[{"data":"Offering","floor":7,"key":"SMITH"},{"data":"Double Tap","floor":11,"key":"SMITH"}],"circlet_count":0,"master_deck":["Strike_R","Strike_R","Strike_R","Strike_R","Defend_R","Defend_R","Defend_R","Defend_R","Bash","Pommel Strike","Offering+1","Double Tap+1"],"relics":["Burning Blood","Incense Burner","Pantograph","Golden Idol","Sundial","Unceasing Top","Art of War","Ornamental Fan"],"acts_visited":["Exordium"],"potions_floor_usage":[],"damage_taken":[{"damage":13,"enemies":"2 Louse","floor":1,"turns":3},{"damage":15,"enemies":"Gremlin Nob","floor":6,"turns":4},{"damage":2,"enemies":"Small Slimes","floor":8,"turns":3},{"damage":32,"enemies":"Lagavulin","floor":10,"turns":5},{"damage":22,"enemies":"3 Sentries","floor":12,"turns":2}],"seed_played":"6865938277586478966","potions_obtained":[{"floor":6,"key":"SneckoOil"},{"floor":10,"key":"Dexterity Potion"}],"is_trial":true,"path_per_floor":["M","?","$","?","?","E","R","M","T","E","R","E"],"character_chosen":"IRONCLAD","items_purchased":["Pommel Strike"],"campfire_rested":0,"item_purchase_floors":[3],"current_hp_per_floor":[73,73,73,53,46,37,37,41,41,15,15,0,0],"gold":345,"neow_bonus":"","is_daily":false,"chose_seed":false,"campfire_upgraded":2,"win_rate":0.0,"timestamp":1612440357,"path_taken":["M","?","$","?","?","E","R","?","T","E","R","?"],"items_purchased_type":["Card"],"build_version":"2020-12-22","purchased_purges":1,"victory":false,"max_hp_per_floor":[80,80,80,80,80,80,80,80,80,80,80,80,80],"card_choices":[{"not_picked":["Barricade","Brutality"],"picked":"Offering","floor":6},{"not_picked":["Impervious","Corruption"],"picked":"Double Tap","floor":10}],"player_experience":403845,"relics_obtained":[{"floor":1,"key":"Pantograph"},{"floor":6,"key":"Sundial"},{"floor":8,"key":"Unceasing Top"},{"floor":9,"key":"Art of War"},{"floor":10,"key":"Ornamental Fan"}],"event_choices":[{"damage_healed":0,"gold_gain":175,"player_choice":"AGREE","damage_taken":0,"max_hp_gain":0,"max_hp_loss":0,"event_name":"Liars Game","floor":2,"gold_loss":0,"cards_obtained":["Doubt"]},{"damage_healed":0,"gold_gain":0,"player_choice":"Take Damage","damage_taken":20,"relics_obtained":["Golden Idol"],"max_hp_gain":0,"max_hp_loss":0,"event_name":"Golden Idol","floor":4,"gold_loss":0},{"cards_removed":["Strike_R"],"damage_healed":0,"gold_gain":0,"player_choice":"Card Removal","damage_taken":7,"max_hp_gain":0,"max_hp_loss":0,"event_name":"Golden Wing","floor":5,"gold_loss":0}],"is_beta":false,"boss_relics":[],"items_purged_floors":[3],"is_endless":false,"potions_floor_spawned":[6,10],"killed_by":"3 Sentries","ascension_level":0}}