{"host":"yd6hhqps9de4qmof","time":1612442359,"event":{"mods":["BaseMod","Downfall","Hermit","Highlight Path","Minty Spire (QoL Compilation)","Relic Stats","Robot Space Explorer","StSLib"],"gold_per_floor":[212,227,55,55,73,99,99,109,135,162,177,199,239,239,239,344,416,442,442,464,49,49,49,76,76,76,104,145,167,211,126,126,227,227,251,278,278,300,319,319,338,375,399,369,369,73,121,17,17,17],"floor_reached":51,"language":"ENG","playtime":2489,"items_purged":[],"score":1332,"play_id":"ba773130-a695-4a11-9aab-54ecd7097e50","local_time":"20210204133919","is_ascension_mode":true,"campfire_choices":[{"floor":7,"key":"REST"},{"floor":15,"key":"REST"},{"data":"RobotSpaceExplorer:Blaster","floor":23,"key":"SMITH"},{"data":"RobotSpaceExplorer:DualCore","floor":25,"key":"SMITH"},{"data":"RobotSpaceExplorer:PowerGlove","floor":32,"key":"SMITH"},{"floor":40,"key":"REST"},{"data":"Panache","floor":45,"key":"SMITH"},{"data":"RobotSpaceExplorer:MiniBoosters","floor":49,"key":"SMITH"}],"circlet_count":0,"master_deck":["AscendersBane","RobotSpaceExplorer:Scan","RobotSpaceExplorer:MiniLasers","RobotSpaceExplorer:ScrapToss+1","RobotSpaceExplorer:Pulsar","RobotSpaceExplorer:MiniBoosters+1","RobotSpaceExplorer:JunkDive","RobotSpaceExplorer:Pulsar","RobotSpaceExplorer:Probe","RobotSpaceExplorer:DoubleFind","RobotSpaceExplorer:Counterblock","RobotSpaceExplorer:ShovelStrike","RobotSpaceExplorer:DualCore+1","RobotSpaceExplorer:Blaster+1","RobotSpaceExplorer:Multitool","RobotSpaceExplorer:Probe","RobotSpaceExplorer:ToxicBomb+1","RobotSpaceExplorer:Jetpack+1","RobotSpaceExplorer:Calculate+1","RobotSpaceExplorer:Counterblock+1","RobotSpaceExplorer:PowerGlove+1","RobotSpaceExplorer:StunGrenade+1","RobotSpaceExplorer:DoubleFind+1","RobotSpaceExplorer:ScrapMissile","RobotSpaceExplorer:Ammunition+1","RobotSpaceExplorer:MiniDrones","Finesse+1","RobotSpaceExplorer:GearShield+1","RobotSpaceExplorer:FranticSearch+1","RobotSpaceExplorer:ScrapShield+1","RobotSpaceExplorer:Probe","RobotSpaceExplorer:SwiftStep+1","Panacea+1","Panache+1","Apotheosis+1","RobotSpaceExplorer:ScrapToss+1","RobotSpaceExplorer:LuckyStrike","RobotSpaceExplorer:DualCore+1","RobotSpaceExplorer:ShovelStrike+1","RobotSpaceExplorer:SwiftStep+1","RobotSpaceExplorer:MiniBoosters+1"],"relics":["RobotSpaceExplorer:RoboCore","MealTicket","CeramicFish","Whetstone","Toxic Egg 2","Pandora\u0027s Box","MutagenicStrength","Bag of Preparation","StrikeDummy","Gambling Chip","Smiling Mask","Lantern","Potion Belt","expansioncontent:StudyCardRelic","Juzu Bracelet","RobotSpaceExplorer:ClockworkSextant","FossilizedHelix","RobotSpaceExplorer:RingOfTheNewt"],"acts_visited":["Exordium","TheCity","TheBeyond"],"potions_floor_usage":[6,8,13,13,24,27,27,33,39,50,50],"damage_taken":[{"damage":3,"enemies":"2 Louse","floor":1,"turns":3},{"damage":0,"enemies":"Cultist","floor":2,"turns":3},{"damage":0,"enemies":"Jaw Worm","floor":5,"turns":3},{"damage":59,"enemies":"Gremlin Nob","floor":6,"turns":6},{"damage":0,"enemies":"Exordium Thugs","floor":8,"turns":5},{"damage":1,"enemies":"Looter","floor":10,"turns":4},{"damage":11,"enemies":"Large Slime","floor":11,"turns":8},{"damage":0,"enemies":"Red Slaver","floor":12,"turns":3},{"damage":2,"enemies":"Lagavulin","floor":13,"turns":8},{"damage":23,"enemies":"The Guardian","floor":16,"turns":15},{"damage":0,"enemies":"Shell Parasite","floor":18,"turns":5},{"damage":0,"enemies":"3 Byrds","floor":20,"turns":4},{"damage":7,"enemies":"Book of Stabbing","floor":24,"turns":5},{"damage":10,"enemies":"Shelled Parasite and Fungi","floor":27,"turns":4},{"damage":3,"enemies":"Gremlin Leader","floor":28,"turns":6},{"damage":0,"enemies":"Chosen and Byrds","floor":29,"turns":3},{"damage":0,"enemies":"Slavers","floor":30,"turns":3},{"damage":14,"enemies":"Automaton","floor":33,"turns":7},{"damage":3,"enemies":"3 Darklings","floor":35,"turns":3},{"damage":0,"enemies":"3 Shapes","floor":38,"turns":2},{"damage":2,"enemies":"Transient","floor":39,"turns":5},{"damage":10,"enemies":"Maw","floor":41,"turns":4},{"damage":0,"enemies":"Nemesis","floor":42,"turns":3},{"damage":0,"enemies":"2 Orb Walkers","floor":47,"turns":4},{"damage":0,"enemies":"Donu and Deca","floor":50,"turns":8}],"seed_played":"-74758179179441212","potions_obtained":[{"floor":1,"key":"BlessingOfTheForge"},{"floor":2,"key":"RobotSpaceExplorer:LiquidFusion"},{"floor":8,"key":"CultistPotion"},{"floor":10,"key":"Dexterity Potion"},{"floor":18,"key":"Energy Potion"},{"floor":30,"key":"SneckoOil"},{"floor":33,"key":"Block Potion"},{"floor":41,"key":"PowerPotion"},{"floor":44,"key":"FairyPotion"},{"floor":44,"key":"LiquidBronze"}],"is_trial":false,"path_per_floor":["M","M","$","?","M","E","R","M","T","M","M","M","E","T","R","B",null,"M","?","M","$","?","R","E","R","T","M","E","M","E","?","R","B",null,"M","?","?","M","M","R","M","E","T","?","R","$","?","$","R","B",null],"character_chosen":"RobotSpaceExplorer","items_purchased":["RobotSpaceExplorer:MiniBoosters","RobotSpaceExplorer:JunkDive","RobotSpaceExplorer:Pulsar","Bag of Preparation","RobotSpaceExplorer:ScrapMissile","RobotSpaceExplorer:Ammunition+1","RobotSpaceExplorer:MiniDrones","Finesse+1","EntropicBrew","FossilizedHelix","RobotSpaceExplorer:SwiftStep+1","RobotSpaceExplorer:MiniBoosters"],"campfire_rested":3,"item_purchase_floors":[3,3,3,21,21,21,21,21,21,46,48,48],"current_hp_per_floor":[65,65,65,65,65,6,28,28,28,27,16,16,14,14,36,13,60,60,60,60,75,75,75,68,68,68,58,55,55,55,55,55,41,67,64,54,51,51,49,71,61,61,61,61,61,75,75,75,75,75],"gold":17,"neow_bonus":"HUNDRED_GOLD","is_daily":false,"chose_seed":false,"campfire_upgraded":5,"win_rate":0.0,"timestamp":1612442359,"path_taken":["M","M","$","?","M","E","R","M","T","M","M","?","E","?","R","BOSS","M","?","M","$","?","R","E","R","T","?","E","M","E","?","R","BOSS","M","?","?","?","M","R","M","E","T","?","R","$","?","?","R","BOSS"],"items_purchased_type":["Card","Card","Card","Relic","Card","Card","Card","Card","Potion","Relic","Card","Card"],"build_version":"2020-12-22","purchased_purges":0,"victory":true,"max_hp_per_floor":[75,75,75,75,75,75,75,75,75,75,75,75,75,75,75,75,75,75,75,75,75,75,75,75,75,75,75,75,75,75,75,75,75,75,75,75,75,75,75,75,75,75,75,75,75,75,75,75,75,75],"relic_stats":{"counters":[25,124],"CeramicFish":288,"Gambling Chip":[53],"MealTicket":29,"Pandora\u0027s Box":["RobotSpaceExplorer:Multitool","RobotSpaceExplorer:DoubleBlock","RobotSpaceExplorer:Probe","RobotSpaceExplorer:ToxicBomb","RobotSpaceExplorer:Jetpack","RobotSpaceExplorer:Calculate","RobotSpaceExplorer:Counterblock","RobotSpaceExplorer:PowerGlove"],"Bag of Preparation":[26],"Juzu Bracelet":1,"Whetstone":["RobotSpaceExplorer:ScrapToss","RobotSpaceExplorer:Strike"],"Smiling Mask":0,"obtain_stats":[{"Potion Belt":31,"RobotSpaceExplorer:ClockworkSextant":43,"Lantern":30,"CeramicFish":9,"RobotSpaceExplorer:RoboCore":0,"RobotSpaceExplorer:RingOfTheNewt":47,"Bag of Preparation":21,"expansioncontent:StudyCardRelic":34,"Juzu Bracelet":42,"Whetstone":13,"Smiling Mask":28,"MutagenicStrength":19,"Gambling Chip":26,"MealTicket":6,"Pandora\u0027s Box":17,"Toxic Egg 2":14,"StrikeDummy":24,"FossilizedHelix":46},{"Potion Belt":17,"RobotSpaceExplorer:ClockworkSextant":23,"Lantern":17,"CeramicFish":5,"RobotSpaceExplorer:RoboCore":0,"RobotSpaceExplorer:RingOfTheNewt":24,"Bag of Preparation":12,"expansioncontent:StudyCardRelic":18,"Juzu Bracelet":23,"Whetstone":9,"Smiling Mask":15,"MutagenicStrength":11,"Gambling Chip":13,"MealTicket":4,"Pandora\u0027s Box":10,"Toxic Egg 2":9,"StrikeDummy":13,"FossilizedHelix":23},{"Potion Belt":88,"RobotSpaceExplorer:ClockworkSextant":112,"Lantern":88,"CeramicFish":20,"RobotSpaceExplorer:RoboCore":0,"RobotSpaceExplorer:RingOfTheNewt":116,"Bag of Preparation":67,"expansioncontent:StudyCardRelic":95,"Juzu Bracelet":112,"Whetstone":43,"Smiling Mask":82,"MutagenicStrength":63,"Gambling Chip":72,"MealTicket":15,"Pandora\u0027s Box":58,"Toxic Egg 2":43,"StrikeDummy":72,"FossilizedHelix":112}]},"card_choices":[{"not_picked":["RobotSpaceExplorer:FranticSearch","RobotSpaceExplorer:Smokescreen"],"picked":"RobotSpaceExplorer:ScrapToss","floor":1},{"not_picked":["RobotSpaceExplorer:MetalStrike","RobotSpaceExplorer:ImprovisedAttack"],"picked":"RobotSpaceExplorer:Pulsar","floor":2},{"not_picked":["RobotSpaceExplorer:Smokescreen","RobotSpaceExplorer:ShockKick","RobotSpaceExplorer:ImprovisedAttack"],"picked":"SKIP","floor":5},{"not_picked":["RobotSpaceExplorer:FrostMissile","RobotSpaceExplorer:Ammunition"],"picked":"RobotSpaceExplorer:Probe","floor":6},{"not_picked":["RobotSpaceExplorer:Ammunition","RobotSpaceExplorer:BigMissile"],"picked":"RobotSpaceExplorer:DoubleFind","floor":8},{"not_picked":["RobotSpaceExplorer:MakeshiftVolley","RobotSpaceExplorer:Exploration"],"picked":"RobotSpaceExplorer:Counterblock","floor":10},{"not_picked":["RobotSpaceExplorer:ShockKick","RobotSpaceExplorer:FrostMissile","RobotSpaceExplorer:SlimeMissile"],"picked":"SKIP","floor":11},{"not_picked":["RobotSpaceExplorer:ShockKick","RobotSpaceExplorer:Counterblock"],"picked":"RobotSpaceExplorer:ShovelStrike","floor":12},{"not_picked":["RobotSpaceExplorer:GlueShot","RobotSpaceExplorer:Electroshield"],"picked":"RobotSpaceExplorer:DualCore","floor":13},{"not_picked":["RobotSpaceExplorer:Asteroid","RobotSpaceExplorer:Arsenal+1"],"picked":"RobotSpaceExplorer:Blaster","floor":16},{"not_picked":["RobotSpaceExplorer:Ammunition+1","RobotSpaceExplorer:ShockKick"],"picked":"RobotSpaceExplorer:StunGrenade+1","floor":18},{"not_picked":["RobotSpaceExplorer:Reload+1","RobotSpaceExplorer:RigExplosive+1"],"picked":"RobotSpaceExplorer:DoubleFind+1","floor":20},{"not_picked":["RobotSpaceExplorer:ShockKick","RobotSpaceExplorer:BigMissile+1","RobotSpaceExplorer:ImprovisedAttack"],"picked":"SKIP","floor":24},{"not_picked":["RobotSpaceExplorer:SurgingShield+1","RobotSpaceExplorer:Blitz"],"picked":"RobotSpaceExplorer:GearShield+1","floor":27},{"not_picked":["RobotSpaceExplorer:FrostMissile","RobotSpaceExplorer:MetalStrike+1"],"picked":"RobotSpaceExplorer:FranticSearch+1","floor":28},{"not_picked":["RobotSpaceExplorer:PlasmaMissile","RobotSpaceExplorer:GlueShot+1"],"picked":"RobotSpaceExplorer:ScrapShield+1","floor":29},{"not_picked":["RobotSpaceExplorer:Pulsar+1","RobotSpaceExplorer:BlastShield+1"],"picked":"RobotSpaceExplorer:Probe","floor":30},{"not_picked":["RobotSpaceExplorer:SelfCleaning+1","RobotSpaceExplorer:StunGrenade+1"],"picked":"RobotSpaceExplorer:SwiftStep+1","floor":35},{"not_picked":["Dramatic Entrance","Swift Strike"],"picked":"Panacea+1","floor":36},{"not_picked":["Apotheosis+1","Flash of Steel"],"picked":"Panache","floor":36},{"not_picked":["Deep Breath+1","Jack Of All Trades+1"],"picked":"Apotheosis+1","floor":36},{"not_picked":["RobotSpaceExplorer:MetalStrike+1","RobotSpaceExplorer:Pulsar+1"],"picked":"RobotSpaceExplorer:ScrapToss+1","floor":38},{"not_picked":["RobotSpaceExplorer:StunGrenade","RobotSpaceExplorer:ScrapToss"],"picked":"RobotSpaceExplorer:LuckyStrike","floor":39},{"not_picked":["RobotSpaceExplorer:ShovelStrike+1","RobotSpaceExplorer:Electropulse+1"],"picked":"RobotSpaceExplorer:DualCore+1","floor":41},{"not_picked":["RobotSpaceExplorer:Electropulse","RobotSpaceExplorer:Arsenal+1"],"picked":"RobotSpaceExplorer:ShovelStrike+1","floor":42}],"player_experience":1185944,"relics_obtained":[{"floor":6,"key":"MealTicket"},{"floor":9,"key":"CeramicFish"},{"floor":13,"key":"Whetstone"},{"floor":14,"key":"Toxic Egg 2"},{"floor":24,"key":"StrikeDummy"},{"floor":26,"key":"Gambling Chip"},{"floor":28,"key":"Smiling Mask"},{"floor":30,"key":"Lantern"},{"floor":42,"key":"Juzu Bracelet"},{"floor":43,"key":"RobotSpaceExplorer:ClockworkSextant"},{"floor":47,"key":"RobotSpaceExplorer:RingOfTheNewt"}],"event_choices":[{"damage_healed":0,"gold_gain":0,"player_choice":"Forge","damage_taken":0,"max_hp_gain":0,"max_hp_loss":0,"event_name":"Accursed Blacksmith","floor":4,"gold_loss":0,"cards_upgraded":["RobotSpaceExplorer:MiniBoosters"]},{"damage_healed":0,"gold_gain":0,"player_choice":"Inject Mutagens","damage_taken":0,"relics_obtained":["MutagenicStrength"],"max_hp_gain":0,"max_hp_loss":0,"event_name":"Drug Dealer","floor":19,"gold_loss":0},{"cards_removed":["RobotSpaceExplorer:DoubleBlock"],"damage_healed":0,"gold_gain":0,"player_choice":"Offered Uncommon","damage_taken":0,"max_hp_gain":0,"max_hp_loss":0,"event_name":"Bonfire Elementals","floor":22,"gold_loss":0},{"damage_healed":0,"gold_gain":0,"player_choice":"Obtained Relic","damage_taken":0,"relics_obtained":["Potion Belt"],"max_hp_gain":0,"max_hp_loss":0,"event_name":"Addict","floor":31,"gold_loss":85},{"damage_healed":0,"gold_gain":0,"player_choice":"Memory 3","damage_taken":10,"max_hp_gain":0,"max_hp_loss":0,"event_name":"SensoryStone","floor":36,"gold_loss":0},{"damage_healed":0,"gold_gain":0,"player_choice":"Punched","damage_taken":3,"max_hp_gain":0,"max_hp_loss":0,"event_name":"Designer","floor":37,"gold_loss":0},{"damage_healed":0,"gold_gain":0,"player_choice":"Bought 2 Potions","damage_taken":0,"max_hp_gain":0,"max_hp_loss":0,"event_name":"The Woman in Blue","floor":44,"gold_loss":0},{"damage_healed":0,"gold_gain":0,"player_choice":"Fight","damage_taken":0,"max_hp_gain":0,"max_hp_loss":0,"event_name":"Mysterious Sphere","floor":47,"gold_loss":0}],"is_beta":false,"boss_relics":[{"not_picked":["Runic Dome","Runic Pyramid"],"picked":"Pandora\u0027s Box"},{"not_picked":["Sozu","RobotSpaceExplorer:SearchSpecs"],"picked":"expansioncontent:StudyCardRelic"}],"items_purged_floors":[],"is_endless":false,"potions_floor_spawned":[1,2,8,10,18,30,33,41],"ascension_level":11}}