{"host":"2e3z4r48quhw80cc","time":1612442929,"event":{"mods":["BaseMod","Minty Spire (QoL Compilation)","Quick Restart","StSLib","SuperFastMode"],"gold_per_floor":[114,168,183,458,470,500,511,38,61,90,152,162,162,162],"floor_reached":13,"language":"KOR","playtime":774,"items_purged":["Regret"],"score":133,"play_id":"e5d0f4d9-fbad-4de6-a7bd-8d662356dc0d","local_time":"20210204214849","is_ascension_mode":true,"campfire_choices":[],"circlet_count":0,"master_deck":["Strike_G","Strike_G","Strike_G","Strike_G","Strike_G","Defend_G","Defend_G","Defend_G","Defend_G","Defend_G","Survivor","Neutralize","Terror","Escape Plan","Infinite Blades","Backflip","Blade Dance","Blade Dance","Choke"],"relics":["Ring of the Snake","Nunchaku","Orichalcum","Strawberry","Shuriken","Juzu Bracelet","Smiling Mask","MealTicket","Anchor"],"acts_visited":["Exordium"],"potions_floor_usage":[13],"damage_taken":[{"damage":0.0,"enemies":"Cultist","floor":1.0,"turns":3.0},{"damage":3.0,"enemies":"Small Slimes","floor":3.0,"turns":6.0},{"damage":3.0,"enemies":"2 Louse","floor":5.0,"turns":4.0},{"damage":30.0,"enemies":"3 Sentries","floor":6.0,"turns":11.0},{"damage":7.0,"enemies":"Gremlin Gang","floor":7.0,"turns":8.0},{"damage":7.0,"enemies":"Lagavulin","floor":10.0,"turns":7.0},{"damage":12.0,"enemies":"Gremlin Nob","floor":11.0,"turns":3.0},{"damage":0.0,"enemies":"Lots of Slimes","floor":12.0,"turns":5.0},{"damage":0,"enemies":"Gremlin Nob","floor":13,"turns":2}],"seed_played":"8868897801079058892","potions_obtained":[{"floor":1.0,"key":"Fire Potion"},{"floor":5.0,"key":"SkillPotion"},{"floor":6.0,"key":"DistilledChaos"}],"is_trial":false,"path_per_floor":["M","T","M","?","M","E","M","$","T","E","?","M","E"],"character_chosen":"THE_SILENT","items_purchased":["Shuriken","Juzu Bracelet"],"campfire_rested":0,"item_purchase_floors":[8,8],"current_hp_per_floor":[63,63,60,60,57,34,27,27,27,20,8,8,8,8],"gold":162,"neow_bonus":"RANDOM_COMMON_RELIC","is_daily":false,"chose_seed":false,"campfire_upgraded":0,"win_rate":0.0,"timestamp":1612442929,"path_taken":["M","?","M","?","M","E","?","$","T","E","?","M","E"],"items_purchased_type":["Relic","Relic"],"build_version":"2020-12-22","purchased_purges":1,"victory":false,"max_hp_per_floor":[70,70,70,70,70,77,77,77,77,77,77,77,77,77],"card_choices":[{"not_picked":["Accuracy","Catalyst"],"picked":"Terror","floor":1.0},{"not_picked":["Skewer","Concentrate"],"picked":"Escape Plan","floor":3.0},{"not_picked":["Heel Hook","Outmaneuver"],"picked":"Infinite Blades","floor":5.0},{"not_picked":["Tactician","Eviscerate"],"picked":"Backflip","floor":6.0},{"not_picked":["Bane","Eviscerate"],"picked":"Blade Dance","floor":7.0},{"not_picked":["Heel Hook","Caltrops"],"picked":"Blade Dance","floor":10.0},{"not_picked":["Masterful Stab","Leg Sweep"],"picked":"Choke","floor":11.0},{"not_picked":["Tactician","Deadly Poison","Prepared"],"picked":"SKIP","floor":12.0}],"player_experience":109852,"relics_obtained":[{"floor":2.0,"key":"Orichalcum"},{"floor":6.0,"key":"Strawberry"},{"floor":9.0,"key":"Smiling Mask"},{"floor":10.0,"key":"MealTicket"}],"event_choices":[{"damage_healed":0.0,"max_hp_gain":0.0,"max_hp_loss":0.0,"gold_gain":275.0,"event_name":"Golden Shrine","player_choice":"Desecrate","floor":4.0,"gold_loss":0.0,"damage_taken":0.0,"cards_obtained":["Regret"]},{"damage_healed":0.0,"max_hp_gain":0.0,"max_hp_loss":0.0,"gold_gain":0.0,"event_name":"Dead Adventurer","player_choice":"Searched \u00272\u0027 times","floor":11.0,"gold_loss":0.0,"damage_taken":0.0,"relics_obtained":["Anchor"]}],"is_beta":false,"boss_relics":[],"items_purged_floors":[8],"is_endless":false,"potions_floor_spawned":[1,5,6],"killed_by":"Gremlin Nob","ascension_level":8}}