{"host":"75zx7uhsgygk98v8","time":1612450843,"event":{"mods":["BaseMod","Colored Map","Colored Powertips","Downfall","Googly Eyes","Highlight Path","Minty Spire (QoL Compilation)","StSLib"],"gold_per_floor":[99,112,112,112,132,148,148,177,89,101,127,154,185,226,249,365,377,289,317,339,368,399,423,435,476,9,9,36,36,50,65,80,181,181,81,100,100,112,124,124,147,177,188,188,188,188],"floor_reached":44,"language":"ENG","playtime":37520,"items_purged":[],"score":573,"play_id":"9d0650af-bd7c-4341-8207-28e6c786490b","local_time":"20210204090043","is_ascension_mode":false,"campfire_choices":[{"floor":1,"key":"RECALL"},{"data":"champ:Shatter","floor":9,"key":"SMITH"},{"data":"champ:Improvising","floor":18,"key":"SMITH"},{"data":"champ:GladiatorForm","floor":29,"key":"SMITH"},{"data":"champ:StrikeOfGenius","floor":35,"key":"SMITH"},{"floor":40,"key":"REST"}],"circlet_count":0,"master_deck":["champ:Strike","champ:Strike","champ:Defend","champ:Defend","champ:Defend","champ:Defend","champ:Execute","champ:Taunt","champ:Encircle","champ:FocusedBerserking","champ:StanceDance+1","champ:Shatter+1","champ:FocusedDefense","champ:Lariat","champ:GutPunch+1","champ:Duel+1","champ:GutPunch+1","champ:DeathBlow+1","champ:Improvising+1","champ:RisingSlash+1","champ:HeartStrike+1","champ:StrikeOfGenius+1","champ:CrownThrow+1","champ:Improvising","champ:StanceDance+1","champ:Improvising+1","champ:GladiatorForm","expansioncontent:StudyTheSpire","champ:GladiatorForm+1","champ:FanOfKnives+1","champ:ViciousMockery","champ:PreciseThrust+1","champ:DancingMaster","champ:Endure","champ:CalledShot+1","champ:SkillfulDodge+1","Normality","champ:TornadoPunch+1","champ:BerserkerStyle+1"],"relics":["champ:ChampionCrown","downfall:ShatteredFragment","Molten Egg 2","MawBank","downfall:HeartBlessingRed","Orichalcum","bronze:MakeshiftBattery","downfall:HeartBlessingGreen","MealTicket","DollysMirror","Pocketwatch","Cursed Key","downfall:HeartBlessingBlue","champ:DefensiveTrainingManual","Eternal Feather"],"acts_visited":["Exordium","TheCity","TheBeyond"],"potions_floor_usage":[12,14,25,30,33,43],"damage_taken":[{"damage":22,"enemies":"Small Slimes","floor":2,"turns":4},{"damage":10,"enemies":"2 Louse","floor":5,"turns":2},{"damage":10,"enemies":"Cultist","floor":6,"turns":4},{"damage":33,"enemies":"Lagavulin","floor":8,"turns":6},{"damage":1,"enemies":"2 Fungi Beasts","floor":11,"turns":2},{"damage":30,"enemies":"Large Slime","floor":12,"turns":4},{"damage":22,"enemies":"Exordium Thugs","floor":13,"turns":3},{"damage":18,"enemies":"3 Sentries","floor":14,"turns":4},{"damage":35,"enemies":"Gremlin Gang","floor":15,"turns":4},{"damage":61,"enemies":"DF_ARCHETYPE_STREAMLINE","floor":16,"turns":6},{"damage":5,"enemies":"Spheric Guardian","floor":19,"turns":2},{"damage":15,"enemies":"Shell Parasite","floor":20,"turns":3},{"damage":30,"enemies":"Snake Plant","floor":21,"turns":3},{"damage":20,"enemies":"Snecko","floor":22,"turns":4},{"damage":15,"enemies":"Sentry and Sphere","floor":23,"turns":2},{"damage":43,"enemies":"Slavers","floor":25,"turns":4},{"damage":29,"enemies":"downfall:FleeingMerchant","floor":26,"turns":4},{"damage":20,"enemies":"Gremlin Leader","floor":28,"turns":5},{"damage":23,"enemies":"Centurion and Healer","floor":30,"turns":5},{"damage":50,"enemies":"Cultist and Chosen","floor":31,"turns":3},{"damage":33,"enemies":"Sentry and Sphere","floor":32,"turns":4},{"damage":28,"enemies":"WA_ARCHETYPE_CALM","floor":33,"turns":5},{"damage":20,"enemies":"3 Darklings","floor":36,"turns":3},{"damage":14,"enemies":"3 Shapes","floor":38,"turns":3},{"damage":25,"enemies":"Spire Growth","floor":39,"turns":4},{"damage":47,"enemies":"Giant Head","floor":42,"turns":6},{"damage":59,"enemies":"Transient","floor":43,"turns":5},{"damage":42,"enemies":"3 Darklings","floor":44,"turns":4}],"seed_played":"2620763211691134245","potions_obtained":[{"floor":2,"key":"champ:TechniquePotion"},{"floor":8,"key":"ColorlessPotion"},{"floor":12,"key":"Fruit Juice"},{"floor":13,"key":"SneckoOil"},{"floor":15,"key":"Strength Potion"},{"floor":21,"key":"ColorlessPotion"},{"floor":23,"key":"hexamod:SoulburnPotion"},{"floor":28,"key":"SkillPotion"},{"floor":30,"key":"SteroidPotion"},{"floor":31,"key":"BlessingOfTheForge"},{"floor":38,"key":"Swift Potion"},{"floor":43,"key":"AttackPotion"}],"is_trial":false,"path_per_floor":["R","M","?","?","M","M","T","E","R","?","M","M","M","E","M","B",null,"R","M","M","M","M","M","T","E","$","?","E","R","M","M","M","B",null,"R","M","?","M","M","R","T","E","M","M"],"character_chosen":"THE_CHAMP","items_purchased":["DollysMirror","champ:GladiatorForm","expansioncontent:StudyTheSpire"],"campfire_rested":1,"item_purchase_floors":[26,26,26],"current_hp_per_floor":[90,83,56,56,56,56,56,43,43,43,42,47,40,37,37,29,95,95,95,95,80,80,80,80,47,58,58,58,58,55,55,47,44,95,105,85,77,73,63,94,94,77,43,29,29,29],"gold":188,"neow_bonus":"THREE_CARDS","is_daily":false,"chose_seed":false,"campfire_upgraded":4,"win_rate":0.0,"timestamp":1612450843,"path_taken":["R","M","?","?","M","?","T","E","R","?","M","M","M","E","M","BOSS","R","M","M","M","M","M","T","E","$","?","E","R","?","M","M","BOSS","R","M","?","M","?","R","T","E","M","M"],"items_purchased_type":["Relic","Card","Card"],"build_version":"2020-12-22","purchased_purges":0,"victory":false,"max_hp_per_floor":[90,90,90,90,90,90,90,90,90,90,90,95,95,95,95,95,95,95,95,95,95,95,95,95,95,95,95,95,95,95,95,95,95,95,105,105,105,105,105,105,105,105,105,105,105,105],"card_choices":[{"not_picked":["champ:EndlessRage","champ:Backstep"],"picked":"champ:Encircle","floor":0},{"not_picked":["champ:Circumvent","champ:SetATrap"],"picked":"champ:FocusedBerserking","floor":2},{"not_picked":["champ:Endure","champ:BerserkersShout"],"picked":"champ:StanceDance","floor":5},{"not_picked":["champ:PerfectedStrike","champ:BladeFlurry"],"picked":"champ:Shatter","floor":6},{"not_picked":["champ:AdrenalArmor","champ:SetATrap"],"picked":"champ:FocusedDefense","floor":8},{"not_picked":["champ:ShieldSlam","champ:StanceDance"],"picked":"champ:Lariat","floor":11},{"not_picked":["champ:AdrenalArmor","champ:BerserkersShout"],"picked":"champ:GutPunch+1","floor":12},{"not_picked":["champ:FanOfKnives+1","champ:Haymaker+1"],"picked":"champ:Duel+1","floor":13},{"not_picked":["champ:Lariat","champ:FocusedDefense"],"picked":"champ:GutPunch+1","floor":14},{"not_picked":["champ:FocusedDefense","champ:BringItOn"],"picked":"champ:DeathBlow+1","floor":15},{"not_picked":["champ:LastStand","champ:VampiricStrike+1"],"picked":"champ:Improvising","floor":16},{"not_picked":["champ:HeartStrike+1","champ:GutPunch+1"],"picked":"champ:RisingSlash+1","floor":19},{"not_picked":["champ:BerserkersShout+1","champ:DefensiveShout","champ:FocusedDefense"],"picked":"SKIP","floor":20},{"not_picked":["champ:EnGarde","champ:GutPunch+1"],"picked":"champ:HeartStrike+1","floor":21},{"not_picked":["champ:FlashCut+1","champ:CrownThrow+1"],"picked":"champ:StrikeOfGenius","floor":22},{"not_picked":["champ:AdrenalArmor","champ:Shatter+1"],"picked":"champ:CrownThrow+1","floor":23},{"not_picked":["champ:BerserkerStyle","champ:PreciseThrust+1"],"picked":"champ:Improvising","floor":25},{"not_picked":["champ:FlashCut+1","champ:CrownThrow+1"],"picked":"champ:StanceDance+1","floor":26},{"not_picked":["champ:SkillfulDodge","champ:BladeFlurry+1","champ:Haymaker+1"],"picked":"SKIP","floor":28},{"not_picked":["champ:SetATrap","champ:EnGarde"],"picked":"champ:FanOfKnives+1","floor":30},{"not_picked":["champ:Backstep","champ:Lariat"],"picked":"champ:ViciousMockery","floor":31},{"not_picked":["champ:GutPunch+1","champ:GladiatorStyle+1"],"picked":"champ:PreciseThrust+1","floor":32},{"not_picked":["champ:MurderStrike+1","champ:TripleStrike+1"],"picked":"champ:DancingMaster","floor":33},{"not_picked":["champ:FocusedDefense+1","champ:DefensiveShout+1"],"picked":"champ:Endure","floor":36},{"not_picked":["champ:Circumvent","champ:TornadoPunch+1"],"picked":"champ:CalledShot+1","floor":38},{"not_picked":["champ:FocusedBerserking+1","champ:DefensiveShout"],"picked":"champ:SkillfulDodge+1","floor":39},{"not_picked":["champ:GutPunch+1","champ:ShieldThrow+1"],"picked":"champ:TornadoPunch+1","floor":42},{"not_picked":["champ:StanceDance","champ:TornadoPunch+1"],"picked":"champ:BerserkerStyle+1","floor":43}],"player_experience":1290786,"relics_obtained":[{"floor":7,"key":"Molten Egg 2"},{"floor":8,"key":"MawBank"},{"floor":14,"key":"Orichalcum"},{"floor":25,"key":"MealTicket"},{"floor":28,"key":"Pocketwatch"},{"floor":41,"key":"champ:DefensiveTrainingManual"},{"floor":42,"key":"Eternal Feather"}],"event_choices":[],"is_beta":false,"boss_relics":[{"not_picked":["Runic Pyramid","Snecko Eye"],"picked":"bronze:MakeshiftBattery"},{"not_picked":["Fusion Hammer","Sozu"],"picked":"Cursed Key"}],"items_purged_floors":[],"is_endless":false,"potions_floor_spawned":[2,8,12,13,15,21,22,23,28,30,31,38,39,43],"killed_by":"3 Darklings","ascension_level":0}}