{"host":"v4tuy5ykrbdcm9o9","time":1612403840,"event":{"mods":["BaseMod","Duelist Mod","Minty Spire (QoL Compilation)","Replay The Spire","StSLib"],"gold_per_floor":[109,119,119,129,129,156,220,255,309,378,403,419,419,419],"floor_reached":13,"language":"ENG","playtime":920,"items_purged":[],"score":139,"play_id":"bf4462e0-78ec-42f1-88d6-fe0dcb076a92","local_time":"20210203205720","is_ascension_mode":true,"campfire_choices":[],"circlet_count":0,"master_deck":["Strike_B","Strike_B","Strike_B","Strike_B","Defend_B","Defend_B","Defend_B","Defend_B","Zap","Dualcast","Auto Shields","Static Discharge","Lockon","Leap","ReplayTheSpireMod:Splinters","Turbo","Loop","Doom and Gloom","Leap","Static Discharge+1"],"relics":["Cracked Core","Ornamental Fan","MealTicket","Vajra","Frozen Egg 2","Happy Flower","Pocketwatch"],"acts_visited":["Exordium"],"potions_floor_usage":[6,8,11],"damage_taken":[{"damage":4,"enemies":"Jaw Worm","floor":1,"turns":3},{"damage":0,"enemies":"2 Louse","floor":2,"turns":2},{"damage":0,"enemies":"Cultist","floor":4,"turns":3},{"damage":34,"enemies":"3 Sentries","floor":6,"turns":6},{"damage":13,"enemies":"Lagavulin","floor":8,"turns":6},{"damage":5,"enemies":"3 Sentries","floor":11,"turns":4},{"damage":11,"enemies":"Red Slaver","floor":12,"turns":4},{"damage":10,"enemies":"Gremlin Nob","floor":13,"turns":3}],"seed_played":"-6678400034237111004","potions_obtained":[{"floor":1,"key":"LiquidBronze"},{"floor":2,"key":"BlessingOfTheForge"},{"floor":7,"key":"Fire Potion"},{"floor":11,"key":"Elixir"}],"is_trial":false,"path_per_floor":["M","M","?","M","?","E","?","E","T","T","E","M","E"],"character_chosen":"DEFECT","items_purchased":[],"campfire_rested":0,"item_purchase_floors":[],"current_hp_per_floor":[71,71,76,76,69,35,35,22,22,22,17,6,0,0],"gold":419,"neow_bonus":"TEN_PERCENT_HP_BONUS","is_daily":false,"chose_seed":false,"campfire_upgraded":0,"win_rate":0.0,"timestamp":1612403840,"path_taken":["M","M","?","M","?","E","?","E","T","?","E","M","E"],"items_purchased_type":[],"build_version":"2020-12-22","purchased_purges":0,"victory":false,"max_hp_per_floor":[82,82,87,87,87,87,87,87,87,87,87,87,87,87],"card_choices":[{"not_picked":["Hello World","Crystallizer"],"picked":"Auto Shields","floor":1},{"not_picked":["Rebound","Beam Cell"],"picked":"Static Discharge","floor":2},{"not_picked":["Loop","Gash"],"picked":"Lockon","floor":4},{"not_picked":["FIFO Queue","Glacier"],"picked":"Leap","floor":6},{"not_picked":["Leap","BasicCrystalCard"],"picked":"Turbo","floor":7},{"not_picked":["ReplaySort","Streamline"],"picked":"Loop","floor":7},{"not_picked":["Recycle","White Noise"],"picked":"Doom and Gloom","floor":8},{"not_picked":["Barrage","Double Energy"],"picked":"Leap","floor":11},{"not_picked":["Panic Button","Gash"],"picked":"Static Discharge+1","floor":12}],"player_experience":760550,"relics_obtained":[{"floor":6,"key":"MealTicket"},{"floor":7,"key":"Vajra"},{"floor":8,"key":"Frozen Egg 2"},{"floor":9,"key":"Happy Flower"},{"floor":11,"key":"Pocketwatch"}],"event_choices":[{"damage_healed":0,"gold_gain":0,"player_choice":"Donut","damage_taken":0,"max_hp_gain":5,"max_hp_loss":0,"event_name":"Big Fish","floor":3,"gold_loss":0},{"damage_healed":0,"gold_gain":0,"player_choice":"Success","damage_taken":7,"relics_obtained":["Ornamental Fan"],"max_hp_gain":0,"max_hp_loss":0,"event_name":"Scrap Ooze","floor":5,"gold_loss":0}],"is_beta":false,"boss_relics":[],"items_purged_floors":[],"is_endless":false,"potions_floor_spawned":[1,2,11],"killed_by":"Gremlin Nob","ascension_level":7}}