{"host":"dlre6nluqh4zuhws","time":1612419439,"event":{"mods":["BaseMod","Colored Powertips","DeckTracker","Highlight Path","Minty Spire (QoL Compilation)","Quick Restart","Replay The Spire","Shop Mod","StSLib"],"gold_per_floor":[113,73,88,100,114,114,143,143,143,20,20,53,53,0,0,124,124,140,158,29,29,29,63,15,38,63,86,86,99,99,122,122,253,253,272,25,88,88,111,111,111],"floor_reached":40,"language":"ENG","playtime":2535,"items_purged":["Injury","Replay:Hysterical Blindness"],"score":530,"play_id":"8d03650e-c070-40e1-bb94-9171713feb27","local_time":"20210204131719","is_ascension_mode":true,"campfire_choices":[{"data":"Armaments","floor":6,"key":"SMITH"},{"data":"Bash","floor":8,"key":"SMITH"},{"floor":15,"key":"DIG"},{"floor":30,"key":"REST"},{"floor":32,"key":"REST"}],"circlet_count":0,"master_deck":["Strike_R","Strike_R","Strike_R","Strike_R","Strike_R","Defend_R","Defend_R","Defend_R","Defend_R","Bash+1","Sword Boomerang","ReplayReversal","Armaments+1","Cleave+1","Dropkick","Mayhem","Replay:Sssssssssstrike","The Bomb","Headbutt","Flex","Barricade+1","CurseOfTheBell","Metallicize","Body Slam+1","Shrug It Off","Shrug It Off+1","Offering","Life Link+1","Intimidate+1","Shrug It Off"],"relics":["Burning Blood","Replay:Accelerometer","Shovel","ReplayTheSpireMod:ShopPack","Pocketwatch","Golden Idol","Replay:Baseball","Calling Bell","Strawberry","Ornamental Fan","Ice Cream","Replay:Arrowhead","Vajra","Replay:WaspNest","Black Star","ReplayTheSpireMod:CursedCoin","Snack Pack","Ginger"],"acts_visited":["Exordium","TheCity","TheBeyond"],"potions_floor_usage":[7,16,16,16,23,23,27,29,33,33,33],"damage_taken":[{"damage":7,"enemies":"Small Slimes","floor":1,"turns":3},{"damage":1,"enemies":"Cultist","floor":3,"turns":4},{"damage":12,"enemies":"2 Louse","floor":4,"turns":3},{"damage":27,"enemies":"Exordium Wildlife","floor":5,"turns":6},{"damage":17,"enemies":"Gremlin Nob","floor":7,"turns":4},{"damage":35,"enemies":"3 Sentries","floor":12,"turns":5},{"damage":12,"enemies":"The Guardian","floor":16,"turns":9},{"damage":2,"enemies":"Chosen","floor":18,"turns":4},{"damage":7,"enemies":"3 Byrds","floor":19,"turns":3},{"damage":32,"enemies":"Replay:Snechameleon","floor":23,"turns":5},{"damage":45,"enemies":"Sentry and Sphere","floor":25,"turns":6},{"damage":11,"enemies":"Shelled Parasite and Fungi","floor":27,"turns":6},{"damage":24,"enemies":"3 Cultists","floor":29,"turns":5},{"damage":21,"enemies":"Centurion and Healer","floor":31,"turns":5},{"damage":16,"enemies":"Champ","floor":33,"turns":11},{"damage":38,"enemies":"3 Darklings","floor":35,"turns":4},{"damage":13,"enemies":"Mind Bloom Boss Battle","floor":37,"turns":6},{"damage":18,"enemies":"Orb Walker","floor":39,"turns":4},{"damage":56,"enemies":"Reptomancer","floor":40,"turns":2}],"seed_played":"6096200821737323664","potions_obtained":[{"floor":2,"key":"HeartOfIron"},{"floor":2,"key":"FearPotion"},{"floor":2,"key":"Weak Potion"},{"floor":7,"key":"Weak Potion"},{"floor":16,"key":"Adrenaline Potion"},{"floor":18,"key":"SpeedPotion"},{"floor":19,"key":"DuplicationPotion"},{"floor":31,"key":"EntropicBrew"},{"floor":39,"key":"FearPotion"}],"is_trial":false,"path_per_floor":["M","?","M","M","M","R","E","R","T","$","?","E","?","$","R","B",null,"M","M","$","?","?","E","$","M","T","M","?","M","R","M","R","B",null,"M","$","?","?","M","E"],"character_chosen":"IRONCLAD","items_purchased":["ReplayTheSpireMod:ShopPack","Flex","Shrug It Off","BloodPotion","ReplayTheSpireMod:CursedCoin","Block Potion","Snack Pack"],"campfire_rested":2,"item_purchase_floors":[10,14,20,24,36,36,36],"current_hp_per_floor":[87,87,88,82,61,61,50,50,50,50,50,21,21,21,21,15,95,95,94,94,94,94,68,68,29,29,24,24,25,53,38,66,71,95,63,63,58,58,48,0,0],"gold":111,"neow_bonus":"TEN_PERCENT_HP_BONUS","is_daily":false,"chose_seed":false,"campfire_upgraded":2,"win_rate":0.0,"timestamp":1612419439,"path_taken":["M","?","M","M","?","R","E","R","T","$","?","E","?","?","R","BOSS","M","M","$","?","?","E","$","M","T","?","?","?","R","M","R","BOSS","M","$","?","?","M","E"],"items_purchased_type":["Relic","Card","Card","Potion","Relic","Potion","Relic"],"build_version":"2020-12-13","purchased_purges":2,"victory":false,"max_hp_per_floor":[88,88,88,88,88,88,88,88,88,88,88,88,88,88,88,88,95,95,95,95,95,95,95,95,95,95,95,95,95,95,95,95,95,95,95,95,95,95,95,95,95],"card_choices":[{"not_picked":["Iron Wave","Intimidate"],"picked":"Sword Boomerang","floor":1},{"not_picked":["Havoc","Dark Embrace"],"picked":"ReplayReversal","floor":3},{"not_picked":["Sword Boomerang","Perfected Strike"],"picked":"Armaments","floor":4},{"not_picked":["Reckless Charge","Combust"],"picked":"Cleave","floor":5},{"not_picked":["Brutality","Pommel Strike"],"picked":"Dropkick","floor":7},{"not_picked":["Panache","Magnetism"],"picked":"Mayhem","floor":10},{"not_picked":["Secret Technique","Mayhem"],"picked":"Replay:Sssssssssstrike","floor":10},{"not_picked":["ReplayTheSpireMod:Necrogeddon","Swift Strike"],"picked":"The Bomb","floor":10},{"not_picked":["Twin Strike","True Grit"],"picked":"Headbutt","floor":12},{"not_picked":["Double Tap","Eclipse"],"picked":"Barricade","floor":16},{"not_picked":["Intimidate","Entrench"],"picked":"Metallicize","floor":18},{"not_picked":["Twin Strike","Searing Blow"],"picked":"Body Slam+1","floor":19},{"not_picked":["True Grit","Whirlwind","ReplayTheSpireMod:Strike From Hell"],"picked":"SKIP","floor":23},{"not_picked":["Carnage+1","Sword Boomerang"],"picked":"Shrug It Off+1","floor":25},{"not_picked":["ReplayTheSpireMod:Corrosion Curse","Intimidate","Iron Wave"],"picked":"SKIP","floor":27},{"not_picked":["Feel No Pain","Pummel","Cleave"],"picked":"SKIP","floor":29},{"not_picked":["ReplayTheSpireMod:Strike From Hell","Anger","Havoc"],"picked":"SKIP","floor":31},{"not_picked":["Corruption","Eclipse"],"picked":"Offering","floor":33},{"not_picked":["Cleave+1","Disarm"],"picked":"Life Link+1","floor":35},{"not_picked":["Anger+1","Heavy Blade+1"],"picked":"Intimidate+1","floor":37},{"not_picked":["Defy Death+1","Massacre"],"picked":"Shrug It Off","floor":39}],"player_experience":57044,"relics_obtained":[{"floor":7,"key":"Replay:Accelerometer"},{"floor":9,"key":"Shovel"},{"floor":12,"key":"Pocketwatch"},{"floor":15,"key":"Replay:Baseball"},{"floor":17,"key":"Strawberry"},{"floor":17,"key":"Ornamental Fan"},{"floor":17,"key":"Ice Cream"},{"floor":23,"key":"Replay:Arrowhead"},{"floor":26,"key":"Vajra"},{"floor":28,"key":"Replay:WaspNest"},{"floor":37,"key":"Ginger"}],"event_choices":[{"damage_healed":0,"gold_gain":0,"player_choice":"Bought 3 Potions","damage_taken":0,"max_hp_gain":0,"max_hp_loss":0,"event_name":"The Woman in Blue","floor":2,"gold_loss":0},{"damage_healed":0,"gold_gain":0,"player_choice":"Take Wound","damage_taken":0,"relics_obtained":["Golden Idol"],"max_hp_gain":0,"max_hp_loss":0,"event_name":"Golden Idol","floor":13,"gold_loss":0,"cards_obtained":["Injury"]},{"damage_healed":0,"gold_gain":0,"player_choice":"Ignored","damage_taken":0,"max_hp_gain":0,"max_hp_loss":0,"event_name":"Vampires","floor":21,"gold_loss":0},{"damage_healed":0,"gold_gain":0,"player_choice":"Ignored","damage_taken":0,"max_hp_gain":0,"max_hp_loss":0,"event_name":"Transmorgrifier","floor":22,"gold_loss":0},{"damage_healed":0,"gold_gain":0,"player_choice":"Relic","damage_taken":0,"max_hp_gain":0,"max_hp_loss":0,"event_name":"Wheel of Change","floor":28,"gold_loss":0},{"damage_healed":0,"gold_gain":0,"player_choice":"Fight","damage_taken":0,"max_hp_gain":0,"max_hp_loss":0,"event_name":"MindBloom","floor":37,"gold_loss":0},{"damage_healed":0,"gold_gain":0,"player_choice":"Upgraded","damage_taken":0,"max_hp_gain":0,"max_hp_loss":0,"event_name":"Upgrade Shrine","floor":38,"gold_loss":0,"cards_upgraded":["Barricade"]}],"is_beta":false,"boss_relics":[{"not_picked":["Kintsugi","Astrolabe"],"picked":"Calling Bell"},{"not_picked":["Ring of Chaos","SacredBark"],"picked":"Black Star"}],"items_purged_floors":[20,36],"is_endless":false,"potions_floor_spawned":[3,4,7,16,18,19,31,39],"killed_by":"Reptomancer","ascension_level":3}}