{"host":"nw4g04f085wnqcgt","time":1612421348,"event":{"mods":["AchievementEnabler","BaseMod","Colored Map","Colored Powertips","DeckTracker","Minty Spire (QoL Compilation)","Relic Sorter","SuperFastMode"],"gold_per_floor":[144,189,234,279,29,29,129,174,174,219,264,309,289,64,64,364,364,409,454,454,54,54,144,144,59,109,154,199,244,244,289,289,589,589,634,679,129,288,288,387,396,21,21,75,174,174,174,228,228,228,228],"floor_reached":50,"language":"ENG","playtime":6402,"items_purged":["Barrage","Writhe"],"score":666,"play_id":"409ed822-e993-4a16-90e9-ed6ac18a2390","local_time":"20210204014908","daily_mods":["Insanity","Red Cards","Midas"],"is_ascension_mode":false,"campfire_choices":[{"floor":6,"key":"REST"},{"floor":15,"key":"REST"},{"floor":24,"key":"REST"},{"floor":32,"key":"REST"},{"floor":46,"key":"REST"},{"floor":49,"key":"REST"}],"circlet_count":0,"master_deck":["Stack","Flex","Shrug It Off","Fire Breathing","Rip and Tear","Havoc","Bloodletting","Disarm","Anger","Flex","Barrage","Warcry","Go for the Eyes","Dual Wield","Steam","Leap","Blood for Blood","Warcry","Metallicize","Shrug It Off","Flame Barrier","Shrug It Off","Reckless Charge","Conserve Battery","Clothesline","Clothesline","Barrage","Wild Strike","Genetic Algorithm","Shrug It Off","Hologram","Cleave","Cold Snap","Loop","Scrape","Whirlwind","Undo","Chaos","Chaos","Warcry","Gash","Ball Lightning","Heavy Blade","Tempest","Clash","Double Energy","Warcry","Havoc","Stack","Headbutt","Coolheaded","Barricade","Scrape","Pommel Strike","Spot Weakness+1","Shrug It Off","Amplify","Capacitor","Demon Form","Demon Form","White Noise+1","Turbo","Tempest+1"],"relics":["Cracked Core","Eternal Feather","Gremlin Horn","HandDrill","Philosopher\u0027s Stone","Shuriken","Bag of Marbles","Cables","Orichalcum","Happy Flower","Bronze Scales","Nuclear Battery","CeramicFish","Blue Candle","ClockworkSouvenir","Emotion Chip","Ornamental Fan","Potion Belt","InkBottle","The Courier"],"acts_visited":["Exordium","TheCity","TheBeyond"],"potions_floor_usage":[8,19,23,23,31,38,44,44,44,45,45],"damage_taken":[{"damage":0,"enemies":"Small Slimes","floor":1,"turns":2},{"damage":0,"enemies":"Cultist","floor":2,"turns":4},{"damage":0,"enemies":"2 Louse","floor":3,"turns":2},{"damage":8,"enemies":"Exordium Thugs","floor":4,"turns":4},{"damage":1,"enemies":"Looter","floor":8,"turns":3},{"damage":3,"enemies":"Large Slime","floor":10,"turns":4},{"damage":0,"enemies":"Exordium Wildlife","floor":11,"turns":2},{"damage":0,"enemies":"3 Louse","floor":12,"turns":2},{"damage":25,"enemies":"Hexaghost","floor":16,"turns":9},{"damage":0,"enemies":"Shell Parasite","floor":18,"turns":3},{"damage":6,"enemies":"3 Byrds","floor":19,"turns":3},{"damage":38,"enemies":"Slavers","floor":23,"turns":6},{"damage":18,"enemies":"Snake Plant","floor":27,"turns":2},{"damage":0,"enemies":"Sentry and Sphere","floor":28,"turns":4},{"damage":6,"enemies":"Chosen and Byrds","floor":29,"turns":4},{"damage":14,"enemies":"Shelled Parasite and Fungi","floor":31,"turns":2},{"damage":53,"enemies":"Collector","floor":33,"turns":9},{"damage":1,"enemies":"Orb Walker","floor":35,"turns":3},{"damage":18,"enemies":"3 Shapes","floor":36,"turns":4},{"damage":21,"enemies":"Mind Bloom Boss Battle","floor":38,"turns":5},{"damage":18,"enemies":"Reptomancer","floor":40,"turns":5},{"damage":12,"enemies":"Jaw Worm Horde","floor":44,"turns":3},{"damage":14,"enemies":"Nemesis","floor":45,"turns":5},{"damage":3,"enemies":"Sphere and 2 Shapes","floor":48,"turns":3},{"damage":87,"enemies":"Time Eater","floor":50,"turns":9}],"seed_played":"2514053361250750194","potions_obtained":[{"floor":4,"key":"Weak Potion"},{"floor":11,"key":"ColorlessPotion"},{"floor":12,"key":"Explosive Potion"},{"floor":13,"key":"SkillPotion"},{"floor":23,"key":"CultistPotion"},{"floor":27,"key":"AttackPotion"},{"floor":33,"key":"Block Potion"},{"floor":35,"key":"LiquidBronze"},{"floor":38,"key":"Weak Potion"}],"is_trial":false,"path_per_floor":["M","M","M","M","$","R","?","M","T","M","M","M","?","$","R","B",null,"M","M","?","$","$","E","R","?","T","M","M","M","?","M","R","B",null,"M","M","$","?","?","E","?","$","T","M","E","R","?","M","R","B"],"character_chosen":"DEFECT","items_purchased":["Eternal Feather","HandDrill","Shuriken","Bag of Marbles","CeramicFish","Blue Candle","ClockworkSouvenir","Potion Belt","BlessingOfTheForge","Regen Potion"],"campfire_rested":6,"item_purchase_floors":[5,14,21,21,37,37,37,42,42,42],"current_hp_per_floor":[75,75,75,67,67,75,75,74,74,71,71,71,71,71,75,50,75,75,69,85,85,85,47,85,85,85,67,67,61,61,47,85,32,85,84,66,66,45,45,27,27,27,27,24,10,70,70,67,81,0,0],"gold":228,"neow_bonus":"","is_daily":true,"chose_seed":false,"campfire_upgraded":0,"win_rate":0.0,"timestamp":1612421348,"path_taken":["M","M","M","M","$","R","?","M","T","?","?","M","?","$","R","BOSS","M","?","?","?","$","E","R","?","T","M","M","M","?","M","R","BOSS","M","M","$","?","?","E","?","$","T","?","E","R","?","M","R","BOSS"],"items_purchased_type":["Relic","Relic","Relic","Relic","Relic","Relic","Relic","Relic","Potion","Potion"],"build_version":"2020-12-22","purchased_purges":2,"victory":false,"max_hp_per_floor":[75,75,75,75,75,75,75,75,75,75,75,75,75,75,75,75,75,75,75,85,85,85,85,85,85,85,85,85,85,85,85,85,85,85,85,85,85,85,81,81,81,81,81,81,81,81,81,81,81,81,81],"card_choices":[{"not_picked":["Rebound","Barrage"],"picked":"Havoc","floor":1},{"not_picked":["Wild Strike","Heavy Blade","Thunderclap"],"picked":"SKIP","floor":2},{"not_picked":["Armaments","Sweeping Beam"],"picked":"Stack","floor":3},{"not_picked":["Dual Wield","Searing Blow","True Grit"],"picked":"SKIP","floor":4},{"not_picked":["Anger","Redo"],"picked":"Double Tap","floor":8},{"not_picked":["Wild Strike","Leap"],"picked":"Headbutt","floor":10},{"not_picked":["Streamline","Clothesline","Compile Driver"],"picked":"SKIP","floor":11},{"not_picked":["Iron Wave","Hologram"],"picked":"Coolheaded","floor":12},{"not_picked":["Amplify","Demon Form"],"picked":"Barricade","floor":16},{"not_picked":["Steam","Tempest","Warcry"],"picked":"SKIP","floor":18},{"not_picked":["Perfected Strike","Flex"],"picked":"Scrape","floor":19},{"not_picked":["Bloodletting","Clothesline"],"picked":"Pommel Strike","floor":23},{"not_picked":["Force Field+1","Iron Wave"],"picked":"Spot Weakness+1","floor":27},{"not_picked":["Beam Cell+1","Entrench+1"],"picked":"Shrug It Off","floor":28},{"not_picked":["Chaos+1","Havoc","Body Slam"],"picked":"SKIP","floor":29},{"not_picked":["Consume","BootSequence","Redo"],"picked":"SKIP","floor":31},{"not_picked":["Offering","Brutality"],"picked":"Amplify","floor":33},{"not_picked":["Thunderclap","Wild Strike","Body Slam"],"picked":"SKIP","floor":35},{"not_picked":["Heavy Blade+1","Combust","Sword Boomerang+1"],"picked":"SKIP","floor":36},{"not_picked":["Go for the Eyes+1","Loop"],"picked":"Capacitor","floor":38},{"not_picked":["Perfected Strike+1","Iron Wave+1"],"picked":"Demon Form","floor":40},{"not_picked":["Steam","Compile Driver+1"],"picked":"White Noise+1","floor":44},{"not_picked":["Rupture","Perfected Strike+1"],"picked":"Turbo","floor":45},{"not_picked":["Chill","Chaos+1"],"picked":"Tempest+1","floor":48}],"player_experience":406016,"relics_obtained":[{"floor":9,"key":"Gremlin Horn"},{"floor":23,"key":"Cables"},{"floor":26,"key":"Happy Flower"},{"floor":38,"key":"Emotion Chip"},{"floor":40,"key":"Ornamental Fan"},{"floor":43,"key":"InkBottle"},{"floor":45,"key":"The Courier"}],"event_choices":[{"damage_healed":0,"gold_gain":100,"player_choice":"Pray","damage_taken":0,"max_hp_gain":0,"max_hp_loss":0,"event_name":"Golden Shrine","floor":7,"gold_loss":0},{"damage_healed":0,"gold_gain":0,"player_choice":"Bought 1 Potion","damage_taken":0,"max_hp_gain":0,"max_hp_loss":0,"event_name":"The Woman in Blue","floor":13,"gold_loss":0},{"cards_removed":["Double Tap"],"damage_healed":6,"gold_gain":0,"player_choice":"Offered Rare","damage_taken":0,"max_hp_gain":10,"max_hp_loss":0,"event_name":"Bonfire Elementals","floor":20,"gold_loss":0},{"damage_healed":0,"gold_gain":0,"player_choice":"Obtained Relic","damage_taken":0,"relics_obtained":["Orichalcum"],"max_hp_gain":0,"max_hp_loss":0,"event_name":"Addict","floor":25,"gold_loss":85},{"damage_healed":0,"gold_gain":0,"player_choice":"Opened","damage_taken":0,"relics_obtained":["Bronze Scales"],"max_hp_gain":0,"max_hp_loss":0,"event_name":"The Mausoleum","floor":30,"gold_loss":0,"cards_obtained":["Writhe"]},{"damage_healed":0,"gold_gain":0,"player_choice":"Fight","damage_taken":0,"max_hp_gain":0,"max_hp_loss":0,"event_name":"MindBloom","floor":38,"gold_loss":0},{"damage_healed":0,"gold_gain":0,"player_choice":"Max HP","damage_taken":0,"max_hp_gain":0,"max_hp_loss":4,"event_name":"Winding Halls","floor":39,"gold_loss":0},{"damage_healed":0,"gold_gain":0,"cards_transformed":["Force Field"],"player_choice":"Transformed","damage_taken":0,"max_hp_gain":0,"max_hp_loss":0,"event_name":"Transmorgrifier","floor":41,"gold_loss":0,"cards_obtained":["Demon Form"]},{"cards_removed":["Hello World"],"damage_healed":0,"gold_gain":0,"player_choice":"Removed Power","damage_taken":0,"max_hp_gain":0,"max_hp_loss":0,"event_name":"Falling","floor":47,"gold_loss":0}],"is_beta":false,"boss_relics":[{"not_picked":["Empty Cage","Runic Dome"],"picked":"Philosopher\u0027s Stone"},{"not_picked":["Sozu","SacredBark"],"picked":"Nuclear Battery"}],"items_purged_floors":[14,42],"is_endless":false,"potions_floor_spawned":[4,11,12,16,18,23,27,33,35,38,40],"killed_by":"Time Eater","ascension_level":0}}