{"host":"lehbxtjrpalkmwwj","time":1612461736,"event":{"mods":["Aspiration","BaseMod","Colored Map","Colored Powertips","Conspire","GungeonMod","KomeijiMod","Lobotomy","Minty Spire (QoL Compilation)","Quick Restart","Replay The Spire","Shop Mod","StSLib","The Cursed","The Poker Player","[IsaacMod]ÒÔÈö¼âËþ"],"gold_per_floor":[119,129,129,129,149,187,187,206,229,249,134,157,201,220,220,351,351,376,0,125,140,165,165,179,204,204,204,220,241,254,277,277,277],"floor_reached":32,"language":"ZHS","playtime":814,"items_purged":[],"score":327,"play_id":"4bcfc04a-f9c3-4208-92a9-9797b77afb12","local_time":"20210205020216","is_ascension_mode":false,"campfire_choices":[{"floor":15.0,"key":"RECALL"},{"data":"TheCursedMod:VoidForm","floor":23.0,"key":"SMITH"},{"data":"TheCursedMod:SpreadPlague","floor":27.0,"key":"SMITH"}],"circlet_count":0,"master_deck":["TheCursedMod:Strike_TheCursed","TheCursedMod:Strike_TheCursed","TheCursedMod:Strike_TheCursed","TheCursedMod:Strike_TheCursed+1","TheCursedMod:Defend_TheCursed","TheCursedMod:Defend_TheCursed","TheCursedMod:Defend_TheCursed","TheCursedMod:Defend_TheCursed","TheCursedMod:CursedWand","TheCursedMod:CleanUpWorkshop","TheCursedMod:Dregs","EpicFetus","TheCursedMod:CursedShiv+1","TheCursedMod:StunningStrike","TheCursedMod:RavingStaff","TheCursedMod:Stigma","TheCursedMod:CursedBoomerang","TheCursedMod:SpreadPlague+1","TheCursedMod:SurpriseAttack","TheCursedMod:VoidForm","TheCursedMod:VoidForm+1","TheCursedMod:SaltUponWound","TheCursedMod:CursedBlade+1","TheCursedMod:BloodBarrier","TheCursedMod:CircleOfBlood","TheCursedMod:DemonicPact","TheCursedMod:CursedAmulet","TheCursedMod:TacticalStrike+1","TheCursedMod:FleshFromBone+1","TheCursedMod:OutForBlood","TheCursedMod:ReleasedStrength"],"relics":["TheCursedMod:BlackMagic101","HushsDoor","MaYiHuaBei","aspiration:Nostalgia","ThirstyCrossSpe","Golden Idol","Omamori","Anchor","Chaos","Quantum Egg","GuppysHairball","Damocles","ReplayTheSpireMod:ShopPack","FossilizedHelix","aspiration:AnachronicSnailShell","DemoMod:PartiallyEatenCheese","ShirouKen","Vajra","Mirror","DemoMod:ResourcefulSack","ForgetMeNow","conspire:GlowingRock","DemoMod:GlassGuonStoneRelic","Replay:Rubber Ducky"],"acts_visited":["Exordium","TheCity","TheCity"],"potions_floor_usage":[],"damage_taken":[{"damage":13.0,"enemies":"Jaw Worm","floor":1.0,"turns":3.0},{"damage":13.0,"enemies":"2 Louse","floor":2.0,"turns":2.0},{"damage":0.0,"enemies":"Cultist","floor":5.0,"turns":3.0},{"damage":2.0,"enemies":"Lagavulin","floor":6.0,"turns":3.0},{"damage":0.0,"enemies":"Blue Slaver","floor":8.0,"turns":2.0},{"damage":0.0,"enemies":"3 Louse","floor":10.0,"turns":3.0},{"damage":6.0,"enemies":"Exordium Thugs","floor":12.0,"turns":4.0},{"damage":0.0,"enemies":"Lots of Slimes","floor":14.0,"turns":3.0},{"damage":0.0,"enemies":"Slime Boss","floor":16.0,"turns":6.0},{"damage":0.0,"enemies":"Shell Parasite","floor":18.0,"turns":3.0},{"damage":1.0,"enemies":"Chosen","floor":21.0,"turns":4.0},{"damage":14.0,"enemies":"Snake Plant","floor":22.0,"turns":4.0},{"damage":0.0,"enemies":"Centurion and Healer","floor":24.0,"turns":2.0},{"damage":0.0,"enemies":"3 Cultists","floor":25.0,"turns":3.0},{"damage":0.0,"enemies":"DemoMod:Veteran_shot_gun_kin_and_red_shotgun_kin","floor":28.0,"turns":2.0},{"damage":0.0,"enemies":"DemoMod:4_Bullet_Kins","floor":29.0,"turns":2.0},{"damage":0.0,"enemies":"DemoMod:Red_and_blue_shotgun_kin_with_gunsinger","floor":30.0,"turns":2.0},{"damage":0,"enemies":"DemoMod:Veteran_shot_gun_kin_and_blue_shotgun_kin","floor":31,"turns":2},{"damage":1,"enemies":"DemoMod:2_Mousers","floor":32,"turns":3}],"seed_played":"2523726765100740187","potions_obtained":[{"floor":2.0,"key":"GamblersBrew"},{"floor":6.0,"key":"Milkshake"},{"floor":8.0,"key":"LiquidMemories"},{"floor":13.0,"key":"LifebloodPotion"},{"floor":16.0,"key":"DuplicationPotion"},{"floor":21.0,"key":"AttackPotion"},{"floor":25.0,"key":"Fire Potion"},{"floor":28.0,"key":"SkillPotion"}],"is_trial":false,"path_per_floor":["M","M","?","?","M","E","?","M","T","M","$","M","?","M","R","B",null,"M","$","?","M","M","R","M","M","T","R","M","M","M","M","M"],"character_chosen":"THE_CURSED","items_purchased":["DemoMod:GnawedKey","GuppysHairball","Damocles","FossilizedHelix","Strength Potion","aspiration:AnachronicSnailShell"],"campfire_rested":0,"item_purchase_floors":[11,17,17,19,19,19],"current_hp_per_floor":[62,49,31,16,16,14,29,29,29,29,29,23,23,23,23,23,55,55,55,55,54,40,40,40,40,55,55,55,55,55,55,0,0],"gold":277,"neow_bonus":"NOSTALGIA","is_daily":false,"chose_seed":false,"campfire_upgraded":2,"win_rate":0.0,"timestamp":1612461736,"path_taken":["M","M","?","?","?","E","?","M","T","M","?","?","?","?","R","BOSS","M","$","?","M","M","R","M","M","T","R","M","M","M","M","M"],"items_purchased_type":["Relic","Relic","Relic","Relic","Potion","Relic"],"build_version":"2020-12-22","purchased_purges":0,"victory":false,"max_hp_per_floor":[75,75,75,75,75,75,75,75,75,75,75,75,75,75,75,75,55,55,55,55,55,55,55,55,55,55,55,55,55,55,55,55,55],"card_choices":[{"not_picked":[],"picked":"EpicFetus","floor":0.0},{"not_picked":["TheCursedMod:CursedMace","TheCursedMod:VitalStrike"],"picked":"Bomb","floor":1.0},{"not_picked":["TheCursedMod:CircleOfFlame","TheCursedMod:CircleOfFocus"],"picked":"TheCursedMod:CursedShiv","floor":2.0},{"not_picked":["TheCursedMod:CursedBlade","TheCursedMod:CircleOfFlame"],"picked":"Bomb","floor":5.0},{"not_picked":["TheCursedMod:Mangle","TheCursedMod:HellsGateOpen"],"picked":"TheCursedMod:StunningStrike","floor":6.0},{"not_picked":["TheCursedMod:FleshFromBone","TheCursedMod:TacticalStrike"],"picked":"TheCursedMod:RavingStaff","floor":8.0},{"not_picked":["TheCursedMod:Torture","TheCursedMod:CircleOfCorruption"],"picked":"TheCursedMod:Stigma","floor":10.0},{"not_picked":["TheCursedMod:SpitefulPray","TheCursedMod:SmokeScreen"],"picked":"TheCursedMod:CursedBoomerang","floor":12.0},{"not_picked":["Bomb","TheCursedMod:SpitefulStrike"],"picked":"TheCursedMod:SpreadPlague","floor":13.0},{"not_picked":["TheCursedMod:CursedMace","TheCursedMod:CursedAmulet"],"picked":"TheCursedMod:SurpriseAttack","floor":13.0},{"not_picked":["TheCursedMod:FleshFromBone","TheCursedMod:CursedShiv"],"picked":"TheCursedMod:VoidForm","floor":14.0},{"not_picked":["TheCursedMod:CursedRelics","TheCursedMod:DemonSword"],"picked":"TheCursedMod:VoidForm","floor":16.0},{"not_picked":["TheCursedMod:WearCloak","TheCursedMod:FleshFromBone"],"picked":"TheCursedMod:SaltUponWound","floor":18.0},{"not_picked":["TheCursedMod:Torture","TheCursedMod:CursedBoomerang"],"picked":"TheCursedMod:CursedBlade+1","floor":20.0},{"not_picked":["TheCursedMod:Stigma","TheCursedMod:HellfireBreathing"],"picked":"TheCursedMod:BloodBarrier","floor":21.0},{"not_picked":["TheCursedMod:Obscuration+1","TheCursedMod:VitalStrike+1"],"picked":"TheCursedMod:CircleOfBlood","floor":22.0},{"not_picked":["TheCursedMod:LuckyCharm","TheCursedMod:WearCloak"],"picked":"TheCursedMod:DemonicPact","floor":24.0},{"not_picked":["TheCursedMod:SurpriseAttack","TheCursedMod:FuryStrike+1"],"picked":"TheCursedMod:CursedAmulet","floor":25.0},{"not_picked":["TheCursedMod:CircleOfWindfury","TheCursedMod:FuryStrike"],"picked":"TheCursedMod:TacticalStrike+1","floor":28.0},{"not_picked":["TheCursedMod:FuryStrike","TheCursedMod:SpitefulPlan"],"picked":"TheCursedMod:FleshFromBone+1","floor":29.0},{"not_picked":["TheCursedMod:Stretching","TheCursedMod:Obscuration+1"],"picked":"TheCursedMod:OutForBlood","floor":30.0},{"not_picked":["TheCursedMod:CursedBoomerang+1","TheCursedMod:CursedAmulet"],"picked":"TheCursedMod:ReleasedStrength","floor":31}],"player_experience":121768,"relics_obtained":[{"floor":6.0,"key":"Omamori"},{"floor":9.0,"key":"Anchor"},{"floor":13.0,"key":"Chaos"},{"floor":18.0,"key":"ReplayTheSpireMod:ShopPack"},{"floor":21.0,"key":"DemoMod:PartiallyEatenCheese"},{"floor":22.0,"key":"ShirouKen"},{"floor":24.0,"key":"Vajra"},{"floor":25.0,"key":"Mirror"},{"floor":28.0,"key":"DemoMod:ResourcefulSack"},{"floor":29.0,"key":"ForgetMeNow"},{"floor":30.0,"key":"conspire:GlowingRock"},{"floor":31,"key":"Replay:Rubber Ducky"}],"event_choices":[{"damage_healed":0.0,"max_hp_gain":0.0,"max_hp_loss":0.0,"gold_gain":0.0,"event_name":"Golden Idol","player_choice":"Take Damage","floor":3.0,"gold_loss":0.0,"damage_taken":18.0,"relics_obtained":["Golden Idol"]},{"damage_healed":0.0,"max_hp_gain":0.0,"max_hp_loss":0.0,"gold_gain":0.0,"event_name":"Shining Light","player_choice":"Entered Light","floor":4.0,"gold_loss":0.0,"damage_taken":15.0,"cards_upgraded":["TheCursedMod:CursedShiv","TheCursedMod:Strike_TheCursed"]}],"is_beta":false,"boss_relics":[{"not_picked":["Sozu","DemoMod:Antibody"],"picked":"Quantum Egg"},{"not_picked":[]}],"items_purged_floors":[],"is_endless":false,"potions_floor_spawned":[2,6,8,16,21,25,28,29],"killed_by":"DemoMod:2_Mousers","ascension_level":0}}