{"host":"jbmvtpvel2a8rbg6","time":1612471422,"event":{"mods":["Aspiration","BaseMod","Better Match","Better Sensory Stone","Better Skull","Conspire","Downfall","Energized Spire","GungeonMod","Hubris","Infinite Spire","Minty Spire (QoL Compilation)","RRrroohrrRGHHhhh!!","Reliquary","Replay The Spire","StSLib","Wandering Minibosses"],"gold_per_floor":[110,110,122,134,144,169,169,200,200,215,231,245,277,295,295,393,393,413,425,101,101,111,142,172,186,212,212,232,243,257,257,257],"floor_reached":31,"language":"ENG","playtime":6112,"items_purged":["DemoMod:BulletBore"],"score":360,"play_id":"15dfb249-0041-4f4a-abed-3f83b2f3ec46","local_time":"20210204124342","is_ascension_mode":false,"campfire_choices":[{"floor":7,"key":"REST"},{"floor":15,"key":"REST"},{"floor":27,"key":"REST"}],"circlet_count":0,"master_deck":["DemoMod:MegaHand+1","DemoMod:Defend_Huntress","DemoMod:Defend_Huntress","DemoMod:Defend_Huntress","DemoMod:Defend_Huntress","DemoMod:Roll","DemoMod:ManualReload","DemoMod:RustySidearm+1","DemoMod:CrossBow+1","DemoMod:GunstockTap","DemoMod:FastSwitch","DemoMod:Unity","DemoMod:SuppressiveFire","DemoMod:PotionOfGunFriendShip+1","DemoMod:SniperShot+1","DemoMod:FullFirepower+1","DemoMod:HungryBullets","DemoMod:GunShield+1","DemoMod:AbyssalTentacle+1","DemoMod:ProbeStrike"],"relics":["DemoMod:Dog","Whetstone","TungstenRod","Bag of Marbles","Replay:Ringing Soul","DemoMod:NanoMachines","Sundial","Astrolabe","DemoMod:HoleyGrail","aspiration:HummingbirdHeart","hubris:Towel","Pear","Red Mask","reliquary:Boomerang"],"acts_visited":["Exordium","TheCity"],"potions_floor_usage":[8,14,18,28,31],"damage_taken":[{"damage":0,"enemies":"Cultist","floor":1,"turns":2},{"damage":4,"enemies":"Small Slimes","floor":3,"turns":2},{"damage":0,"enemies":"2 Louse","floor":4,"turns":3},{"damage":0,"enemies":"Large Slime","floor":5,"turns":5},{"damage":44,"enemies":"Lagavulin","floor":6,"turns":6},{"damage":12,"enemies":"3 Sentries","floor":8,"turns":8},{"damage":0,"enemies":"Exordium Wildlife","floor":10,"turns":3},{"damage":0,"enemies":"3 Louse","floor":11,"turns":2},{"damage":0,"enemies":"Looter","floor":12,"turns":2},{"damage":0,"enemies":"Gremlin Nob","floor":13,"turns":2},{"damage":0,"enemies":"Exordium Thugs","floor":14,"turns":4},{"damage":28,"enemies":"Fading Forest","floor":16,"turns":11},{"damage":26,"enemies":"2 Thieves","floor":18,"turns":3},{"damage":0,"enemies":"Spheric Guardian","floor":19,"turns":2},{"damage":16,"enemies":"Centurion and Healer","floor":22,"turns":4},{"damage":19,"enemies":"Slavers","floor":23,"turns":7},{"damage":16,"enemies":"Masked Bandits","floor":24,"turns":5},{"damage":17,"enemies":"Snecko","floor":25,"turns":6},{"damage":0,"enemies":"3 Cultists","floor":28,"turns":5},{"damage":8,"enemies":"Centurion and Healer","floor":29,"turns":4},{"damage":1,"enemies":"Snake Plant","floor":30,"turns":3},{"damage":35,"enemies":"Book of Stabbing","floor":31,"turns":5}],"seed_played":"6505748525818162225","potions_obtained":[{"floor":5,"key":"Reflective Coating"},{"floor":10,"key":"Block Potion"},{"floor":12,"key":"Ancient Potion"},{"floor":13,"key":"BlessingOfTheForge"},{"floor":14,"key":"Reflective Coating"},{"floor":18,"key":"SteroidPotion"},{"floor":28,"key":"Strength Potion"},{"floor":30,"key":"Adrenaline Potion"}],"is_trial":false,"path_per_floor":["M","?","M","M","M","E","R","E","T","M","M","M","E","M","R","B",null,"M","M","$","?","M","E","?","M","T","R","M","M","M","E"],"character_chosen":"HUNTRESS","items_purchased":["aspiration:HummingbirdHeart"],"campfire_rested":3,"item_purchase_floors":[20],"current_hp_per_floor":[70,70,66,66,66,22,43,31,31,31,34,37,37,37,59,44,82,56,59,59,59,43,37,21,7,7,37,37,32,31,0,0],"gold":257,"neow_bonus":"RANDOM_COMMON_RELIC","is_daily":false,"chose_seed":false,"campfire_upgraded":0,"win_rate":0.0,"timestamp":1612471422,"path_taken":["M","?","M","M","M","E","R","E","T","M","M","?","E","M","R","BOSS","M","M","$","?","M","E","?","M","T","R","M","M","M","E"],"items_purchased_type":["Relic"],"build_version":"2020-12-22","purchased_purges":1,"victory":false,"max_hp_per_floor":[70,70,70,70,70,70,70,70,70,70,73,76,76,76,76,79,82,82,85,85,85,85,98,98,101,101,101,101,104,104,104,104],"card_choices":[{"not_picked":["DemoMod:Ejector","DemoMod:TeaPot"],"picked":"DemoMod:GunstockTap","floor":1},{"not_picked":["DemoMod:ShadowBullets","DemoMod:CombinedRifle"],"picked":"DemoMod:PotionOfGunFriendShip","floor":3},{"not_picked":["DemoMod:HuntsMan","DemoMod:GunShield","DemoMod:DoubleSwitch"],"picked":"SKIP","floor":4},{"not_picked":["DemoMod:JK47","DemoMod:MachoBrace"],"picked":"DemoMod:FastSwitch","floor":5},{"not_picked":["DemoMod:Behold!","DemoMod:AC15","DemoMod:BoxingGlove"],"picked":"SKIP","floor":6},{"not_picked":["DemoMod:RadGun","DemoMod:JK47","DemoMod:EasyReloadBullets"],"picked":"SKIP","floor":8},{"not_picked":["DemoMod:GunstockTap","DemoMod:HuntsMan","DemoMod:PracticeMakesPerfect"],"picked":"SKIP","floor":10},{"not_picked":["DemoMod:PotionOfGunFriendShip","DemoMod:HuntsMan"],"picked":"DemoMod:Unity","floor":11},{"not_picked":["DemoMod:DoubleSwitch","DemoMod:MachoBrace"],"picked":"DemoMod:BulletBore","floor":12},{"not_picked":["DemoMod:SAA","DemoMod:HungryBullets","DemoMod:Unity"],"picked":"SKIP","floor":13},{"not_picked":["DemoMod:Unmoved","DemoMod:StickyCrossBow","DemoMod:SAA"],"picked":"SKIP","floor":14},{"not_picked":["DemoMod:BalloonGun","DemoMod:GunslingerForm"],"picked":"DemoMod:SuppressiveFire","floor":16},{"not_picked":["DemoMod:FastSwitch","DemoMod:JK47","DemoMod:HighKaliber"],"picked":"SKIP","floor":18},{"not_picked":["DemoMod:DirectionalPad+1","DemoMod:BulletBore"],"picked":"DemoMod:HungryBullets","floor":19},{"not_picked":["DemoMod:ChanceBullets","DemoMod:GunstockTap+1","DemoMod:StickyCrossBow"],"picked":"SKIP","floor":22},{"not_picked":["DemoMod:FastSwitch+1","DemoMod:JK47"],"picked":"DemoMod:GunShield+1","floor":23},{"not_picked":["DemoMod:DoubleSwitch","DemoMod:FastSwitch"],"picked":"DemoMod:AbyssalTentacle+1","floor":25},{"not_picked":["DemoMod:Unmoved+1","DemoMod:DirectionalPad","DemoMod:FastSwitch"],"picked":"SKIP","floor":28},{"not_picked":["DemoMod:StickyCrossBow+1","DemoMod:SniperShot+1"],"picked":"DemoMod:ProbeStrike","floor":29},{"not_picked":["DemoMod:GunShield+1","DemoMod:HuntsMan","DemoMod:DoubleSwitch+1"],"picked":"SKIP","floor":30}],"player_experience":827454,"relics_obtained":[{"floor":1,"key":"TungstenRod"},{"floor":6,"key":"Bag of Marbles"},{"floor":8,"key":"Replay:Ringing Soul"},{"floor":9,"key":"DemoMod:NanoMachines"},{"floor":13,"key":"Sundial"},{"floor":18,"key":"DemoMod:HoleyGrail"},{"floor":23,"key":"Pear"},{"floor":24,"key":"Red Mask"},{"floor":26,"key":"reliquary:Boomerang"}],"event_choices":[{"cards_removed":["DemoMod:Strike_Huntress"],"damage_healed":0,"gold_gain":0,"player_choice":"Purged","damage_taken":0,"max_hp_gain":0,"max_hp_loss":0,"event_name":"Purifier","floor":2,"gold_loss":0},{"damage_healed":0,"gold_gain":0,"player_choice":"Fought Bandits","damage_taken":0,"max_hp_gain":0,"max_hp_loss":0,"event_name":"Masked Bandits","floor":24,"gold_loss":0}],"is_beta":false,"boss_relics":[{"not_picked":["hubris:TerracottaHorce","Kintsugi"],"picked":"Astrolabe"}],"items_purged_floors":[20],"is_endless":false,"potions_floor_spawned":[5,10,12,13,14,18,24,28,30],"killed_by":"Book of Stabbing","ascension_level":0}}