{"host":"ogbiwxon24ufqu6w","time":1612408853,"event":{"mods":["AchievementEnabler","Aspiration","BaseMod","Beaked The Cultist","Colored Map","Colored Powertips","Conspire","Googly Eyes","Highlight Path","Infinite Spire","Mimic Mod","Minty Spire (QoL Compilation)","Quick Restart","Relic Sorter","Replay The Spire","Shop Mod","StSLib","The IronCluck"],"gold_per_floor":[110,12,24,44,59,59,78,110,110,130,130,280,280,280,280,353,353,363,363,0,15,15,48,48,48,86,86,112,112,123,31,31,111,111,138,138,163,163,163,163,163,163],"floor_reached":41,"language":"ENG","playtime":3067,"items_purged":[],"score":1150,"play_id":"7d9558d3-207d-4b43-ad97-a073e746be7c","local_time":"20210203222053","is_ascension_mode":true,"campfire_choices":[{"data":"Armaments","floor":6,"key":"SMITH"},{"data":"Demon Form","floor":13,"key":"SMITH"},{"data":"Wild Strike","floor":15,"key":"SMITH"},{"floor":24,"key":"REST"},{"floor":29,"key":"REST"},{"data":"True Grit","floor":32,"key":"SMITH"}],"circlet_count":0,"master_deck":["AscendersBane","Strike_R","Strike_R","Strike_R","Strike_R","Strike_R","Defend_R","Defend_R","Defend_R","Defend_R","Bash","Armaments+1","Feel No Pain","True Grit+1","Feel No Pain","Intimidate","Pommel Strike","ReplayTheSpireMod:Strike From Hell","Demon Form+1","Wild Strike+1","Reaper","Iron Wave","Pummel+1","Flex","Fire Breathing","Anger","ReplayTheSpireMod:Strike From Hell","Twin Strike+1","Delirium","ReplayTheSpireMod:LeadingStrike","Inflame","Shrug It Off+1","Limit Break","Heavy Blade","infinitespire:Collect","ReplayTheSpireMod:Black Plague","infinitespire:SealOfDarkness+","Body Slam+1"],"relics":["Burning Blood","aspiration:Nostalgia","PureWater","Divine Protection","Pear","Orichalcum","Honey Jar","aspiration:HiddenCompartment","Lee\u0027s Waffle","conspire:TopHat","Replay:Bottled Flurry","ReplayTheSpireMod:Ring of Exchange","Ring of Hypnosis","Onion Ring","infinitespire:EvilPickle","infinitespire:Burning Sword","aspiration:RunicSpoon"],"acts_visited":["Exordium","TheCity","TheBeyond"],"potions_floor_usage":[8,16,16,23,35],"damage_taken":[{"damage":7.0,"enemies":"Small Slimes","floor":1.0,"turns":3.0},{"damage":2,"enemies":"Jaw Worm","floor":3,"turns":4},{"damage":1,"enemies":"2 Louse","floor":4,"turns":4},{"damage":15,"enemies":"2 Fungi Beasts","floor":5,"turns":5},{"damage":5,"enemies":"Large Slime","floor":7,"turns":6},{"damage":37,"enemies":"Gremlin Nob","floor":8,"turns":5},{"damage":0,"enemies":"Looter","floor":10,"turns":2},{"damage":44,"enemies":"The Guardian","floor":16,"turns":10},{"damage":33,"enemies":"3 Byrds","floor":18,"turns":8},{"damage":22,"enemies":"Shell Parasite","floor":21,"turns":5},{"damage":70,"enemies":"Book of Stabbing","floor":23,"turns":6},{"damage":0,"enemies":"3 Cultists","floor":26,"turns":8},{"damage":56,"enemies":"Nightmare","floor":28,"turns":8},{"damage":4,"enemies":"3 Cultists","floor":30,"turns":5},{"damage":50,"enemies":"Pondfish","floor":33,"turns":10},{"damage":33,"enemies":"3 Darklings","floor":35,"turns":6},{"damage":16,"enemies":"Orb Walker","floor":37,"turns":3},{"damage":64,"enemies":"4 Shapes","floor":41,"turns":3}],"seed_played":"-5725108046972419467","potions_obtained":[{"floor":4,"key":"SteroidPotion"},{"floor":5,"key":"Strength Potion"},{"floor":8,"key":"BloodPotion"},{"floor":18,"key":"DistilledChaos"},{"floor":28,"key":"SpeedPotion"},{"floor":30,"key":"SteroidPotion"},{"floor":33,"key":"ElixirPotion"},{"floor":37,"key":"BlessingOfTheForge"}],"is_trial":false,"path_per_floor":["M","$","M","M","M","R","M","E","T","M","?","?","R","?","R","B",null,"M","?","$","M","?","E","R","?","MIM","?","NM","R","M","$","R","B",null,"M","AVR","M","?","PTL","PTL","M"],"character_chosen":"IRONCLAD","items_purchased":["Feel No Pain","True Grit","Pummel+1","Flex","Lee\u0027s Waffle","Fire Breathing","Flex","Shrug It Off+1"],"campfire_rested":2,"item_purchase_floors":[2,2,20,20,20,20,31,31],"current_hp_per_floor":[67,67,71,75,66,66,67,36,46,52,52,52,52,52,52,31,72,60,60,92,76,76,22,49,49,76,76,38,65,80,80,80,49,81,65,65,63,63,63,63,0,0],"gold":163,"neow_bonus":"NOSTALGIA","is_daily":false,"chose_seed":false,"campfire_upgraded":4,"win_rate":0.0,"timestamp":1612408853,"path_taken":["M","$","M","M","M","R","M","E","T","M","?","?","R","?","R","BOSS","M","?","$","M","?","E","R","?","MIM","?","NM","R","?","$","R","BOSS","M","AVR","M","?","PTL","PTL","M"],"items_purchased_type":["Card","Card","Card","Card","Relic","Card","Card","Card"],"build_version":"2020-12-22","purchased_purges":0,"victory":false,"max_hp_per_floor":[75,75,75,75,75,75,75,75,85,85,85,85,85,85,85,85,85,85,85,92,92,92,92,92,92,92,92,92,92,92,92,92,92,92,92,92,92,92,92,92,92,92],"card_choices":[{"not_picked":["Blood for Blood","Clash"],"picked":"Armaments","floor":1.0},{"not_picked":["True Grit","Flex"],"picked":"Feel No Pain","floor":3},{"not_picked":["Headbutt","Wild Strike"],"picked":"Intimidate","floor":4},{"not_picked":["Thunderclap","Searing Blow"],"picked":"Pommel Strike","floor":5},{"not_picked":["Whirlwind","Brutality"],"picked":"ReplayTheSpireMod:Strike From Hell","floor":7},{"not_picked":["Metallicize","Run Through"],"picked":"Demon Form","floor":8},{"not_picked":["Warcry","Clothesline"],"picked":"Wild Strike","floor":10},{"not_picked":["Offering","conspire:HitWhereItHurts"],"picked":"Reaper","floor":16},{"not_picked":["Disarm","Sever Soul","Replay:Undeath\u0027s Touch"],"picked":"Iron Wave","floor":18},{"not_picked":["Headbutt","Perfected Strike","Thunderclap"],"picked":"Anger","floor":21},{"not_picked":["Shrug It Off","Carnage","Defy Death"],"picked":"ReplayTheSpireMod:Strike From Hell","floor":23},{"not_picked":["ReplayReversal","Whirlwind","Run Through"],"picked":"Twin Strike+1","floor":26},{"not_picked":["Hemokinesis","Thunderclap","Demonic Infusion"],"picked":"ReplayTheSpireMod:LeadingStrike","floor":28},{"not_picked":["Battle Trance","ReplayTheSpireMod:Strike From Hell","Clash"],"picked":"Inflame","floor":30},{"not_picked":["conspire:Purge","Feed","Corruption"],"picked":"Limit Break","floor":33},{"not_picked":["Headbutt","Shrug It Off+1","ReplayTheSpireMod:LeadingStrike"],"picked":"Heavy Blade","floor":35},{"not_picked":["ReplayReversal+1","ReplayTheSpireMod:Muscle Training+1","Havoc"],"picked":"Body Slam+1","floor":37}],"player_experience":1287674,"relics_obtained":[{"floor":8,"key":"Divine Protection"},{"floor":9,"key":"Pear"},{"floor":14,"key":"Orichalcum"},{"floor":23,"key":"conspire:TopHat"},{"floor":26,"key":"Replay:Bottled Flurry"},{"floor":27,"key":"ReplayTheSpireMod:Ring of Exchange"},{"floor":27,"key":"Ring of Hypnosis"},{"floor":28,"key":"Onion Ring"}],"event_choices":[{"damage_healed":0,"gold_gain":150,"player_choice":"AGREE","damage_taken":0,"max_hp_gain":0,"max_hp_loss":0,"event_name":"Liars Game","floor":12,"gold_loss":0,"cards_obtained":["Doubt"]},{"damage_healed":0,"gold_gain":0,"player_choice":"Opened","damage_taken":0,"relics_obtained":["aspiration:HiddenCompartment"],"max_hp_gain":0,"max_hp_loss":0,"event_name":"The Mausoleum","floor":19,"gold_loss":0,"cards_obtained":["Writhe"]},{"damage_healed":0,"gold_gain":0,"player_choice":"Ignored","damage_taken":0,"max_hp_gain":0,"max_hp_loss":0,"event_name":"Vampires","floor":22,"gold_loss":0},{"cards_removed":["Writhe","Doubt"],"damage_healed":0,"gold_gain":0,"player_choice":"Removed Curses","damage_taken":0,"max_hp_gain":0,"max_hp_loss":0,"event_name":"Fountain of Cleansing","floor":25,"gold_loss":0},{"cards_removed":["Flex"],"damage_healed":0,"gold_gain":0,"player_choice":"Removed Skill","damage_taken":0,"max_hp_gain":0,"max_hp_loss":0,"event_name":"Falling","floor":38,"gold_loss":0}],"is_beta":false,"boss_relics":[{"not_picked":["Runic Cube","Snecko Eye"],"picked":"Honey Jar"},{"not_picked":["TheAbacus","SacredBark"],"picked":"infinitespire:Burning Sword"}],"items_purged_floors":[],"is_endless":true,"potions_floor_spawned":[4,5,8,10,18,28,30,33,37],"killed_by":"4 Shapes","ascension_level":19}}