{"host":"q9sqrn60n8lvmavn","time":1612419014,"event":{"mods":["AchievementEnabler","AlwaysNeverKeys","BaseMod","Better Third Choice","Better Vampires","Block Reminder","Colored Powertips","Curses Come First","DNKmod","Friendly Minions","Minty Spire (QoL Compilation)","Permanent Neow","Relic Filter Mod","StSLib","Weighted Paths"],"gold_per_floor":[1018,1018,1018,908,926,953,603,603,603,634,247,266,283,301,301,400,400,418,368,380,396,407,438,438,170,170,170,195,223,260,291,303,410,422,453,477,267,277,288,332,332,373,373,373,177,186,198,225,225,225,225,234,29,72,72],"floor_reached":56,"language":"ENG","playtime":1961,"items_purged":["Defend_B","Strike_B","Zap+1","Strike_B","Force Field","Heatsinks","Defend_B","Defend_B"],"score":2098,"play_id":"3f3a7152-2b13-4bfc-8e80-9f0fb986428e","local_time":"20210203221014","is_ascension_mode":true,"campfire_choices":[{"data":"Seek","floor":8,"key":"SMITH"},{"data":"Tempest","floor":15,"key":"SMITH"},{"data":"Multi-Cast","floor":24,"key":"SMITH"},{"data":"Defragment","floor":27,"key":"SMITH"},{"data":"Hologram","floor":32,"key":"SMITH"},{"data":"Turbo","floor":41,"key":"SMITH"},{"data":"Echo Form","floor":44,"key":"SMITH"},{"data":"Defend_B","floor":49,"key":"SMITH"},{"floor":52,"key":"REST"}],"circlet_count":0,"master_deck":["AscendersBane","Strike_B+1","Strike_B+1","Defend_B+1","Skim+1","Sweeping Beam+1","Seek+1","Ball Lightning+1","Tempest+1","FTL+1","Multi-Cast+1","Double Energy+1","Lockon+1","Defragment+1","Hologram+1","Core Surge+1","Echo Form+1","Turbo+1","Turbo+1","White Noise+1","Storm+1","Defragment+1","White Noise+1","Amplify"],"relics":["Cracked Core","Mummified Hand","Ornamental Fan","Molten Egg 2","Whetstone","Matryoshka","Smiling Mask","Singing Bowl","Symbiotic Virus","Bottled Lightning","Sozu","Tiny Chest","Chemical X","Dream Catcher","Sundial","MawBank","Kunai","Runic Dome","Strange Spoon","CeramicFish","HornCleat","Shuriken","Runic Capacitor","Art of War","Lantern","War Paint"],"acts_visited":["Exordium","TheCity","TheBeyond","TheEnding"],"potions_floor_usage":[10,16,16,20],"damage_taken":[{"damage":1,"enemies":"Cultist","floor":1,"turns":3},{"damage":0,"enemies":"Small Slimes","floor":5,"turns":3},{"damage":22,"enemies":"Lagavulin","floor":6,"turns":5},{"damage":0,"enemies":"3 Sentries","floor":10,"turns":3},{"damage":4,"enemies":"2 Louse","floor":12,"turns":2},{"damage":0,"enemies":"Lots of Slimes","floor":13,"turns":1},{"damage":8,"enemies":"Exordium Wildlife","floor":14,"turns":2},{"damage":30,"enemies":"Hexaghost","floor":16,"turns":5},{"damage":0,"enemies":"Shell Parasite","floor":18,"turns":2},{"damage":2,"enemies":"3 Byrds","floor":20,"turns":2},{"damage":9,"enemies":"Centurion and Healer","floor":21,"turns":3},{"damage":0,"enemies":"Snake Plant","floor":22,"turns":2},{"damage":14,"enemies":"Book of Stabbing","floor":23,"turns":2},{"damage":18,"enemies":"Gremlin Leader","floor":28,"turns":2},{"damage":0,"enemies":"Shelled Parasite and Fungi","floor":29,"turns":1},{"damage":0,"enemies":"Slavers","floor":30,"turns":1},{"damage":0,"enemies":"3 Cultists","floor":31,"turns":2},{"damage":14,"enemies":"Automaton","floor":33,"turns":5},{"damage":0,"enemies":"Orb Walker","floor":35,"turns":1},{"damage":9,"enemies":"3 Darklings","floor":36,"turns":2},{"damage":0,"enemies":"Maw","floor":38,"turns":2},{"damage":6,"enemies":"Jaw Worm Horde","floor":39,"turns":2},{"damage":0,"enemies":"Reptomancer","floor":40,"turns":2},{"damage":0,"enemies":"Giant Head","floor":42,"turns":2},{"damage":13,"enemies":"3 Darklings","floor":47,"turns":2},{"damage":0,"enemies":"Reptomancer","floor":48,"turns":1},{"damage":27,"enemies":"Awakened One","floor":50,"turns":4},{"damage":0,"enemies":"Shield and Spear","floor":54,"turns":3},{"damage":120,"enemies":"The Heart","floor":55,"turns":4}],"seed_played":"4864543777194712949","potions_obtained":[{"floor":1,"key":"Explosive Potion"},{"floor":6,"key":"GamblersBrew"},{"floor":10,"key":"Regen Potion"},{"floor":16,"key":"SkillPotion"}],"is_trial":false,"path_per_floor":["M","?","?","$","M","E","$","R","T","E","$","M","M","M","R","B",null,"M","$","M","M","M","E","R","$","T","R","E","M","E","M","R","B",null,"M","M","$","M","M","E","R","E","T","R","$","?","M","E","R","B",null,"R","$","E","B",null],"character_chosen":"DEFECT","items_purchased":["Force Field","Matryoshka","Bottled Lightning","Heatsinks","Defragment","Chemical X","Strange Spoon","Turbo","Runic Capacitor","Lantern"],"campfire_rested":1,"item_purchase_floors":[4,7,11,11,25,25,37,37,45,53],"current_hp_per_floor":[99,92,92,92,92,70,70,70,70,72,72,68,68,60,60,42,87,89,89,87,78,80,68,68,68,68,68,50,50,52,54,54,40,94,96,89,89,89,85,85,85,85,85,85,85,85,74,76,76,49,104,122,122,122,2],"gold":72,"neow_bonus":"UPGRADE_CARD","is_daily":false,"chose_seed":false,"campfire_upgraded":8,"win_rate":0.0,"timestamp":1612419014,"path_taken":["M","?","?","$","?","E","$","R","T","E","$","M","?","M","R","BOSS","M","$","M","M","M","E","R","$","T","R","E","M","E","M","R","BOSS","M","M","$","M","M","E","R","E","T","R","$","?","M","E","R","BOSS","R","$","E","BOSS"],"items_purchased_type":["Card","Relic","Relic","Card","Card","Relic","Relic","Card","Relic","Relic"],"build_version":"2020-12-22","purchased_purges":8,"victory":true,"max_hp_per_floor":[100,100,100,100,100,100,100,100,100,102,102,102,102,102,102,102,102,104,104,104,104,106,108,108,108,108,108,108,108,110,112,112,112,112,114,116,116,116,118,118,118,118,118,118,118,118,120,122,122,122,122,122,122,122,122],"card_choices":[{"not_picked":["Sunder+1","Stack"],"picked":"Skim","floor":1},{"not_picked":["Rebound+1","Hello World"],"picked":"Sweeping Beam+1","floor":5},{"not_picked":["Reprogram","Cold Snap+1"],"picked":"Seek","floor":6},{"not_picked":["Skim","Force Field","Rebound+1"],"picked":"Singing Bowl","floor":10},{"not_picked":["Sunder+1","Compile Driver+1"],"picked":"Ball Lightning+1","floor":12},{"not_picked":["Go for the Eyes+1","Melter+1"],"picked":"Tempest","floor":13},{"not_picked":["Ball Lightning+1","Hello World"],"picked":"FTL+1","floor":14},{"not_picked":["Seek","Fission"],"picked":"Multi-Cast","floor":16},{"not_picked":["Compile Driver+1","Rebound+1","Leap"],"picked":"Singing Bowl","floor":18},{"not_picked":["FTL+1","Turbo+1"],"picked":"Double Energy+1","floor":20},{"not_picked":["Hello World","Streamline+1"],"picked":"Lockon+1","floor":21},{"not_picked":["Gash+1","Reinforced Body+1","Compile Driver+1"],"picked":"Singing Bowl","floor":22},{"not_picked":["Reinforced Body","Compile Driver+1","Steam Power"],"picked":"Singing Bowl","floor":23},{"not_picked":["Stack+1","Leap"],"picked":"Hologram","floor":28},{"not_picked":["Rebound+1","Chaos"],"picked":"Core Surge+1","floor":29},{"not_picked":["Recycle","Reinforced Body","Rebound+1"],"picked":"Singing Bowl","floor":30},{"not_picked":["Doom and Gloom+1","Chill+1","Go for the Eyes+1"],"picked":"Singing Bowl","floor":31},{"not_picked":["Core Surge+1","Hyperbeam+1"],"picked":"Echo Form","floor":33},{"not_picked":["Stack+1","Conserve Battery","Rebound+1"],"picked":"Singing Bowl","floor":35},{"not_picked":["Redo","Scrape+1","Rebound+1"],"picked":"Singing Bowl","floor":36},{"not_picked":["BootSequence+1","Beam Cell+1"],"picked":"Turbo+1","floor":38},{"not_picked":["Go for the Eyes+1","Compile Driver+1","Reboot"],"picked":"Singing Bowl","floor":39},{"not_picked":["Conserve Battery","Cold Snap+1"],"picked":"White Noise+1","floor":40},{"not_picked":["Heatsinks","Fusion+1"],"picked":"Storm+1","floor":42},{"not_picked":["Sweeping Beam+1","Conserve Battery","Reprogram+1"],"picked":"Singing Bowl","floor":47},{"not_picked":["Conserve Battery","Cold Snap+1","Undo+1"],"picked":"Singing Bowl","floor":48},{"not_picked":["Go for the Eyes+1","Cold Snap+1"],"picked":"White Noise+1","floor":52},{"not_picked":["Heatsinks","Glacier+1"],"picked":"Amplify","floor":54}],"player_experience":221768,"relics_obtained":[{"floor":6,"key":"Whetstone"},{"floor":9,"key":"Smiling Mask"},{"floor":9,"key":"Singing Bowl"},{"floor":10,"key":"Symbiotic Virus"},{"floor":23,"key":"Tiny Chest"},{"floor":26,"key":"Dream Catcher"},{"floor":26,"key":"Sundial"},{"floor":28,"key":"MawBank"},{"floor":30,"key":"Kunai"},{"floor":40,"key":"CeramicFish"},{"floor":42,"key":"HornCleat"},{"floor":43,"key":"Shuriken"},{"floor":48,"key":"Art of War"},{"floor":54,"key":"War Paint"}],"event_choices":[{"cards_removed":["Dualcast"],"damage_healed":0,"gold_gain":0,"player_choice":"Card Removal","damage_taken":7,"max_hp_gain":0,"max_hp_loss":0,"event_name":"Golden Wing","floor":2,"gold_loss":0},{"damage_healed":0,"gold_gain":0,"player_choice":"Upgraded","damage_taken":0,"max_hp_gain":0,"max_hp_loss":0,"event_name":"Upgrade Shrine","floor":3,"gold_loss":0,"cards_upgraded":["Skim"]},{"damage_healed":0,"gold_gain":0,"player_choice":"Copied","damage_taken":0,"max_hp_gain":0,"max_hp_loss":0,"event_name":"Duplicator","floor":46,"gold_loss":0,"cards_obtained":["Defragment"]}],"is_beta":false,"boss_relics":[{"not_picked":["Black Star","Philosopher\u0027s Stone"],"picked":"Sozu"},{"not_picked":["SlaversCollar","Empty Cage"],"picked":"Runic Dome"}],"items_purged_floors":[4,7,11,19,25,37,45,53],"is_endless":false,"potions_floor_spawned":[1,6,10,16,18,20,23,28,31,33,36,38,39,54],"ascension_level":10}}