{"host":"u0hb5we0hmj7y3yv","time":1612448449,"event":{"mods":["BaseMod","Colored Powertips","KinomotoSakuraMod(Ä¾Ö®±¾Ó£)","Marisa£¨ìFÓê¡¡Ä§ÀíÉ³£©","Minty Spire (QoL Compilation)"],"gold_per_floor":[110,125,137,31,31,60,60,92,127,168,196,208,220,266,278,385,397,421,451,241,254,266,291,304,319,319,352,367,8,8,26,26,122,122,142,158,172,185,197,229,229,229,229,248,277,294,319,335,335,335,335,335,17,47,47],"floor_reached":56,"language":"ZHS","playtime":4940,"items_purged":["ClowCardTheShield"],"score":1669,"play_id":"c23110ef-95ad-4733-b14b-1a725392c3f0","local_time":"20210204222049","is_ascension_mode":true,"campfire_choices":[{"data":"ClowCardTheBig","floor":7.0,"key":"SMITH"},{"data":"ClowCardTheLittle","floor":15.0,"key":"SMITH"},{"data":"ClowCardTheLight","floor":30.0,"key":"SMITH"},{"data":"ClowCardTheGlow","floor":32.0,"key":"SMITH"},{"floor":42.0,"key":"RECALL"},{"data":"ClowCardTheWave","floor":49.0,"key":"SMITH"},{"data":"ClowCardTheWave","floor":52.0,"key":"SMITH"}],"circlet_count":0,"master_deck":["SakuraCardTheMove+","SakuraCardTheSword+","SakuraCardTheShield+","ClowCardTheSword+1","ClowCardTheSword","ClowCardTheShield+1","ClowCardTheShield","SpellCardSeal","SpellCardRelease","ClowCardTheFly+1","ClowCardTheBig+1","ClowCardTheLittle+1","ClowCardTheSong","ClowCardTheEarthy","ClowCardTheTwin","ClowCardTheRain","ClowCardTheBubbles","ClowCardTheLight+1","ClowCardTheShadow+1","ClowCardTheArrow","ClowCardTheWave+1","ClowCardTheWave+1","ClowCardTheMove","ClowCardTheTime","ClowCardTheMirror","ClowCardTheLock","ClowCardTheMove+1","ClowCardTheSweet","ClowCardTheSleep","ClowCardTheTime","ClowCardTheGlow+1","ClowCardTheTwin","ClowCardTheLoop","ClowCardTheWindy+1","ClowCardTheWave+1","ClowCardTheFloat","ClowCardTheGlow+1","ClowCardTheDream+1","ClowCardTheFly+1","ClowCardTheWave+1","ClowCardTheDark","ClowCardTheFlower+1"],"relics":["KSMOD_SealedBook","KSMOD_SealedWand","MealTicket","MawBank","Bag of Marbles","Blue Candle","Smiling Mask","KSMOD_DarknessWand","Orrery","Boot","Sundial","War Paint","Membership Card","Bottled Tornado","Coffee Dripper","Lantern","Blood Vial","PreservedInsect","KSMOD_TouyasBicycle","Gambling Chip","Vajra"],"acts_visited":["Exordium","TheCity","TheBeyond","TheEnding"],"potions_floor_usage":[55,55,55,55,55,55],"damage_taken":[{"damage":0.0,"enemies":"Jaw Worm","floor":1.0,"turns":3.0},{"damage":1.0,"enemies":"2 Louse","floor":2.0,"turns":4.0},{"damage":6.0,"enemies":"Small Slimes","floor":3.0,"turns":3.0},{"damage":6.0,"enemies":"Gremlin Nob","floor":6.0,"turns":3.0},{"damage":17.0,"enemies":"Lagavulin","floor":8.0,"turns":6.0},{"damage":10.0,"enemies":"3 Sentries","floor":10.0,"turns":5.0},{"damage":2.0,"enemies":"Gremlin Gang","floor":11.0,"turns":2.0},{"damage":9.0,"enemies":"Gremlin Nob","floor":14.0,"turns":3.0},{"damage":19.0,"enemies":"The Guardian","floor":16.0,"turns":8.0},{"damage":8.0,"enemies":"Chosen","floor":18.0,"turns":6.0},{"damage":8.0,"enemies":"2 Thieves","floor":19.0,"turns":4.0},{"damage":4.0,"enemies":"Cultist and Chosen","floor":21.0,"turns":5.0},{"damage":0.0,"enemies":"Snake Plant","floor":22.0,"turns":4.0},{"damage":0.0,"enemies":"Gremlin Leader","floor":23.0,"turns":6.0},{"damage":0.0,"enemies":"3 Cultists","floor":24.0,"turns":5.0},{"damage":0.0,"enemies":"Centurion and Healer","floor":25.0,"turns":5.0},{"damage":48.0,"enemies":"Book of Stabbing","floor":27.0,"turns":6.0},{"damage":5.0,"enemies":"Cultist and Chosen","floor":28.0,"turns":6.0},{"damage":4.0,"enemies":"Sentry and Sphere","floor":31.0,"turns":4.0},{"damage":0.0,"enemies":"Champ","floor":33.0,"turns":7.0},{"damage":4.0,"enemies":"3 Shapes","floor":35.0,"turns":8.0},{"damage":14.0,"enemies":"Orb Walker","floor":36.0,"turns":8.0},{"damage":0.0,"enemies":"Maw","floor":37.0,"turns":8.0},{"damage":17.0,"enemies":"Jaw Worm Horde","floor":38.0,"turns":3.0},{"damage":0.0,"enemies":"4 Shapes","floor":39.0,"turns":6.0},{"damage":0.0,"enemies":"Nemesis","floor":40.0,"turns":7.0},{"damage":12.0,"enemies":"3 Darklings","floor":44.0,"turns":3.0},{"damage":14.0,"enemies":"Reptomancer","floor":45.0,"turns":5.0},{"damage":0.0,"enemies":"Writhing Mass","floor":46.0,"turns":7.0},{"damage":0.0,"enemies":"Giant Head","floor":47.0,"turns":5.0},{"damage":18.0,"enemies":"Jaw Worm Horde","floor":48.0,"turns":10.0},{"damage":17.0,"enemies":"Time Eater","floor":50.0,"turns":11.0},{"damage":0,"enemies":"Shield and Spear","floor":54,"turns":4},{"damage":1,"enemies":"The Heart","floor":55,"turns":6}],"seed_played":"-3032053891425075838","potions_obtained":[{"floor":2.0,"key":"CultistPotion"},{"floor":3.0,"key":"Dexterity Potion"},{"floor":6.0,"key":"SpeedPotion"},{"floor":8.0,"key":"GamblersBrew"},{"floor":22.0,"key":"Block Potion"},{"floor":25.0,"key":"CultistPotion"},{"floor":27.0,"key":"FearPotion"},{"floor":28.0,"key":"LiquidMemories"},{"floor":45.0,"key":"Strength Potion"},{"floor":47.0,"key":"EntropicBrew"},{"floor":54,"key":"ColorlessPotion"}],"is_trial":false,"path_per_floor":["M","M","M","$","?","E","R","E","T","E","M","?","?","E","R","B",null,"M","M","$","M","M","E","M","M","T","E","M","$","R","M","R","B",null,"M","M","M","M","M","E","?","R","T","M","E","M","E","M","R","B",null,"R","$","E","B",null],"character_chosen":"KINOMOTOSAKURA","items_purchased":["ClowCardTheLittle","ClowCardTheSong","ClowCardTheWave","Orrery","Membership Card","Bottled Tornado","ClowCardTheTime","KSMOD_TouyasBicycle","Gambling Chip","ClowCardTheDark","Block Potion"],"campfire_rested":0,"item_purchase_floors":[4,4,20,20,29,29,29,53,53,53,53],"current_hp_per_floor":[70,69,63,63,49,43,43,26,26,16,14,14,37,28,28,9,70,62,54,69,65,65,70,70,70,70,34,34,49,49,45,45,45,70,70,70,70,53,63,68,68,68,68,56,56,70,70,69,69,67,70,70,70,70,69],"gold":47,"neow_bonus":"REMOVE_CARD","is_daily":false,"chose_seed":false,"campfire_upgraded":6,"win_rate":0.0,"timestamp":1612448449,"path_taken":["M","M","M","$","?","E","R","E","T","E","M","?","?","E","R","BOSS","M","M","$","M","M","E","M","M","T","E","M","$","R","M","R","BOSS","M","M","M","M","M","E","?","R","T","M","E","?","E","M","R","BOSS","R","$","E","BOSS"],"items_purchased_type":["Card","Card","Card","Relic","Relic","Relic","Card","Relic","Relic","Card","Potion"],"build_version":"2020-12-22","purchased_purges":1,"victory":true,"max_hp_per_floor":[70,70,70,70,70,70,70,70,70,70,70,70,70,70,70,70,70,70,70,70,70,70,70,70,70,70,70,70,70,70,70,70,70,70,70,70,70,70,70,70,70,70,70,70,70,70,70,70,70,70,70,70,70,70,70],"card_choices":[{"not_picked":["ClowCardTheSand","ClowCardTheDream"],"picked":"ClowCardTheMove","floor":1.0},{"not_picked":["ClowCardTheLibra","ClowCardTheMist"],"picked":"ClowCardTheFly","floor":2.0},{"not_picked":["ClowCardThePower","ClowCardTheArrow"],"picked":"ClowCardTheBig","floor":3.0},{"not_picked":["ClowCardTheStorm","ClowCardThePower"],"picked":"ClowCardTheEarthy","floor":6.0},{"not_picked":["ClowCardTheVoice","ClowCardTheReturn"],"picked":"ClowCardTheTwin","floor":8.0},{"not_picked":["ClowCardThePower","ClowCardTheMist","ClowCardTheShot"],"picked":"SKIP","floor":10.0},{"not_picked":["ClowCardTheDream","ClowCardThePower"],"picked":"ClowCardTheRain","floor":11.0},{"not_picked":["ClowCardTheWood","ClowCardTheDream","ClowCardTheFly"],"picked":"SKIP","floor":14.0},{"not_picked":["ClowCardTheDark","ClowCardTheDash"],"picked":"ClowCardTheLight","floor":16.0},{"not_picked":["ClowCardTheShot","ClowCardTheDream"],"picked":"ClowCardTheShadow+1","floor":18.0},{"not_picked":["ClowCardTheDream","ClowCardThePower"],"picked":"ClowCardTheArrow","floor":19.0},{"not_picked":["ClowCardTheLittle","ClowCardTheSilent+1"],"picked":"ClowCardTheWave+1","floor":20.0},{"not_picked":["ClowCardTheFreeze","ClowCardTheIllusion"],"picked":"ClowCardTheMove","floor":20.0},{"not_picked":["ClowCardTheSong","ClowCardTheGlow"],"picked":"ClowCardTheTime","floor":20.0},{"not_picked":["ClowCardTheIllusion","ClowCardTheSand"],"picked":"ClowCardTheMirror","floor":20.0},{"not_picked":["ClowCardTheArrow","ClowCardThePower"],"picked":"ClowCardTheLock","floor":20.0},{"not_picked":["ClowCardTheFly","ClowCardTheArrow"],"picked":"ClowCardTheMove","floor":21.0},{"not_picked":["ClowCardTheMirror+1","ClowCardTheRain"],"picked":"ClowCardTheSweet","floor":22.0},{"not_picked":["ClowCardTheMirror+1","ClowCardTheSnow","ClowCardTheFreeze+1"],"picked":"SKIP","floor":23.0},{"not_picked":["ClowCardTheMirror","ClowCardTheVoice+1","ClowCardTheSleep+1"],"picked":"SKIP","floor":24.0},{"not_picked":["ClowCardTheCloud","ClowCardTheSilent","ClowCardTheMirror"],"picked":"SKIP","floor":25.0},{"not_picked":["ClowCardTheSong+1","ClowCardTheStorm","ClowCardTheSleep"],"picked":"SKIP","floor":27.0},{"not_picked":["ClowCardTheJump","ClowCardTheLibra"],"picked":"ClowCardTheSleep","floor":28.0},{"not_picked":["ClowCardTheEarthy","ClowCardTheFirey"],"picked":"ClowCardTheGlow","floor":31.0},{"not_picked":["ClowCardTheReturn","ClowCardTheThrough"],"picked":"ClowCardTheTwin","floor":33.0},{"not_picked":["ClowCardTheIllusion","ClowCardTheWatery"],"picked":"ClowCardTheLoop","floor":35.0},{"not_picked":["ClowCardTheSong+1","ClowCardTheMist"],"picked":"ClowCardTheWindy+1","floor":36.0},{"not_picked":["ClowCardTheErase","ClowCardThePower+1","ClowCardTheWood+1"],"picked":"SKIP","floor":37.0},{"not_picked":["ClowCardTheShot","ClowCardTheFloat"],"picked":"ClowCardTheWave+1","floor":38.0},{"not_picked":["ClowCardTheErase+1","ClowCardTheMist+1","ClowCardTheDream+1"],"picked":"SKIP","floor":39.0},{"not_picked":["ClowCardTheThrough","ClowCardTheStorm+1"],"picked":"ClowCardTheFloat","floor":40.0},{"not_picked":["ClowCardTheLibra","ClowCardTheSleep+1"],"picked":"ClowCardTheDream+1","floor":44.0},{"not_picked":["ClowCardTheSleep+1","ClowCardTheErase","ClowCardTheCreate"],"picked":"SKIP","floor":45.0},{"not_picked":["ClowCardTheMove","ClowCardTheSleep"],"picked":"ClowCardTheFly+1","floor":46.0},{"not_picked":["ClowCardTheShadow","ClowCardTheFly"],"picked":"ClowCardTheWave","floor":47.0},{"not_picked":["ClowCardTheChange+1","ClowCardTheWood+1","ClowCardThePower+1"],"picked":"SKIP","floor":48.0},{"not_picked":["ClowCardTheMirror+1","ClowCardTheShot"],"picked":"ClowCardTheFlower+1","floor":54}],"player_experience":70222,"relics_obtained":[{"floor":6.0,"key":"MealTicket"},{"floor":8.0,"key":"MawBank"},{"floor":9.0,"key":"Bag of Marbles"},{"floor":10.0,"key":"Blue Candle"},{"floor":14.0,"key":"Smiling Mask"},{"floor":23.0,"key":"Boot"},{"floor":26.0,"key":"Sundial"},{"floor":27.0,"key":"War Paint"},{"floor":40.0,"key":"Lantern"},{"floor":45.0,"key":"Blood Vial"},{"floor":47.0,"key":"PreservedInsect"},{"floor":54,"key":"Vajra"}],"event_choices":[{"damage_healed":0.0,"max_hp_gain":0.0,"max_hp_loss":0.0,"gold_gain":0.0,"event_name":"Shining Light","player_choice":"Entered Light","floor":5.0,"gold_loss":0.0,"damage_taken":14.0,"cards_upgraded":["ClowCardTheSword","ClowCardTheShield"]},{"damage_healed":0.0,"max_hp_gain":0.0,"max_hp_loss":0.0,"gold_gain":0.0,"cards_transformed":["ClowCardTheShield"],"event_name":"Living Wall","player_choice":"Change","floor":12.0,"gold_loss":0.0,"damage_taken":0.0,"cards_obtained":["ClowCardTheBubbles"]},{"damage_healed":23.0,"max_hp_gain":0.0,"max_hp_loss":0.0,"gold_gain":0.0,"event_name":"Big Fish","player_choice":"Banana","floor":13.0,"gold_loss":0.0,"damage_taken":0.0},{"damage_healed":0.0,"max_hp_gain":0.0,"max_hp_loss":0.0,"gold_gain":0.0,"event_name":"Duplicator","player_choice":"Copied","floor":41.0,"gold_loss":0.0,"damage_taken":0.0,"cards_obtained":["ClowCardTheGlow"]}],"is_beta":false,"boss_relics":[{"not_picked":["Pandora\u0027s Box","Fusion Hammer"],"picked":"KSMOD_DarknessWand"},{"not_picked":["SacredBark","Busted Crown"],"picked":"Coffee Dripper"}],"items_purged_floors":[29],"is_endless":false,"potions_floor_spawned":[2,3,6,8,16,22,25,27,28,31,38,39,45,47,54],"ascension_level":3}}