{"host":"vyjryxuuuxkt43k4","time":1612447763,"event":{"mods":["AchievementEnabler","BaseMod","Colored Map","DeckTracker","Keyboard Shortcuts","Minty Spire (QoL Compilation)","Permanent Neow","Quick Restart","Rare Cards Sparkle","Relic Stats","StSLib","SuperFastMode","everything is the same but u backflip on backflip"],"gold_per_floor":[411,421,30,30,45,45,65,65,65,81,31,47,47,79,79,151,151,167,167,92,121,61,61,75,92,144,144,173,183,218,28,28,105,105,117,117,132,132,151,151,185,185,185,217,7,7,20,33,33,33],"floor_reached":51,"language":"KOR","playtime":5307,"items_purged":["Shame","Parasite","Strike_B"],"score":1213,"play_id":"819ded16-7948-42a5-92e8-ac89ef0c2d9c","local_time":"20210204230923","is_ascension_mode":true,"campfire_choices":[{"data":"Darkness","floor":6.0,"key":"SMITH"},{"data":"Dualcast","floor":8.0,"key":"SMITH"},{"data":"Melter","floor":13.0,"key":"SMITH"},{"data":"Zap","floor":15.0,"key":"SMITH"},{"data":"Self Repair","floor":23.0,"key":"SMITH"},{"floor":27.0,"key":"REST"},{"floor":32.0,"key":"REST"},{"floor":40.0,"key":"RECALL"},{"floor":42.0,"key":"REST"},{"floor":49,"key":"REST"}],"circlet_count":0,"master_deck":["AscendersBane","Strike_B","Strike_B","Defend_B","Defend_B","Defend_B","Defend_B","Zap+1","Dualcast+1","Darkness+1","Compile Driver","Redo+1","Hologram+1","Self Repair+1","Conserve Battery+1","Turbo+1","BootSequence+1","Coolheaded+1","Melter+1","All For One","Conserve Battery+1","Coolheaded+1","Loop","Recycle+1","Reboot+1","Finesse+1","Multi-Cast+1","Madness+1","Madness+1","Skim+1","Rebound","Enlightenment+1"],"relics":["Cracked Core","Old Coin","Toxic Egg 2","Bottled Lightning","Mango","Cursed Key","Red Mask","Bag of Preparation","Nunchaku","Akabeko","Fusion Hammer","Pantograph","Singing Bowl"],"acts_visited":["Exordium","TheCity","TheBeyond"],"potions_floor_usage":[50,50],"damage_taken":[{"damage":7.0,"enemies":"2 Louse","floor":1.0,"turns":3.0},{"damage":1.0,"enemies":"Cultist","floor":2.0,"turns":4.0},{"damage":13.0,"enemies":"Small Slimes","floor":5.0,"turns":4.0},{"damage":0.0,"enemies":"Gremlin Gang","floor":7.0,"turns":5.0},{"damage":8.0,"enemies":"Exordium Thugs","floor":10.0,"turns":4.0},{"damage":1.0,"enemies":"Large Slime","floor":12.0,"turns":6.0},{"damage":8.0,"enemies":"3 Sentries","floor":14.0,"turns":6.0},{"damage":22.0,"enemies":"The Guardian","floor":16.0,"turns":11.0},{"damage":26.0,"enemies":"Chosen","floor":18.0,"turns":5.0},{"damage":37.0,"enemies":"Masked Bandits","floor":21.0,"turns":5.0},{"damage":0.0,"enemies":"3 Byrds","floor":24.0,"turns":4.0},{"damage":30.0,"enemies":"3 Cultists","floor":25.0,"turns":6.0},{"damage":26.0,"enemies":"Book of Stabbing","floor":28.0,"turns":5.0},{"damage":13.0,"enemies":"Centurion and Healer","floor":29.0,"turns":9.0},{"damage":22.0,"enemies":"Slavers","floor":30.0,"turns":6.0},{"damage":30.0,"enemies":"Automaton","floor":33.0,"turns":10.0},{"damage":0.0,"enemies":"Orb Walker","floor":35.0,"turns":2.0},{"damage":27.0,"enemies":"3 Darklings","floor":37.0,"turns":4.0},{"damage":0.0,"enemies":"4 Shapes","floor":39.0,"turns":2.0},{"damage":4.0,"enemies":"Giant Head","floor":41.0,"turns":6.0},{"damage":36,"enemies":"Reptomancer","floor":44,"turns":6},{"damage":2,"enemies":"Writhing Mass","floor":47,"turns":3},{"damage":15,"enemies":"Maw","floor":48,"turns":8},{"damage":38,"enemies":"Awakened One","floor":50,"turns":9}],"seed_played":"-2445260296413804725","potions_obtained":[{"floor":5.0,"key":"SkillPotion"},{"floor":7.0,"key":"PotionOfCapacity"},{"floor":10.0,"key":"GamblersBrew"},{"floor":21.0,"key":"Swift Potion"},{"floor":25.0,"key":"ColorlessPotion"},{"floor":29.0,"key":"Fire Potion"},{"floor":30.0,"key":"PowerPotion"},{"floor":37.0,"key":"EssenceOfSteel"},{"floor":44,"key":"Dexterity Potion"}],"is_trial":false,"path_per_floor":["M","M","$","?","M","R","M","R","T","M","$","M","R","E","R","B",null,"M","T","$","?","?","R","M","M","T","R","E","M","E","$","R","B",null,"M","?","M","?","M","R","E","R","T","E","$","?","M","M","R","B",null],"character_chosen":"DEFECT","items_purchased":["Toxic Egg 2","Redo+1","Hologram+1","Self Repair","Coolheaded+1","Finesse+1","Enlightenment+1"],"campfire_rested":4,"item_purchase_floors":[3,3,3,3,11,31,45],"current_hp_per_floor":[43,42,42,75,69,69,75,75,75,74,74,75,75,88,88,73,85,66,66,66,36,36,36,46,26,26,52,36,33,21,21,46,26,71,71,60,43,43,63,63,59,84,84,68,68,96,98,95,100,72],"gold":33,"neow_bonus":"ONE_RARE_RELIC","is_daily":false,"chose_seed":false,"campfire_upgraded":5,"win_rate":0.0,"timestamp":1612447763,"path_taken":["M","M","$","?","M","R","M","R","T","M","$","?","R","E","R","BOSS","M","?","$","?","?","R","M","?","T","R","E","M","E","?","R","BOSS","M","?","M","?","?","R","E","R","T","E","?","?","?","M","R","BOSS"],"items_purchased_type":["Relic","Card","Card","Card","Card","Card","Card"],"build_version":"2020-12-22","purchased_purges":3,"victory":true,"max_hp_per_floor":[75,75,75,75,75,75,75,75,75,75,75,75,75,89,89,89,89,89,89,89,89,89,89,89,89,89,89,89,89,89,86,86,86,86,86,86,86,86,86,86,86,86,86,86,86,96,98,100,100,100],"relic_stats":{"Nunchaku":[14],"Singing Bowl":4,"counters":[24,133],"Pantograph":0,"Bag of Preparation":[24],"Cursed Key":2,"obtain_stats":[{"Singing Bowl":44,"Mango":14,"Bag of Preparation":26,"Cursed Key":17,"Akabeko":30,"Old Coin":0,"Nunchaku":28,"Pantograph":41,"Fusion Hammer":34,"Red Mask":21,"Bottled Lightning":9,"Toxic Egg 2":3,"Cracked Core":0},{"Singing Bowl":21,"Mango":7,"Bag of Preparation":12,"Cursed Key":8,"Akabeko":15,"Old Coin":0,"Nunchaku":13,"Pantograph":20,"Fusion Hammer":16,"Red Mask":10,"Bottled Lightning":4,"Toxic Egg 2":2,"Cracked Core":0},{"Singing Bowl":113,"Mango":32,"Bag of Preparation":63,"Cursed Key":43,"Akabeko":83,"Old Coin":0,"Nunchaku":68,"Pantograph":107,"Fusion Hammer":93,"Red Mask":53,"Bottled Lightning":16,"Toxic Egg 2":7,"Cracked Core":0}]},"card_choices":[{"not_picked":["Go for the Eyes","Fusion"],"picked":"Darkness","floor":1.0},{"not_picked":["Sweeping Beam","Go for the Eyes"],"picked":"Compile Driver","floor":2.0},{"not_picked":["Steam+1","Compile Driver"],"picked":"Conserve Battery+1","floor":5.0},{"not_picked":["Consume+1","Recycle+1"],"picked":"Turbo+1","floor":7.0},{"not_picked":["Compile Driver","Darkness+1"],"picked":"BootSequence+1","floor":10.0},{"not_picked":["Stack+1","Static Discharge"],"picked":"Melter","floor":12.0},{"not_picked":["Ball Lightning","Gash","Streamline"],"picked":"SKIP","floor":14.0},{"not_picked":["Thunder Strike","Amplify+1"],"picked":"All For One","floor":16.0},{"not_picked":["Barrage","Hologram+1"],"picked":"Conserve Battery+1","floor":18.0},{"not_picked":["Conserve Battery+1","Reprogram+1"],"picked":"Coolheaded+1","floor":21.0},{"not_picked":["Hyperbeam","Go for the Eyes"],"picked":"Loop","floor":24.0},{"not_picked":["Redo+1","Beam Cell"],"picked":"Recycle+1","floor":25.0},{"not_picked":["Tempest+1","Rebound"],"picked":"Reboot+1","floor":28.0},{"not_picked":["Streamline+1","Compile Driver"],"picked":"Amplify+1","floor":29.0},{"not_picked":["Barrage","Streamline","Hologram+1"],"picked":"SKIP","floor":30.0},{"not_picked":["Rainbow+1","Electrodynamics"],"picked":"Multi-Cast+1","floor":33.0},{"not_picked":["Gash","Redo+1","Barrage"],"picked":"SKIP","floor":35.0},{"not_picked":["Steam+1","Sweeping Beam","Rip and Tear"],"picked":"SKIP","floor":37.0},{"not_picked":["Blizzard+1","Leap+1"],"picked":"Skim+1","floor":39.0},{"not_picked":["Amplify+1","Gash","Loop"],"picked":"SKIP","floor":41.0},{"not_picked":["Sweeping Beam","Reinforced Body+1"],"picked":"Rebound","floor":44},{"not_picked":["Leap+1","Storm","Tempest+1"],"picked":"Singing Bowl","floor":47},{"not_picked":["Auto Shields+1","Ball Lightning","Conserve Battery+1"],"picked":"Singing Bowl","floor":48}],"player_experience":706631,"relics_obtained":[{"floor":9.0,"key":"Bottled Lightning"},{"floor":14.0,"key":"Mango"},{"floor":21.0,"key":"Red Mask"},{"floor":26.0,"key":"Bag of Preparation"},{"floor":28.0,"key":"Nunchaku"},{"floor":30.0,"key":"Akabeko"},{"floor":41.0,"key":"Pantograph"},{"floor":44,"key":"Singing Bowl"}],"event_choices":[{"damage_healed":33.0,"max_hp_gain":0.0,"max_hp_loss":0.0,"gold_gain":0.0,"event_name":"Wheel of Change","player_choice":"Full Heal","floor":4.0,"gold_loss":0.0,"damage_taken":0.0},{"damage_healed":0.0,"max_hp_gain":0.0,"max_hp_loss":0.0,"gold_gain":0.0,"event_name":"Masked Bandits","player_choice":"Fought Bandits","floor":21.0,"gold_loss":0.0,"damage_taken":0.0},{"cards_removed":["Strike_B"],"damage_healed":0.0,"max_hp_gain":0.0,"max_hp_loss":0.0,"gold_gain":0.0,"event_name":"Designer","player_choice":"Single Remove","floor":22.0,"gold_loss":60.0,"damage_taken":0.0},{"damage_healed":0.0,"max_hp_gain":0.0,"max_hp_loss":0.0,"gold_gain":0.0,"event_name":"Winding Halls","player_choice":"Embrace Madness","floor":36.0,"gold_loss":0.0,"damage_taken":11.0,"cards_obtained":["Madness","Madness"]},{"damage_healed":0.0,"max_hp_gain":0.0,"max_hp_loss":0.0,"gold_gain":0.0,"event_name":"SecretPortal","player_choice":"Ignored","floor":38.0,"gold_loss":0.0,"damage_taken":0.0},{"cards_removed":["Amplify"],"damage_healed":18,"gold_gain":0,"player_choice":"Offered Rare","damage_taken":0,"max_hp_gain":10,"max_hp_loss":0,"event_name":"Bonfire Elementals","floor":46,"gold_loss":0}],"is_beta":false,"boss_relics":[{"not_picked":["Philosopher\u0027s Stone","Black Star"],"picked":"Cursed Key"},{"not_picked":["Sozu","Calling Bell"],"picked":"Fusion Hammer"}],"items_purged_floors":[20,31,45],"is_endless":false,"potions_floor_spawned":[5,7,10,12,21,25,29,30,37,44],"ascension_level":13}}