{"host":"uc8wz0q199a7d901","time":1612428320,"event":{"mods":["2.2 Compatiblity","BaseMod","Colored Map","DeckTracker","Highlight Path","Minty Spire (QoL Compilation)","Permanent Neow","Quick Restart","SuperFastMode"],"gold_per_floor":[118,132,132,132,148,178,77,95,118,133,133,151,170,197,197,269,269,279,279,292,25,41,41,67,117,117,130,130,148,148,166,166,166,166],"floor_reached":33,"language":"KOR","playtime":1136,"items_purged":["Strike_G"],"score":562,"play_id":"63f2cb48-c193-4127-85c5-041d434a459c","local_time":"20210204174520","is_ascension_mode":true,"campfire_choices":[{"floor":11.0,"key":"REST"},{"data":"Bouncing Flask","floor":15.0,"key":"SMITH"},{"floor":28.0,"key":"REST"},{"floor":30.0,"key":"REST"},{"floor":32.0,"key":"REST"}],"circlet_count":0,"master_deck":["AscendersBane","Strike_G","Strike_G","Strike_G","Strike_G","Defend_G","Defend_G","Defend_G","Defend_G","Defend_G","Survivor","Neutralize","Dramatic Entrance","Bouncing Flask+1","Noxious Fumes+1","Calculated Gamble","Tactician","Acrobatics","Reflex","Prepared","PiercingWail","Cloak And Dagger","After Image","Blur","Noxious Fumes+1","Flechettes"],"relics":["Ring of the Snake","Art of War","Boot","Juzu Bracelet","HoveringKite","Sundial","Nunchaku","Snake Skull"],"acts_visited":["Exordium","TheCity"],"potions_floor_usage":[33],"damage_taken":[{"damage":2.0,"enemies":"2 Louse","floor":1.0,"turns":4.0},{"damage":1.0,"enemies":"Cultist","floor":2.0,"turns":3.0},{"damage":4.0,"enemies":"Jaw Worm","floor":5.0,"turns":3.0},{"damage":31.0,"enemies":"Gremlin Nob","floor":6.0,"turns":4.0},{"damage":6.0,"enemies":"Exordium Wildlife","floor":8.0,"turns":3.0},{"damage":0.0,"enemies":"3 Louse","floor":10.0,"turns":1.0},{"damage":7.0,"enemies":"2 Fungi Beasts","floor":12.0,"turns":4.0},{"damage":0.0,"enemies":"Lots of Slimes","floor":13.0,"turns":3.0},{"damage":2.0,"enemies":"Lagavulin","floor":14.0,"turns":5.0},{"damage":23.0,"enemies":"The Guardian","floor":16.0,"turns":11.0},{"damage":3.0,"enemies":"Shell Parasite","floor":18.0,"turns":5.0},{"damage":10.0,"enemies":"Spheric Guardian","floor":20.0,"turns":4.0},{"damage":7.0,"enemies":"Chosen and Byrds","floor":22.0,"turns":6.0},{"damage":30.0,"enemies":"Gremlin Leader","floor":24.0,"turns":8.0},{"damage":5.0,"enemies":"Centurion and Healer","floor":27.0,"turns":6.0},{"damage":17.0,"enemies":"Snecko","floor":29.0,"turns":6.0},{"damage":5.0,"enemies":"Sentry and Sphere","floor":31.0,"turns":5.0},{"damage":46,"enemies":"Champ","floor":33,"turns":10}],"seed_played":"8014774037453091118","potions_obtained":[{"floor":1.0,"key":"Explosive Potion"},{"floor":2.0,"key":"Energy Potion"},{"floor":10.0,"key":"SneckoOil"},{"floor":13.0,"key":"DistilledChaos"},{"floor":14.0,"key":"Dexterity Potion"},{"floor":27.0,"key":"LiquidMemories"},{"floor":31.0,"key":"Fire Potion"}],"is_trial":false,"path_per_floor":["M","M","?","?","M","E","$","M","T","M","R","M","M","E","R","B",null,"M","?","M","$","M","?","E","?","T","M","R","M","R","M","R","B"],"character_chosen":"THE_SILENT","items_purchased":["Acrobatics","Sundial"],"campfire_rested":4,"item_purchase_floors":[7,21],"current_hp_per_floor":[57,56,61,61,57,26,26,20,20,20,41,34,34,32,32,9,56,53,53,43,43,36,36,6,6,6,1,22,5,26,21,42,0,0],"gold":166,"neow_bonus":"RANDOM_COLORLESS","is_daily":false,"chose_seed":false,"campfire_upgraded":1,"win_rate":0.0,"timestamp":1612428320,"path_taken":["M","M","?","?","M","E","$","M","T","M","R","M","M","E","R","BOSS","M","?","M","$","M","?","E","?","T","M","R","M","R","M","R","BOSS"],"items_purchased_type":["Card","Relic"],"build_version":"2020-12-22","purchased_purges":1,"victory":false,"max_hp_per_floor":[66,66,71,71,71,71,71,71,71,71,71,71,71,71,71,71,71,71,71,71,71,71,71,71,71,71,71,71,71,71,71,71,71,71],"card_choices":[{"not_picked":["Purity","Dark Shackles"],"picked":"Dramatic Entrance","floor":0.0},{"not_picked":["Setup","Choke"],"picked":"Bouncing Flask","floor":1.0},{"not_picked":["Tactician","Leg Sweep"],"picked":"Noxious Fumes","floor":2.0},{"not_picked":["Riddle With Holes","Eviscerate"],"picked":"Calculated Gamble","floor":5.0},{"not_picked":["Escape Plan","Flechettes"],"picked":"Tactician","floor":6.0},{"not_picked":["Acrobatics","Prepared"],"picked":"Reflex","floor":8.0},{"not_picked":["Deadly Poison","Underhanded Strike"],"picked":"Prepared","floor":10.0},{"not_picked":["Quick Slash","Slice"],"picked":"PiercingWail","floor":12.0},{"not_picked":["Flechettes","Underhanded Strike"],"picked":"Cloak And Dagger","floor":13.0},{"not_picked":["Poisoned Stab","Deflect","Bane"],"picked":"SKIP","floor":14.0},{"not_picked":["Die Die Die","Venomology"],"picked":"After Image","floor":16.0},{"not_picked":["Predator","Bane"],"picked":"Blur","floor":18.0},{"not_picked":["Heel Hook","Cloak And Dagger+1"],"picked":"Noxious Fumes+1","floor":20.0},{"not_picked":["Endless Agony","Underhanded Strike","Reflex"],"picked":"SKIP","floor":22.0},{"not_picked":["Slice","Dagger Spray","Predator"],"picked":"SKIP","floor":24.0},{"not_picked":["Sucker Punch","Bane","Deflect"],"picked":"SKIP","floor":27.0},{"not_picked":["Dash","Dagger Spray"],"picked":"Flechettes","floor":29.0},{"not_picked":["Underhanded Strike+1","Acrobatics","Flying Knee"],"picked":"SKIP","floor":31.0},{"not_picked":["Underhanded Strike+1","Acrobatics","Flying Knee"],"picked":"SKIP","floor":31.0}],"player_experience":726049,"relics_obtained":[{"floor":6.0,"key":"Art of War"},{"floor":9.0,"key":"Boot"},{"floor":14.0,"key":"Juzu Bracelet"},{"floor":24.0,"key":"Nunchaku"},{"floor":26.0,"key":"Snake Skull"}],"event_choices":[{"damage_healed":0.0,"max_hp_gain":5.0,"max_hp_loss":0.0,"gold_gain":0.0,"event_name":"Big Fish","player_choice":"Donut","floor":3.0,"gold_loss":0.0,"damage_taken":0.0},{"damage_healed":0.0,"max_hp_gain":0.0,"max_hp_loss":0.0,"gold_gain":0.0,"event_name":"Upgrade Shrine","player_choice":"Upgraded","floor":4.0,"gold_loss":0.0,"damage_taken":0.0,"cards_upgraded":["Noxious Fumes"]},{"damage_healed":0.0,"max_hp_gain":0.0,"max_hp_loss":0.0,"gold_gain":0.0,"event_name":"Vampires","player_choice":"Ignored","floor":19.0,"gold_loss":0.0,"damage_taken":0.0},{"damage_healed":0.0,"max_hp_gain":0.0,"max_hp_loss":0.0,"gold_gain":0.0,"event_name":"Ghosts","player_choice":"Ignored","floor":23.0,"gold_loss":0.0,"damage_taken":0.0},{"damage_healed":0.0,"max_hp_gain":0.0,"max_hp_loss":0.0,"gold_gain":50.0,"event_name":"Nest","player_choice":"Stole From Cult","floor":25.0,"gold_loss":0.0,"damage_taken":0.0}],"is_beta":false,"boss_relics":[{"not_picked":["Philosopher\u0027s Stone","Velvet Choker"],"picked":"HoveringKite"}],"items_purged_floors":[7],"is_endless":false,"potions_floor_spawned":[1,2,10,13,14,27,31],"killed_by":"Champ","ascension_level":20}}