{"host":"vr9me2kif8p2xyyc","time":1612477794,"event":{"mods":["2.2 Compatiblity","A Magickal Journey","AchievementEnabler","Act Like it!","Arknights","Aspiration","Astrologer","Bard","Bartender","BaseMod","Beaked The Cultist","Better Match","Better Note","Better Skull","Better Third Choice","BetterRewards","Block Reminder","Booster Modes","CapriCore","Challenge The Spire","ChefMod","Clawfect","Colored Map","Colored Powertips","Conjunction","Conspire","Downfall","Elementarium","Energized Spire","Friendly Minions","GifTheSpireLib","Glutton Mod","Halation","Hallownest","Hermit","Hubris","Jorbs\u0027s Wanderer Trilogy","Kratos Character Expansion","Mad Scientist","Marisa????????","Minty Spire (QoL Compilation)","Pale of the Ancients","Permanent Neow","Potionbrewer","QueenMod","Quick Restart","Random Character Button","Rare Cards Sparkle","Relic Stats","Reliquary","Remilia??????","Replay The Spire","Reworked Bosses","Robot Space Explorer","SCP261 Mod","SIMod","Shade Mod","Shop Mod","Slumbering Mod","Spicy Shops","Spikes Relics","Spire Arcade","StSLib","Stuff the Spire","SuperFastMode","Td1madao Mod","The Alterego","The Animator","The Blackbeard","The Bladedancer","The Blue Laboratory","The Bug Knight","The Caster","The Clintock","The Construct","The Cursed","The Death Knight","The Disciple","The Dragon Tamer","The Druid","The Elementalist","The Exalted","The Extravagant","The Fake Hero","The Florist","The Forsaken","The Gatherer","The Hayseed","The Hierophant","The Immortal","The Judge","The Jungle","The Kombatant","The Marked","The Mystic","The Necromancer","The Poker Player","The Problem Sleuth","The Runesmith","The Sage","The Servant 0.9.4","The Spell Scribe","The Valiant","TheBandit","TheFirefly","TheVacant","TheWitcher","Treasure Hunter","Wandering Minibosses","Yohane!","thorton"],"gold_per_floor":[115,145,145,160,160,160,17,17,17,17,50,50,11,30,30,129,129,149,164,5,5,5,5,19,30,30,30,30,30,30,43,43,43,43],"floor_reached":33,"language":"ENG","playtime":1683,"items_purged":["Normality"],"score":391,"play_id":"1fefac6e-cd5d-4c65-a2ec-ed613a95b193","local_time":"20210204162954","is_ascension_mode":false,"campfire_choices":[{"data":"theMarked:PowerFlow","floor":6,"key":"SMITH"},{"data":"theMarked:EmpowerWeapon","floor":10,"key":"SMITH"},{"data":"TH:ElvenBoots","floor":12,"key":"SMITH"},{"data":"theMarked:HeightenedSenses","floor":15,"key":"SMITH"},{"data":"Midas Touch","floor":23,"key":"SMITH"},{"floor":27,"key":"REST"},{"data":"theMarked:OneWithTheBlade","floor":30,"key":"SMITH"},{"floor":32,"key":"REST"}],"circlet_count":0,"master_deck":["theMarked:Strike","theMarked:Strike","theMarked:Strike+1","theMarked:Defend+1","theMarked:Defend+1","theMarked:Defend+1","theMarked:Defend+1","theMarked:SoldierOfQuellstein","theMarked:EmpowerWeapon+1","theMarked:HeightenedSenses+1","theMarked:PowerFlow+1","theMarked:ResourceFulStrike","TH:ElvenBoots+1","theMarked:Toughness+1","theMarked:ThrowWeapon+1","theMarked:GodGivenPower+1","theMarked:Electrocute","Midas Touch+1","theSlumbering:ExplosivesCache+1","Forethought","theMarked:Toughness+1","theMarked:ComboAttacks","theMarked:OneWithTheBlade+1","theMarked:TurnInvisible+1","theMarked:Indomitable"],"relics":["StuffTheSpire:OccultApparatus","Juzu Bracelet","MerchantsRug","Replay:Bottled Eggs","reliquary:TridentHead","Membership Card","conspire:SeveredTorchhead","ReplayTheSpireMod:ShopPack","Guide Book","Regal Pillow","halation:SwordOfLegend","Matryoshka","HollowMod:PaleOreRelic","Replay:Ringing Soul"],"acts_visited":["Exordium","TheCity"],"potions_floor_usage":[31,33],"damage_taken":[{"damage":5,"enemies":"Small Slimes","floor":1,"turns":3},{"damage":21,"enemies":"conspire:MimicChest","floor":2,"turns":5},{"damage":0,"enemies":"2 Louse","floor":4,"turns":2},{"damage":16,"enemies":"Gremlin Nob","floor":11,"turns":4},{"damage":3,"enemies":"Jaw Worm","floor":14,"turns":7},{"damage":8,"enemies":"Fading Forest","floor":16,"turns":11},{"damage":10,"enemies":"Chosen","floor":18,"turns":3},{"damage":6,"enemies":"3 Byrds","floor":19,"turns":7},{"damage":10,"enemies":"Cultist and Chosen","floor":24,"turns":3},{"damage":26,"enemies":"Shelled Parasite and Fungi","floor":25,"turns":4},{"damage":42,"enemies":"3 Cultists","floor":31,"turns":5},{"damage":67,"enemies":"hubris:MusketHawk","floor":33,"turns":6}],"seed_played":"4408789006818137159","potions_obtained":[{"floor":2,"key":"potionbrewer:CleansingPotion"},{"floor":4,"key":"Adrenaline Potion"},{"floor":16,"key":"blueLaboratory:BottledHope"},{"floor":25,"key":"ColorlessPotion"},{"floor":31,"key":"potionbrewer:CleansingPotion"}],"is_trial":false,"path_per_floor":["M","?","?","M","?","R","$","?","T","R","E","R","$","M","R","B",null,"M","M","$","?","?","R","M","M","T","R","?","T","R","M","R","B"],"character_chosen":"THE_DEFAULT","items_purchased":["Juzu Bracelet","MerchantsRug","Membership Card","ReplayTheSpireMod:ShopPack","Guide Book","Regal Pillow","halation:SwordOfLegend"],"campfire_rested":2,"item_purchase_floors":[0,7,13,20,20,20,20],"current_hp_per_floor":[65,44,53,53,53,53,53,53,53,53,37,37,37,34,34,36,79,69,63,63,63,63,62,52,26,26,70,53,53,53,14,56,0,0],"gold":43,"neow_bonus":"","is_daily":false,"chose_seed":false,"campfire_upgraded":6,"win_rate":0.0,"timestamp":1612477794,"path_taken":["M","?","?","M","?","R","$","?","T","R","E","R","?","M","R","BOSS","M","M","$","?","?","R","M","M","T","R","?","?","R","M","R","BOSS"],"items_purchased_type":["Relic","Relic","Relic","Relic","Relic","Relic","Relic"],"build_version":"2020-12-22","purchased_purges":1,"victory":false,"max_hp_per_floor":[70,70,79,79,79,79,79,79,79,79,79,79,79,79,79,79,79,79,79,79,79,79,79,79,79,79,79,79,79,79,82,82,82,82],"relic_stats":{"Regal Pillow":30,"counters":[130,720],"Juzu Bracelet":1,"obtain_stats":[{"hermit:ClaspedLocket":34,"conspire:RoyalGoblet":34,"Gremlin Horn":32,"CeramicFish":10,"potionbrewer:AlchemistFlask":19,"Conjunction:SoulLantern":46,"Whetstone":40,"Old Coin":38,"conspire:SeveredTorchhead":17,"theForsaken:HumbleEgg":0,"Replay:Ringing Soul":29,"Archangels Feather":17,"Strawberry":42,"Honey Jar":17,"halation:KoshaPiece":26,"HollowMod:PaleOreRelic":20,"Replay:Wax Seal":3,"MerchantsRug":30,"Sneakers":0,"Happy Flower":23,"wanderingMiniBosses:ThiefScarf":46,"aspiration:Nostalgia":0,"ReplayTheSpireMod:CursedCoin":13,"conspire:SlowCooker":17,"Bromod:ArcaneConsequence":10,"aspiration:FrozenJewel":3,"WarpedTongs":5,"potionbrewer:Torch":12,"SlaversCollar":17,"Bottled Flame":26,"aspiration:EmptySkull":9,"ReplayTheSpireMod:Shallot":26,"sagemod:Creepy_Carousel":6,"Bromod:ArcaneEnergize":17,"Simple Rune":17,"Onion Ring":14,"theSlumbering:EnchantedHammer":17,"thethorton:CrushedCigarette":34,"hermit:Momento":0,"Abe\u0027s Treasure":17,"NlothsMask":21,"Meat on the Bone":0,"ReplayFunnel":11,"SnailShell":47,"Regal Pillow":20,"Torii":0,"halation:TrafficLight":0,"BrokenLever":43,"halation:WeightlessCrab":50,"Incense Burner":7,"Juzu Bracelet":9,"sagemod:Blowpipe":6,"sagemod:The_Guidebook_Guide":48,"StuffTheSpire:OccultApparatus":22,"reliquary:TridentHead":11,"Winged Necklace":46,"Replay:Bandana":10,"Dream Catcher":10,"reliquary:HotPoker":24,"Matryoshka":26,"theForsaken:Kindling":25,"MiniBlackHole":14,"elementalistmod:YellowCirclet":4,"astrologer:SkyMirror":0,"halation:Toothbrush":7,"StuffTheSpire:RedRose":14,"Replay:Bottled Eggs":9,"halation:LettersToHer":4,"HollowMod:LifeEnderRelic":21,"Golden Idol":3,"Guide Book":42,"halation:IllGainedPizza":21,"Replay:WaspNest":8,"theSlumbering:SlimeShield":28,"hubris:Towel":7,"Frozen Egg 2":43,"Orichalcum":9,"halation:SelfBoilingWater":17,"Bromod:ArcaneMomentum":48,"Calling Bell":17,"Strange Spoon":0,"theMarked:ArtifactOfAir":13,"halation:SwordOfLegend":9,"CaptainsWheel":2,"halation:EternalFortune":39,"Snack Pack":9,"SpikesRelics:DaevaFist":38,"Garlic":10,"Runesmith:AutoHammer":50,"Membership Card":4,"halation:PinkSoulGem":3,"Toy Ornithopter":9,"reliquary:PurpleTingedLeaf":9,"Huge Egg":26,"ReplayTheSpireMod:ShopPack":28},{"hermit:ClaspedLocket":16,"conspire:RoyalGoblet":33,"Gremlin Horn":55,"CeramicFish":5,"potionbrewer:AlchemistFlask":27,"Conjunction:SoulLantern":41,"Whetstone":60,"Old Coin":36,"conspire:SeveredTorchhead":124,"theForsaken:HumbleEgg":88,"Replay:Ringing Soul":128,"Archangels Feather":95,"Strawberry":39,"Honey Jar":26,"halation:KoshaPiece":30,"HollowMod:PaleOreRelic":115,"Replay:Wax Seal":78,"MerchantsRug":14,"Sneakers":0,"Happy Flower":29,"wanderingMiniBosses:ThiefScarf":41,"aspiration:Nostalgia":0,"ReplayTheSpireMod:CursedCoin":48,"conspire:SlowCooker":73,"Bromod:ArcaneConsequence":22,"aspiration:FrozenJewel":108,"WarpedTongs":101,"potionbrewer:Torch":83,"SlaversCollar":49,"Bottled Flame":98,"aspiration:EmptySkull":5,"ReplayTheSpireMod:Shallot":53,"sagemod:Creepy_Carousel":110,"Bromod:ArcaneEnergize":114,"Simple Rune":95,"Onion Ring":106,"theSlumbering:EnchantedHammer":85,"thethorton:CrushedCigarette":56,"hermit:Momento":0,"Abe\u0027s Treasure":9,"NlothsMask":27,"Meat on the Bone":76,"ReplayFunnel":104,"SnailShell":41,"Regal Pillow":126,"Torii":65,"halation:TrafficLight":18,"BrokenLever":39,"halation:WeightlessCrab":42,"Incense Burner":91,"Juzu Bracelet":92,"sagemod:Blowpipe":21,"sagemod:The_Guidebook_Guide":41,"StuffTheSpire:OccultApparatus":126,"reliquary:TridentHead":122,"Winged Necklace":41,"Replay:Bandana":70,"Dream Catcher":81,"reliquary:HotPoker":98,"Matryoshka":128,"theForsaken:Kindling":30,"MiniBlackHole":8,"elementalistmod:YellowCirclet":20,"astrologer:SkyMirror":0,"halation:Toothbrush":102,"StuffTheSpire:RedRose":48,"Replay:Bottled Eggs":121,"halation:LettersToHer":101,"HollowMod:LifeEnderRelic":115,"Golden Idol":44,"Guide Book":61,"halation:IllGainedPizza":115,"Replay:WaspNest":47,"theSlumbering:SlimeShield":14,"hubris:Towel":21,"Frozen Egg 2":61,"Orichalcum":69,"halation:SelfBoilingWater":95,"Bromod:ArcaneMomentum":41,"Calling Bell":95,"Strange Spoon":65,"theMarked:ArtifactOfAir":122,"halation:SwordOfLegend":80,"CaptainsWheel":120,"halation:EternalFortune":59,"Snack Pack":21,"SpikesRelics:DaevaFist":59,"Garlic":93,"Runesmith:AutoHammer":42,"Membership Card":67,"halation:PinkSoulGem":2,"Toy Ornithopter":47,"reliquary:PurpleTingedLeaf":111,"Huge Egg":12,"ReplayTheSpireMod:ShopPack":30},{"hermit:ClaspedLocket":98,"conspire:RoyalGoblet":194,"Gremlin Horn":335,"CeramicFish":16,"potionbrewer:AlchemistFlask":145,"Conjunction:SoulLantern":257,"Whetstone":357,"Old Coin":213,"conspire:SeveredTorchhead":692,"theForsaken:HumbleEgg":508,"Replay:Ringing Soul":709,"Archangels Feather":552,"Strawberry":240,"Honey Jar":143,"halation:KoshaPiece":166,"HollowMod:PaleOreRelic":645,"Replay:Wax Seal":442,"MerchantsRug":72,"Sneakers":0,"Happy Flower":158,"wanderingMiniBosses:ThiefScarf":257,"aspiration:Nostalgia":0,"ReplayTheSpireMod:CursedCoin":289,"conspire:SlowCooker":422,"Bromod:ArcaneConsequence":124,"aspiration:FrozenJewel":612,"WarpedTongs":580,"potionbrewer:Torch":476,"SlaversCollar":295,"Bottled Flame":571,"aspiration:EmptySkull":16,"ReplayTheSpireMod:Shallot":325,"sagemod:Creepy_Carousel":622,"Bromod:ArcaneEnergize":640,"Simple Rune":552,"Onion Ring":604,"theSlumbering:EnchantedHammer":493,"thethorton:CrushedCigarette":342,"hermit:Momento":0,"Abe\u0027s Treasure":38,"NlothsMask":145,"Meat on the Bone":435,"ReplayFunnel":598,"SnailShell":257,"Regal Pillow":702,"Torii":383,"halation:TrafficLight":109,"BrokenLever":240,"halation:WeightlessCrab":263,"Incense Burner":517,"Juzu Bracelet":523,"sagemod:Blowpipe":117,"sagemod:The_Guidebook_Guide":257,"StuffTheSpire:OccultApparatus":702,"reliquary:TridentHead":674,"Winged Necklace":257,"Replay:Bandana":402,"Dream Catcher":458,"reliquary:HotPoker":571,"Matryoshka":709,"theForsaken:Kindling":166,"MiniBlackHole":27,"elementalistmod:YellowCirclet":113,"astrologer:SkyMirror":0,"halation:Toothbrush":587,"StuffTheSpire:RedRose":289,"Replay:Bottled Eggs":670,"halation:LettersToHer":580,"HollowMod:LifeEnderRelic":645,"Golden Idol":274,"Guide Book":363,"halation:IllGainedPizza":645,"Replay:WaspNest":285,"theSlumbering:SlimeShield":72,"hubris:Towel":117,"Frozen Egg 2":363,"Orichalcum":396,"halation:SelfBoilingWater":552,"Bromod:ArcaneMomentum":257,"Calling Bell":552,"Strange Spoon":383,"theMarked:ArtifactOfAir":674,"halation:SwordOfLegend":452,"CaptainsWheel":668,"halation:EternalFortune":352,"Snack Pack":117,"SpikesRelics:DaevaFist":352,"Garlic":535,"Runesmith:AutoHammer":263,"Membership Card":388,"halation:PinkSoulGem":7,"Toy Ornithopter":285,"reliquary:PurpleTingedLeaf":625,"Huge Egg":57,"ReplayTheSpireMod:ShopPack":166}]},"card_choices":[{"not_picked":["theMarked:TunnelVision","theMarked:TwofoldDefense"],"picked":"theMarked:EmpowerWeapon","floor":1},{"not_picked":["theMarked:Aftermath","theMarked:ElectricStrings"],"picked":"theMarked:HeightenedSenses","floor":2},{"not_picked":["theMarked:KeepCalmAndFight","theMarked:HeightenedSenses"],"picked":"theMarked:PowerFlow","floor":4},{"not_picked":["TH:Mimic","TH:CopperCoins"],"picked":"SKIP","floor":9},{"not_picked":["TH:DeckOfManyThings"],"picked":"TH:ElvenBoots","floor":11},{"not_picked":["theMarked:ResourceFulStrike","theMarked:Frustration"],"picked":"theMarked:Toughness","floor":11},{"not_picked":["theMarked:Memento","theMarked:Generate","theMarked:SwordAndMagic"],"picked":"SKIP","floor":14},{"not_picked":["theMarked:SuspiciousRaven","theMarked:Vacuum"],"picked":"theMarked:ThrowWeapon","floor":16},{"not_picked":["theMarked:SwordAndMagic","theMarked:Overthink+1"],"picked":"theMarked:GodGivenPower+1","floor":18},{"not_picked":["theMarked:Frustration+1","theMarked:ElectricStrings"],"picked":"theMarked:Electrocute","floor":19},{"not_picked":["TH:Mimic","ReplayUltimateDefense"],"picked":"Midas Touch","floor":20},{"not_picked":["Jack Of All Trades","TH:Mimic"],"picked":"theSlumbering:ExplosivesCache","floor":20},{"not_picked":["Blind","Impatience"],"picked":"Forethought","floor":20},{"not_picked":["theMarked:Aftermath","theMarked:ShockingTouch"],"picked":"theMarked:ComboAttacks","floor":24},{"not_picked":["theMarked:TakeCover","theMarked:WastefulAttack+1"],"picked":"theMarked:OneWithTheBlade","floor":25},{"not_picked":["TH:Mimic","TH:EnergyPotion"],"picked":"SKIP","floor":26},{"not_picked":["TH:ArmorSpikes","TH:CopperCoins"],"picked":"SKIP","floor":29},{"not_picked":["theMarked:Friction","theMarked:TunnelVision"],"picked":"theMarked:Indomitable","floor":31}],"player_experience":1213702,"relics_obtained":[{"floor":2,"key":"CaptainsWheel"},{"floor":9,"key":"Replay:Bottled Eggs"},{"floor":11,"key":"reliquary:TridentHead"},{"floor":26,"key":"Matryoshka"},{"floor":29,"key":"HollowMod:PaleOreRelic"},{"floor":29,"key":"Replay:Ringing Soul"}],"event_choices":[{"damage_healed":0,"gold_gain":0,"cards_transformed":["theMarked:Strike"],"player_choice":"Transformed","damage_taken":0,"max_hp_gain":0,"max_hp_loss":0,"event_name":"Transmorgrifier","floor":5,"gold_loss":0,"cards_obtained":["theMarked:ResourceFulStrike"]},{"cards_removed":["theMarked:Strike"],"damage_healed":0,"gold_gain":0,"player_choice":"Offered Basic","damage_taken":0,"max_hp_gain":0,"max_hp_loss":0,"event_name":"Bonfire Elementals","floor":8,"gold_loss":0},{"cards_removed":["theMarked:ThrowWeapon"],"damage_healed":0,"gold_gain":0,"player_choice":"Take \u0026 Give","damage_taken":0,"max_hp_gain":0,"max_hp_loss":0,"event_name":"betterNote:BetterNote","floor":21,"gold_loss":0,"cards_obtained":["theMarked:Toughness"]}],"is_beta":false,"boss_relics":[{"not_picked":["Fusion Hammer","hubris:CrackedHourglass"],"picked":"conspire:SeveredTorchhead"}],"items_purged_floors":[20],"is_endless":false,"potions_floor_spawned":[2,4,16,25,31],"killed_by":"hubris:MusketHawk","ascension_level":0}}