{"host":"5w7hw1ne5h7avrl9","time":1612411478,"event":{"mods":["AchievementEnabler","BaseMod","Colored Map","Colored Powertips","Displayed Cursed Tome","Googly Eyes","Minty Spire (QoL Compilation)","SuperFastMode"],"gold_per_floor":[109,209,18,36,56,56,83,94,117,67,67,83,83,100,100,198,198,215,227,227,243,1,1,1,36,36,36,36,54,71,22,22,122,122,134,134,134,134],"floor_reached":37,"language":"ENG","playtime":3169,"items_purged":[],"score":453,"play_id":"d009db13-302b-40b7-81af-f33eb865f003","local_time":"20210203200438","is_ascension_mode":true,"campfire_choices":[{"data":"Genetic Algorithm","floor":6.0,"key":"SMITH"},{"data":"Static Discharge","floor":13.0,"key":"SMITH"},{"floor":15.0,"key":"REST"},{"floor":23.0,"key":"REST"},{"floor":28,"key":"REST"},{"floor":32,"key":"REST"}],"circlet_count":0,"master_deck":["Zap","Dualcast","Loop","Static Discharge+1","Streamline","Genetic Algorithm+1","Streamline","Sweeping Beam","Chill","Tempest","Rainbow","Compile Driver","Melter+1","Bite","Bite","Bite","Bite","Bite","Ball Lightning","Self Repair","Core Surge","Multi-Cast","Lockon+1","Self Repair+1","Lockon+1","Reinforced Body","Dark Shackles","Panache","Impatience"],"relics":["SlaversCollar","Anchor","Juzu Bracelet","Orichalcum","Nuclear Battery","Kunai","Darkstone Periapt","Nloth\u0027s Gift","Astrolabe"],"acts_visited":["Exordium","TheCity","TheBeyond"],"potions_floor_usage":[25,29,30,33,35,37],"damage_taken":[{"damage":9.0,"enemies":"Small Slimes","floor":1.0,"turns":4.0},{"damage":1.0,"enemies":"Cultist","floor":4.0,"turns":4.0},{"damage":0.0,"enemies":"2 Louse","floor":5.0,"turns":3.0},{"damage":35.0,"enemies":"Gremlin Nob","floor":7.0,"turns":5.0},{"damage":10.0,"enemies":"Lots of Slimes","floor":8.0,"turns":4.0},{"damage":5.0,"enemies":"Looter","floor":12.0,"turns":3.0},{"damage":3.0,"enemies":"Large Slime","floor":14.0,"turns":5.0},{"damage":15.0,"enemies":"Hexaghost","floor":16.0,"turns":8.0},{"damage":12.0,"enemies":"Chosen","floor":18.0,"turns":6.0},{"damage":28.0,"enemies":"2 Thieves","floor":19.0,"turns":4.0},{"damage":15.0,"enemies":"Snecko","floor":21.0,"turns":4.0},{"damage":15,"enemies":"Book of Stabbing","floor":25,"turns":4},{"damage":3,"enemies":"Snake Plant","floor":29,"turns":4},{"damage":31,"enemies":"3 Cultists","floor":30,"turns":5},{"damage":31,"enemies":"Collector","floor":33,"turns":8},{"damage":34,"enemies":"3 Shapes","floor":35,"turns":6},{"damage":44,"enemies":"2 Orb Walkers","floor":37,"turns":3}],"seed_played":"5592234993589062263","potions_obtained":[{"floor":1.0,"key":"EssenceOfSteel"},{"floor":7.0,"key":"SteroidPotion"},{"floor":8.0,"key":"SteroidPotion"},{"floor":12.0,"key":"PowerPotion"},{"floor":19.0,"key":"EssenceOfDarkness"},{"floor":25,"key":"PotionOfCapacity"},{"floor":33,"key":"Block Potion"},{"floor":35,"key":"SkillPotion"}],"is_trial":false,"path_per_floor":["M","?","$","M","M","R","E","M","T","?","?","M","R","M","R","B",null,"M","M","?","M","$","R","?","E","T","?","R","M","M","$","R","B",null,"M","?","?"],"character_chosen":"DEFECT","items_purchased":["Static Discharge","Anchor","Kunai","FocusPotion"],"campfire_rested":4,"item_purchase_floors":[3,3,22,31],"current_hp_per_floor":[66,66,66,65,65,65,30,20,20,20,20,15,15,12,34,19,75,63,35,21,6,6,30,30,21,21,21,37,42,23,23,39,35,56,41,31,0,0],"gold":134,"neow_bonus":"BOSS_RELIC","is_daily":false,"chose_seed":false,"campfire_upgraded":2,"win_rate":0.0,"timestamp":1612411478,"path_taken":["M","?","$","M","?","R","E","M","T","?","?","M","R","M","R","BOSS","M","M","?","M","$","R","?","E","T","?","R","M","M","$","R","BOSS","M","?","?"],"items_purchased_type":["Card","Relic","Relic","Potion"],"build_version":"2020-12-22","purchased_purges":0,"victory":false,"max_hp_per_floor":[75,75,75,75,75,75,75,75,75,75,75,75,75,75,75,75,75,75,75,80,80,80,80,56,56,56,56,56,56,56,56,56,56,56,56,56,56,56],"card_choices":[{"not_picked":["Lockon","Heatsinks"],"picked":"Loop","floor":1.0},{"not_picked":["Turbo","Darkness"],"picked":"Streamline","floor":4.0},{"not_picked":["Conserve Battery","Turbo"],"picked":"Genetic Algorithm","floor":5.0},{"not_picked":["Hologram","Leap"],"picked":"Streamline","floor":7.0},{"not_picked":["Undo","Lockon"],"picked":"Sweeping Beam","floor":8.0},{"not_picked":["Rebound","Storm"],"picked":"Chill","floor":12.0},{"not_picked":["Doom and Gloom","Sweeping Beam"],"picked":"Tempest","floor":14.0},{"not_picked":["Meteor Strike","Reboot"],"picked":"Rainbow","floor":16.0},{"not_picked":["Steam","Blizzard"],"picked":"Compile Driver","floor":18.0},{"not_picked":["Doom and Gloom+1","Beam Cell"],"picked":"Melter+1","floor":19.0},{"not_picked":["Coolheaded","Sweeping Beam","Turbo"],"picked":"SKIP","floor":21.0},{"not_picked":["Stack","Streamline"],"picked":"Ball Lightning","floor":25},{"not_picked":["Multi-Cast","Go for the Eyes+1"],"picked":"Self Repair","floor":29},{"not_picked":["Consume","Hologram"],"picked":"Core Surge","floor":30},{"not_picked":["Creative AI","All For One"],"picked":"Multi-Cast","floor":33},{"not_picked":["Melter+1","Heatsinks"],"picked":"Reinforced Body","floor":35},{"not_picked":["Jack Of All Trades","Madness"],"picked":"Dark Shackles","floor":36},{"not_picked":["Panacea","The Bomb"],"picked":"Panache","floor":36},{"not_picked":["Flash of Steel","Secret Weapon"],"picked":"Impatience","floor":36}],"player_experience":177264,"relics_obtained":[{"floor":7.0,"key":"Juzu Bracelet"},{"floor":9.0,"key":"Orichalcum"},{"floor":25,"key":"Dream Catcher"},{"floor":26,"key":"Darkstone Periapt"}],"event_choices":[{"damage_healed":0.0,"max_hp_gain":0.0,"max_hp_loss":0.0,"gold_gain":100.0,"event_name":"Golden Shrine","player_choice":"Pray","floor":2.0,"gold_loss":0.0,"damage_taken":0.0},{"cards_removed":["Defend_B"],"damage_healed":0.0,"max_hp_gain":0.0,"max_hp_loss":0.0,"gold_gain":0.0,"event_name":"The Cleric","player_choice":"Card Removal","floor":10.0,"gold_loss":50.0,"damage_taken":0.0},{"cards_removed":["Strike_B"],"damage_healed":0.0,"max_hp_gain":0.0,"max_hp_loss":0.0,"gold_gain":0.0,"event_name":"Bonfire Elementals","player_choice":"Offered Basic","floor":11.0,"gold_loss":0.0,"damage_taken":0.0},{"damage_healed":0.0,"max_hp_gain":5.0,"max_hp_loss":0.0,"gold_gain":0.0,"event_name":"Forgotten Altar","player_choice":"Shed Blood","floor":20.0,"gold_loss":0.0,"damage_taken":19.0},{"damage_healed":0.0,"max_hp_gain":0.0,"max_hp_loss":24.0,"gold_gain":0.0,"event_name":"Vampires","player_choice":"Became a vampire","floor":24.0,"gold_loss":0.0,"damage_taken":0.0,"cards_obtained":["Bite","Bite","Bite","Bite","Bite"]},{"damage_healed":0,"gold_gain":0,"player_choice":"Traded Relic","damage_taken":0,"relics_obtained":["Nloth\u0027s Gift"],"max_hp_gain":0,"max_hp_loss":0,"event_name":"N\u0027loth","floor":27,"relics_lost":["Dream Catcher"],"gold_loss":0},{"damage_healed":0,"gold_gain":0,"player_choice":"Memory 3","damage_taken":10,"max_hp_gain":0,"max_hp_loss":0,"event_name":"SensoryStone","floor":36,"gold_loss":0},{"damage_healed":0,"gold_gain":0,"player_choice":"Fight","damage_taken":0,"max_hp_gain":0,"max_hp_loss":0,"event_name":"Mysterious Sphere","floor":37,"gold_loss":0}],"is_beta":false,"boss_relics":[{"not_picked":["Fusion Hammer","Ectoplasm"],"picked":"Nuclear Battery"},{"not_picked":["Coffee Dripper","Velvet Choker"],"picked":"Astrolabe"}],"items_purged_floors":[],"is_endless":false,"potions_floor_spawned":[1,7,8,12,19,25,33,35],"killed_by":"2 Orb Walkers","ascension_level":2}}