{"host":"lq2h7q9ca6uwu60x","time":1612415246,"event":{"mods":["Act Like it!","BaseMod","Gensokyo","Minty Spire (QoL Compilation)","StSLib","The Animator"],"gold_per_floor":[270,270,370,370,450,502,502,546,573,573,32,77,77,97,97,507,507,536,646,667,254,280,619,619,619,619,619,256,136,136,381,381,495,495,515,515,530,530,549,593,593,593,593,10,10,53,53,63,63,77,77,77,605,667,722,722,722,85,160,240,266,28,123,204,455,63,178,178,178,178],"floor_reached":69,"language":"ZHS","playtime":6021,"items_purged":["animator:Strike","animator:AcuraAkari","animator:SuzuneAmano+1","animator:YunYun+1"],"score":1529,"play_id":"0418b4bd-736c-47dc-8884-7329c3dcb4d1","local_time":"20210204130726","is_ascension_mode":true,"campfire_choices":[{"data":"Gensokyo:CrescentMoonSlash","floor":7.0,"key":"SMITH"},{"data":"animator:MamiTomoe","floor":10.0,"key":"SMITH"},{"data":"animator:Shimakaze","floor":13.0,"key":"SMITH"},{"data":"animator:Kaijin","floor":15.0,"key":"SMITH"},{"data":"Bullet Time","floor":25.0,"key":"SMITH"},{"data":"animator:Cirno","floor":27.0,"key":"SMITH"},{"data":"Gensokyo:FourOfAKind","floor":32.0,"key":"SMITH"},{"floor":41.0,"key":"RECALL"},{"data":"animator:Sora","floor":47.0,"key":"SMITH"},{"data":"Gensokyo:FourOfAKind","floor":49.0,"key":"SMITH"},{"data":"animator:Darkness","floor":52.0,"key":"SMITH"},{"floor":68.0,"key":"REST"}],"circlet_count":0,"master_deck":["AscendersBane","animator:Shimakaze+1","Gensokyo:CrescentMoonSlash+1","animator:MamiTomoe+1","animator:Kaijin+1","Bullet Time+1","animator:Cirno+1","animator:SayakaMiki+1","animator:Darkness+1","Gensokyo:FourOfAKind+1","Gensokyo:FourOfAKind+1","Gensokyo:FourOfAKind+1","Gensokyo:FourOfAKind+1","animator:Boros+1","animator:Arpeggio+1","animator:Arpeggio+1","animator:Sora+1","animator:Patchouli+1","Dual Wield+1","animator:Verdia+1","animator:NagisaMomoe+1","animator:MetalKnight+1","animator:Emilia+1","animator:Hibiki+1","animator:MisaKurobane+1","animator:MadokaKaname+1"],"relics":["animator:TheEruzaStone","animator:AncientMedallion"],"acts_visited":["Exordium","Gensokyo:Gensokyo","Gensokyo:Gensokyoer","TheEnding","EYB:TheUnnamedReign"],"potions_floor_usage":[69],"damage_taken":[{"damage":4.0,"enemies":"Gensokyo:Gryphon","floor":1.0,"turns":4.0},{"damage":21.0,"enemies":"Gensokyo:Mamizou","floor":6.0,"turns":8.0},{"damage":8.0,"enemies":"Gensokyo:Aya","floor":8.0,"turns":5.0},{"damage":15.0,"enemies":"Gensokyo:Mamizou","floor":12.0,"turns":8.0},{"damage":0.0,"enemies":"Gensokyo:2_Kodama","floor":14.0,"turns":1.0},{"damage":7.0,"enemies":"Gensokyo:Reimu","floor":16.0,"turns":7.0},{"damage":5.0,"enemies":"Gensokyo:AngelMirror","floor":18.0,"turns":3.0},{"damage":8.0,"enemies":"Gensokyo:AngelMirror","floor":19.0,"turns":5.0},{"damage":0.0,"enemies":"Gensokyo:Chomper","floor":20.0,"turns":3.0},{"damage":7.0,"enemies":"Gensokyo:Wraith","floor":22.0,"turns":4.0},{"damage":35.0,"enemies":"Gensokyo:Tenshi","floor":23.0,"turns":4.0},{"damage":0.0,"enemies":"Gensokyo:Reisen","floor":31.0,"turns":4.0},{"damage":18.0,"enemies":"Gensokyo:Eiki","floor":33.0,"turns":13.0},{"damage":8.0,"enemies":"Gensokyo:3_Bats","floor":35.0,"turns":3.0},{"damage":0.0,"enemies":"Gensokyo:3_Boulders","floor":37.0,"turns":2.0},{"damage":11.0,"enemies":"Gensokyo:Sharpion","floor":39.0,"turns":4.0},{"damage":0.0,"enemies":"Gensokyo:Doremy","floor":40.0,"turns":4.0},{"damage":1.0,"enemies":"Gensokyo:Marisa","floor":46.0,"turns":5.0},{"damage":0.0,"enemies":"Gensokyo:AtlasGolem","floor":48.0,"turns":4.0},{"damage":3.0,"enemies":"Gensokyo:Shinki","floor":50.0,"turns":7.0},{"damage":48.0,"enemies":"animator:TRIPLE_SHAPES_WEAK","floor":54.0,"turns":6.0},{"damage":0.0,"enemies":"animator:UNNAMED_HAT","floor":55.0,"turns":7.0},{"damage":10.0,"enemies":"animator:LARGE_CRYSTAL","floor":59.0,"turns":6.0},{"damage":6.0,"enemies":"animator:TRIPLE_LAGAVULIN","floor":60.0,"turns":4.0},{"damage":0.0,"enemies":"animator:ULTIMATE_CRYSTAL","floor":63.0,"turns":4.0},{"damage":46.0,"enemies":"animator:ULTIMATE_WISP","floor":67.0,"turns":6.0},{"damage":195,"enemies":"animator:TheUnnamed","floor":69,"turns":13}],"seed_played":"-6330324161185243523","potions_obtained":[{"floor":8.0,"key":"SteroidPotion"},{"floor":12.0,"key":"SmokeBomb"},{"floor":18.0,"key":"AttackPotion"},{"floor":19.0,"key":"PowerPotion"},{"floor":23.0,"key":"Explosive Potion"},{"floor":39.0,"key":"Energy Potion"},{"floor":40.0,"key":"ColorlessPotion"},{"floor":46.0,"key":"SpeedPotion"},{"floor":54.0,"key":"animator:FalseLifePotion"},{"floor":55.0,"key":"animator:FalseLifePotion"},{"floor":63.0,"key":"animator:FalseLifePotion"},{"floor":67.0,"key":"animator:FalseLifePotion"}],"is_trial":false,"path_per_floor":["M","?","?","?","?","E","R","E","T","R","COS","E","R","M","R","B",null,"M","?","M","COS","M","E","?","R","T","R","$","?","?","E","R","B",null,"M","?","M","?","M","E","R","?","T","$","?","E","R","M","R","B",null,"R","??","M","M","T","?","$","M","M","?","$","E","T","?","$","E","R","B"],"character_chosen":"THE_ANIMATOR","items_purchased":["InkBottle","animator:Darkness","DataDisk","animator:Patchouli","Whetstone","animator:AncientMedallion","animator:AncientMedallion","animator:AncientMedallion","animator:AncientMedallion"],"campfire_rested":1,"item_purchase_floors":[28,28,44,44,44,58,58,62,66],"current_hp_per_floor":[55,46,46,46,46,25,25,19,19,19,19,4,4,6,6,1,53,52,48,52,52,47,26,26,26,26,26,26,26,26,36,36,26,49,58,50,50,50,57,60,60,60,60,60,60,60,60,62,62,61,62,62,98,63,72,72,62,62,73,79,79,79,99,99,99,99,68,97,0,0],"gold":178,"neow_bonus":"BOSS_RELIC","is_daily":false,"chose_seed":false,"campfire_upgraded":10,"win_rate":0.0,"timestamp":1612415246,"path_taken":["M","?","?","?","?","E","R","E","T","R","COS","E","R","?","R","BOSS","M","?","?","COS","?","E","?","R","T","R","?","?","?","E","R","BOSS","M","?","M","?","?","E","R","?","T","?","?","E","R","M","R","BOSS","R","??","M","M","T","?","$","M","M","?","$","E","T","?","$","E","R","BOSS"],"items_purchased_type":["Relic","Card","Relic","Card","Relic","Relic","Relic","Relic","Relic"],"build_version":"2020-12-22","purchased_purges":4,"victory":false,"max_hp_per_floor":[66,66,66,66,66,66,66,68,68,68,68,68,68,70,70,70,70,72,74,76,76,76,77,77,77,77,77,77,77,54,56,56,56,56,58,58,58,58,58,60,60,60,60,60,60,60,60,62,62,62,62,62,98,98,98,98,98,98,98,98,98,98,99,99,99,99,99,99,99,99],"card_choices":[{"not_picked":["animator:Viivi","animator:RoryMercury"],"picked":"animator:AcuraAkari","floor":1.0},{"not_picked":["animator:OrikoMikuni","animator:HiiragiShinya"],"picked":"animator:MamiTomoe","floor":6.0},{"not_picked":["animator:Kuribayashi","animator:Shinoa","animator:Gillette"],"picked":"Singing Bowl","floor":8.0},{"not_picked":["Compile Driver","animator:ZankiKiguchi"],"picked":"animator:Kaijin","floor":12.0},{"not_picked":["ReachHeaven","BowlingBash","animator:Entoma"],"picked":"Singing Bowl","floor":14.0},{"not_picked":["animator:Biyorigo","Meteor Strike"],"picked":"Bullet Time","floor":16.0},{"not_picked":["animator:MumenRider","animator:Geryuganshoop","animator:Tatsumaki"],"picked":"Singing Bowl","floor":18.0},{"not_picked":["Shrug It Off","Dagger Spray","All Out Attack"],"picked":"Singing Bowl","floor":19.0},{"not_picked":["animator:Kuribayashi","animator:Emonzaemon","animator:Sebas"],"picked":"Singing Bowl","floor":20.0},{"not_picked":["animator:Canti","animator:Kuroyukihime"],"picked":"animator:Cirno","floor":22.0},{"not_picked":["Limit Break","Coolheaded+1"],"picked":"animator:SayakaMiki","floor":23.0},{"not_picked":["PanicButton","animator:MetalKnight+1","animator:Vanir+1"],"picked":"Singing Bowl","floor":31.0},{"not_picked":["Rainbow","Thunder Strike"],"picked":"animator:Boros","floor":33.0},{"not_picked":["animator:SayakaMiki","animator:YachiyoNanami","animator:IrohaTamaki"],"picked":"Singing Bowl","floor":35.0},{"not_picked":["animator:Shigure","Infinite Blades+1"],"picked":"animator:ElricEdward+1","floor":37.0},{"not_picked":["animator:ElricEdward+1","animator:Shigure"],"picked":"animator:Sora","floor":39.0},{"not_picked":["animator:OrikoMikuni","animator:YuiTsuruno","animator:IrohaTamaki"],"picked":"Singing Bowl","floor":40.0},{"not_picked":["Skewer+1","Spot Weakness+1"],"picked":"Dual Wield+1","floor":46.0},{"not_picked":["TalkToTheHand+1","animator:Kazuma+1","Sever Soul+1"],"picked":"Singing Bowl","floor":48.0},{"not_picked":["animator:Geryuganshoop","animator:Yuuichirou+1"],"picked":"animator:NagisaMomoe+1","floor":54.0},{"not_picked":["animator:LeleiLaLalena","animator:MamiTomoe+1"],"picked":"animator:MetalKnight+1","floor":55.0},{"not_picked":["animator:LimeBell","animator:Magilou"],"picked":"animator:Emilia","floor":57.0},{"not_picked":["animator:Magilou","animator:Kuroyukihime"],"picked":"animator:Hibiki","floor":57.0},{"not_picked":["animator:Canti","animator:Kira"],"picked":"animator:MisaKurobane","floor":57.0},{"not_picked":["animator:Sebas","animator:Mikaela","animator:NagisaMomoe"],"picked":"SKIP","floor":59.0},{"not_picked":["animator:NagisaMomoe","animator:OrikoMikuni","animator:Fredrika"],"picked":"SKIP","floor":60.0},{"not_picked":["animator:NagisaMomoe","animator:OrikoMikuni","animator:Fredrika"],"picked":"SKIP","floor":60.0},{"not_picked":["animator:MamiTomoe","animator:Entoma"],"picked":"animator:MadokaKaname","floor":63.0},{"not_picked":["animator:OrikoMikuni","animator:ChaikaBohdan","animator:Vanir"],"picked":"SKIP","floor":67.0}],"player_experience":790003,"relics_obtained":[{"floor":6.0,"key":"Singing Bowl"},{"floor":8.0,"key":"HornCleat"},{"floor":9.0,"key":"PreservedInsect"},{"floor":12.0,"key":"Bird Faced Urn"},{"floor":19.0,"key":"CaptainsWheel"},{"floor":19.0,"key":"Gambling Chip"},{"floor":23.0,"key":"Art of War"},{"floor":26.0,"key":"Sundial"},{"floor":31.0,"key":"StoneCalendar"},{"floor":40.0,"key":"Unceasing Top"},{"floor":46.0,"key":"Omamori"},{"floor":53.0,"key":"animator:TheEruzaStone"},{"floor":56.0,"key":"animator:AncientMedallion"},{"floor":61.0,"key":"animator:AncientMedallion"},{"floor":63.0,"key":"animator:AncientMedallion"},{"floor":64.0,"key":"animator:AncientMedallion"},{"floor":67.0,"key":"animator:AncientMedallion"}],"event_choices":[{"damage_healed":0.0,"max_hp_gain":0.0,"max_hp_loss":0.0,"gold_gain":0.0,"event_name":"SensoryStone","player_choice":"Memory 3","floor":57.0,"gold_loss":0.0,"damage_taken":10.0}],"is_beta":false,"boss_relics":[{"not_picked":["SlaversCollar","Calling Bell"],"picked":"Coffee Dripper"},{"not_picked":["Busted Crown","Empty Cage"],"picked":"Astrolabe"}],"items_purged_floors":[28,44,58,66],"is_endless":false,"potions_floor_spawned":[8,12,18,19,23,33,39,40,46,55,63],"killed_by":"animator:TheUnnamed","ascension_level":11}}