{"host":"2qyxu97h6u4ukicb","time":1612479817,"event":{"mods":["AchievementEnabler","BaseMod","BetterRewards","Colored Map","Colored Powertips","Minty Spire (QoL Compilation)","Replay The Spire","Shop Mod","StSLib"],"gold_per_floor":[118,118,118,131,131,156,175,175,175],"floor_reached":8,"language":"ENG","playtime":334,"items_purged":[],"score":81,"play_id":"8d9ccb31-d0ff-4b30-80bc-9aa1906c737a","local_time":"20210204170337","is_ascension_mode":false,"campfire_choices":[],"circlet_count":0,"master_deck":["Strike_P","Strike_P","Strike_P","Strike_P","Defend_P","Defend_P","Defend_P","Defend_P","Eruption","Vigilance+1","Prostrate+1","Regret","FollowUp"],"relics":["PureWater","NeowsBlessing","Damaru","War Paint"],"acts_visited":["Exordium"],"potions_floor_usage":[],"damage_taken":[{"damage":0,"enemies":"Jaw Worm","floor":1,"turns":1},{"damage":0,"enemies":"Cultist","floor":4,"turns":1},{"damage":0,"enemies":"Lagavulin","floor":6,"turns":1},{"damage":8,"enemies":"Small Slimes","floor":7,"turns":4},{"damage":0,"enemies":"Gremlin Nob","floor":8,"turns":2}],"seed_played":"8670959598940783392","potions_obtained":[{"floor":6,"key":"StancePotion"}],"is_trial":false,"path_per_floor":["M","?","?","M","$","E","M","E"],"character_chosen":"WATCHER","items_purchased":[],"campfire_rested":0,"item_purchase_floors":[],"current_hp_per_floor":[72,72,72,72,72,72,64,64,64],"gold":175,"neow_bonus":"THREE_ENEMY_KILL","is_daily":false,"chose_seed":false,"campfire_upgraded":0,"win_rate":0.0,"timestamp":1612479817,"path_taken":["M","?","?","M","$","E","?","E"],"items_purchased_type":[],"build_version":"2020-12-22","purchased_purges":0,"victory":false,"max_hp_per_floor":[72,72,72,72,72,72,72,72,72],"card_choices":[{"not_picked":["Crescendo","ThirdEye"],"picked":"Prostrate","floor":1},{"not_picked":["CrushJoints","Replay:AtTheReady"],"picked":"FollowUp","floor":4},{"not_picked":["SashWhip","Replay:DivineShield","Worship"],"picked":"SKIP","floor":6},{"not_picked":["Replay:ManipulateFuture","JustLucky","Swivel"],"picked":"SKIP","floor":7}],"player_experience":780717,"relics_obtained":[{"floor":6,"key":"War Paint"}],"event_choices":[{"damage_healed":0,"gold_gain":0,"player_choice":"Box","damage_taken":0,"relics_obtained":["Damaru"],"max_hp_gain":0,"max_hp_loss":0,"event_name":"Big Fish","floor":2,"gold_loss":0,"cards_obtained":["Regret"]},{"damage_healed":0,"gold_gain":0,"player_choice":"Full Heal","damage_taken":0,"max_hp_gain":0,"max_hp_loss":0,"event_name":"Wheel of Change","floor":3,"gold_loss":0}],"is_beta":false,"boss_relics":[],"items_purged_floors":[],"is_endless":false,"potions_floor_spawned":[6],"killed_by":"Gremlin Nob","ascension_level":0}}