{"host":"oehe2dxjvdgux73m","time":1612442566,"event":{"mods":["AchievementEnabler","BaseMod","Colored Map","Colored Powertips","DeckTracker","Keyboard Shortcuts","Minty Spire (QoL Compilation)","Permanent Neow","Quick Restart","StSLib","SuperFastMode"],"gold_per_floor":[19,19,19,32,45,45,75,86,168,93,103,103,138,154,154,233,233,253,0,50,36,36,36,54,65,89,89,89,101,115,130,130,130,130],"floor_reached":33,"language":"KOR","playtime":1563,"items_purged":["Strike_G"],"score":522,"play_id":"dc72079d-9ba7-4236-ae97-d5acc2bca33d","local_time":"20210204214246","is_ascension_mode":true,"campfire_choices":[{"data":"Deadly Poison","floor":6.0,"key":"SMITH"},{"floor":12.0,"key":"REST"},{"floor":15.0,"key":"REST"},{"data":"Sadistic Nature","floor":23,"key":"SMITH"},{"data":"Prepared","floor":28,"key":"SMITH"},{"data":"Calculated Gamble","floor":32,"key":"SMITH"}],"circlet_count":0,"master_deck":["AscendersBane","Defend_G","Defend_G","Defend_G","Defend_G","Defend_G","Survivor","Neutralize","Calculated Gamble+1","Deadly Poison+1","PiercingWail","Bane","Well Laid Plans","Bane","Adrenaline","CurseOfTheBell","PiercingWail","Sadistic Nature+1","Cloak And Dagger+1","Tools of the Trade","Masterful Stab","Prepared+1","Deadly Poison","Tactician"],"relics":["Ring of the Snake","Tough Bandages","Gremlin Horn","Orichalcum","Calling Bell","Bag of Marbles","Blue Candle","StoneCalendar","Ancient Tea Set"],"acts_visited":["Exordium","TheCity"],"potions_floor_usage":[16,30,31,33],"damage_taken":[{"damage":1.0,"enemies":"Small Slimes","floor":1.0,"turns":4.0},{"damage":13.0,"enemies":"Cultist","floor":4.0,"turns":6.0},{"damage":8.0,"enemies":"2 Louse","floor":5.0,"turns":3.0},{"damage":27.0,"enemies":"Lagavulin","floor":7.0,"turns":6.0},{"damage":0.0,"enemies":"Looter","floor":8.0,"turns":3.0},{"damage":7.0,"enemies":"Gremlin Gang","floor":11.0,"turns":6.0},{"damage":22.0,"enemies":"3 Sentries","floor":13.0,"turns":12.0},{"damage":0.0,"enemies":"Red Slaver","floor":14.0,"turns":4.0},{"damage":17,"enemies":"The Guardian","floor":16,"turns":11},{"damage":7,"enemies":"Spheric Guardian","floor":18,"turns":5},{"damage":3,"enemies":"2 Thieves","floor":21,"turns":4},{"damage":0,"enemies":"Snake Plant","floor":24,"turns":4},{"damage":0,"enemies":"Centurion and Healer","floor":25,"turns":6},{"damage":1,"enemies":"3 Cultists","floor":29,"turns":5},{"damage":10,"enemies":"Snecko","floor":30,"turns":4},{"damage":14,"enemies":"Chosen and Byrds","floor":31,"turns":5},{"damage":25,"enemies":"Automaton","floor":33,"turns":6}],"seed_played":"8131342432765321255","potions_obtained":[{"floor":4.0,"key":"Dexterity Potion"},{"floor":8.0,"key":"Regen Potion"},{"floor":11.0,"key":"GamblersBrew"},{"floor":13.0,"key":"SpeedPotion"},{"floor":21,"key":"Dexterity Potion"},{"floor":25,"key":"Weak Potion"},{"floor":31,"key":"PowerPotion"}],"is_trial":false,"path_per_floor":["M","?","$","M","M","R","E","M","T","?","M","R","E","M","R","B",null,"M","$","?","M","?","R","M","M","T","?","R","M","M","M","R","B"],"character_chosen":"THE_SILENT","items_purchased":["Sadistic Nature"],"campfire_rested":2,"item_purchase_floors":[19],"current_hp_per_floor":[58,58,58,45,37,37,10,10,10,10,18,37,15,15,34,17,54,47,47,47,44,44,44,44,44,44,44,44,43,33,19,19,0,0],"gold":130,"neow_bonus":"REMOVE_TWO","is_daily":false,"chose_seed":false,"campfire_upgraded":4,"win_rate":0.0,"timestamp":1612442566,"path_taken":["M","?","?","M","M","R","E","M","T","?","M","R","E","M","R","BOSS","M","$","?","?","?","R","M","?","T","?","R","M","M","M","R","BOSS"],"items_purchased_type":["Card"],"build_version":"2020-12-22","purchased_purges":1,"victory":false,"max_hp_per_floor":[66,66,66,66,66,66,66,66,66,66,66,66,66,66,66,66,66,66,66,66,66,66,66,66,66,66,66,66,66,66,66,66,66,66],"card_choices":[{"not_picked":["Deflect","PiercingWail"],"picked":"Calculated Gamble","floor":1.0},{"not_picked":["Blur","Dagger Throw"],"picked":"Riddle With Holes","floor":4.0},{"not_picked":["Reflex","Blur"],"picked":"Deadly Poison","floor":5.0},{"not_picked":["Acrobatics","Slice"],"picked":"PiercingWail","floor":7.0},{"not_picked":["Dagger Throw","Leg Sweep"],"picked":"Bane","floor":8.0},{"not_picked":["Outmaneuver","Deadly Poison","Bane"],"picked":"SKIP","floor":11.0},{"not_picked":["Bane","Prepared"],"picked":"Well Laid Plans","floor":13.0},{"not_picked":["Heel Hook","Flying Knee"],"picked":"Bane","floor":14.0},{"not_picked":["After Image","Burst"],"picked":"Adrenaline","floor":16},{"not_picked":["Concentrate","Sucker Punch"],"picked":"PiercingWail","floor":18},{"not_picked":["Slice","Deflect"],"picked":"Cloak And Dagger+1","floor":21},{"not_picked":["Backflip","Dagger Throw"],"picked":"Masterful Stab","floor":24},{"not_picked":["Reflex","Venomology"],"picked":"Prepared","floor":25},{"not_picked":["PiercingWail","Outmaneuver"],"picked":"Deadly Poison","floor":29},{"not_picked":["Dodge and Roll","Bane","Predator"],"picked":"SKIP","floor":30},{"not_picked":["Infinite Blades","Backflip"],"picked":"Tactician","floor":31}],"player_experience":362026,"relics_obtained":[{"floor":7.0,"key":"Tough Bandages"},{"floor":9.0,"key":"Gremlin Horn"},{"floor":13.0,"key":"Orichalcum"},{"floor":17,"key":"Bag of Marbles"},{"floor":17,"key":"Blue Candle"},{"floor":17,"key":"StoneCalendar"},{"floor":26,"key":"Ancient Tea Set"}],"event_choices":[{"cards_removed":["Strike_G"],"damage_healed":0.0,"max_hp_gain":0.0,"max_hp_loss":0.0,"gold_gain":0.0,"event_name":"Purifier","player_choice":"Purged","floor":2.0,"gold_loss":0.0,"damage_taken":0.0},{"cards_removed":["Strike_G"],"damage_healed":0.0,"max_hp_gain":0.0,"max_hp_loss":0.0,"gold_gain":0.0,"event_name":"The Cleric","player_choice":"Card Removal","floor":10.0,"gold_loss":75.0,"damage_taken":0.0},{"damage_healed":0,"gold_gain":50,"player_choice":"Pray","damage_taken":0,"max_hp_gain":0,"max_hp_loss":0,"event_name":"Golden Shrine","floor":20,"gold_loss":0},{"damage_healed":0,"gold_gain":0,"cards_transformed":["Riddle With Holes"],"player_choice":"Transformed","damage_taken":0,"max_hp_gain":0,"max_hp_loss":0,"event_name":"Transmorgrifier","floor":22,"gold_loss":0,"cards_obtained":["Tools of the Trade"]},{"damage_healed":0,"gold_gain":0,"player_choice":"Ignored","damage_taken":0,"max_hp_gain":0,"max_hp_loss":0,"event_name":"Ghosts","floor":27,"gold_loss":0}],"is_beta":false,"boss_relics":[{"not_picked":["SacredBark","SlaversCollar"],"picked":"Calling Bell"}],"items_purged_floors":[19],"is_endless":false,"potions_floor_spawned":[4,8,11,13,21,25,31],"killed_by":"Automaton","ascension_level":20}}