{"host":"vyjryxuuuxkt43k4","time":1612455234,"event":{"mods":["AchievementEnabler","BaseMod","Colored Map","DeckTracker","Keyboard Shortcuts","Minty Spire (QoL Compilation)","Permanent Neow","Quick Restart","Rare Cards Sparkle","Relic Stats","StSLib","SuperFastMode","everything is the same but u backflip on backflip"],"gold_per_floor":[367,63,138,154,204,204,223,223,223,223,255,267,314,341,353,365,365],"floor_reached":16,"language":"KOR","playtime":555,"items_purged":["Pain"],"score":184,"play_id":"05c6d4e0-7bb1-4188-abc8-10c8baca1a32","local_time":"20210205011354","is_ascension_mode":true,"campfire_choices":[{"data":"Eruption","floor":6.0,"key":"SMITH"},{"data":"TalkToTheHand","floor":8.0,"key":"SMITH"},{"data":"Strike_P","floor":10.0,"key":"PURGE"},{"floor":12.0,"key":"REST"},{"data":"Defend_P","floor":15.0,"key":"PURGE"}],"circlet_count":0,"master_deck":["AscendersBane","Strike_P","Strike_P","Strike_P","Defend_P","Defend_P","Defend_P","Eruption+1","Vigilance","TalkToTheHand+1","DeceiveReality","FollowUp","Adaptation"],"relics":["PureWater","Omamori","Boot","Peace Pipe","MawBank","Turnip"],"acts_visited":["Exordium"],"potions_floor_usage":[16],"damage_taken":[{"damage":17.0,"enemies":"Small Slimes","floor":1.0,"turns":4.0},{"damage":7.0,"enemies":"Jaw Worm","floor":4.0,"turns":5.0},{"damage":0.0,"enemies":"Cultist","floor":7.0,"turns":3.0},{"damage":7.0,"enemies":"Gremlin Nob","floor":11.0,"turns":4.0},{"damage":11.0,"enemies":"Lagavulin","floor":13.0,"turns":11.0},{"damage":10.0,"enemies":"Gremlin Gang","floor":14.0,"turns":4.0},{"damage":18,"enemies":"Hexaghost","floor":16,"turns":15}],"seed_played":"-5588708508241343190","potions_obtained":[{"floor":4.0,"key":"Strength Potion"},{"floor":14.0,"key":"DistilledChaos"}],"is_trial":false,"path_per_floor":["M","$","?","M","T","R","M","R","T","R","E","R","E","M","R","B"],"character_chosen":"WATCHER","items_purchased":["Omamori","TalkToTheHand"],"campfire_rested":1,"item_purchase_floors":[2,2],"current_hp_per_floor":[44,44,33,26,26,26,26,26,26,26,19,39,28,18,18,0,0],"gold":365,"neow_bonus":"TWO_FIFTY_GOLD","is_daily":false,"chose_seed":false,"campfire_upgraded":2,"win_rate":0.0,"timestamp":1612455234,"path_taken":["M","$","?","M","?","R","?","R","T","R","E","R","E","M","R","BOSS"],"items_purchased_type":["Relic","Card"],"build_version":"2020-12-22","purchased_purges":1,"victory":false,"max_hp_per_floor":[68,68,68,68,68,68,68,68,68,68,68,68,68,68,68,68,68],"relic_stats":{"Peace Pipe":2,"counters":[7,46],"Turnip":[0],"Boot":[0],"MawBank":60,"obtain_stats":[{"Peace Pipe":9,"Turnip":13,"Omamori":2,"PureWater":0,"Boot":5,"MawBank":11},{"Peace Pipe":3,"Turnip":5,"Omamori":1,"PureWater":0,"Boot":2,"MawBank":4},{"Peace Pipe":12,"Turnip":27,"Omamori":4,"PureWater":0,"Boot":9,"MawBank":16}]},"card_choices":[{"not_picked":["Evaluate","Worship","BattleHymn"],"picked":"SKIP","floor":1.0},{"not_picked":["Protect","Fasting2","FlyingSleeves"],"picked":"SKIP","floor":4.0},{"not_picked":["EmptyBody","ReachHeaven"],"picked":"DeceiveReality","floor":7.0},{"not_picked":["Evaluate","ThirdEye","BattleHymn"],"picked":"SKIP","floor":11.0},{"not_picked":["Collect","LessonLearned"],"picked":"FollowUp","floor":13.0},{"not_picked":["Collect","FlyingSleeves"],"picked":"Adaptation","floor":14.0}],"player_experience":718034,"relics_obtained":[{"floor":5.0,"key":"Boot"},{"floor":9.0,"key":"Peace Pipe"},{"floor":11.0,"key":"MawBank"},{"floor":13.0,"key":"Turnip"}],"event_choices":[{"damage_healed":0.0,"max_hp_gain":0.0,"max_hp_loss":0.0,"gold_gain":75.0,"event_name":"World of Goop","player_choice":"Gather Gold","floor":3.0,"gold_loss":0.0,"damage_taken":11.0}],"is_beta":false,"boss_relics":[],"items_purged_floors":[2],"is_endless":false,"potions_floor_spawned":[4,14],"killed_by":"Hexaghost","ascension_level":14}}