{"host":"rolltorest","time":1612422546,"event":{"mods":["BaseMod","Minty Spire (QoL Compilation)","Relic Stats","Slay the Relics Exporter","StSLib"],"gold_per_floor":[109,183,183,196,215,245,258,293,293,293,28,28,44,69,69,146,146,159,159,194,0,0,34,34,62,87,104,104,28,45,80,80,157,157,172,190,412,427,52,95,117,160,183,210,210,210,222,19,19,19,19],"floor_reached":50,"language":"ENG","playtime":1722,"items_purged":["Strike_P","Defend_P"],"score":1462,"play_id":"524dd80e-95e6-4b9f-8a45-ad7ddbb846de","local_time":"20210203230906","is_ascension_mode":true,"campfire_choices":[{"floor":10,"key":"REST"},{"data":"TalkToTheHand","floor":12,"key":"SMITH"},{"data":"Prostrate","floor":15,"key":"SMITH"},{"floor":24,"key":"REST"},{"floor":32,"key":"REST"},{"floor":45,"key":"RECALL"},{"floor":49,"key":"REST"}],"circlet_count":0,"master_deck":["AscendersBane","Defend_P+1","Defend_P","Eruption+1","Vigilance+1","Consecrate+1","Pray+1","MasterReality+1","ReachHeaven+1","CutThroughFate","SignatureMove","Conclude","Prostrate+1","EmptyFist","LessonLearned+1","TalkToTheHand+1","Alpha+1","WheelKick+1","Ghostly","Ghostly","Tantrum","Wallop","Thinking Ahead+1","Meditate+1","Omniscience","Wireheading+1","CutThroughFate+1","CutThroughFate+1","Fasting2","Worship","CutThroughFate+1"],"relics":["Astrolabe","Shuriken","Singing Bowl","The Courier","ClockworkSouvenir","TeardropLocket","Fusion Hammer","Red Mask","Membership Card","Vajra","Matryoshka","Boot","Happy Flower","Omamori","Molten Egg 2","Damaru","Cursed Key","Pantograph","Thread and Needle","Akabeko","CeramicFish","Mercury Hourglass","Strawberry","Meat on the Bone","CaptainsWheel","Medical Kit"],"acts_visited":["Exordium","TheCity","TheBeyond"],"potions_floor_usage":[6,14,20,33,50],"damage_taken":[{"damage":0,"enemies":"Jaw Worm","floor":1,"turns":4},{"damage":0,"enemies":"2 Louse","floor":4,"turns":3},{"damage":0,"enemies":"Cultist","floor":5,"turns":2},{"damage":16,"enemies":"Gremlin Nob","floor":6,"turns":3},{"damage":14,"enemies":"3 Louse","floor":7,"turns":3},{"damage":16,"enemies":"3 Sentries","floor":8,"turns":9},{"damage":5,"enemies":"2 Fungi Beasts","floor":13,"turns":6},{"damage":0,"enemies":"Gremlin Nob","floor":14,"turns":2},{"damage":9,"enemies":"The Guardian","floor":16,"turns":9},{"damage":16,"enemies":"Shell Parasite","floor":18,"turns":5},{"damage":16,"enemies":"Masked Bandits","floor":20,"turns":5},{"damage":5,"enemies":"Book of Stabbing","floor":23,"turns":4},{"damage":4,"enemies":"Slavers","floor":25,"turns":4},{"damage":11,"enemies":"2 Thieves","floor":27,"turns":3},{"damage":11,"enemies":"Snake Plant","floor":30,"turns":5},{"damage":3,"enemies":"Gremlin Leader","floor":31,"turns":5},{"damage":16,"enemies":"Automaton","floor":33,"turns":5},{"damage":1,"enemies":"Orb Walker","floor":35,"turns":4},{"damage":5,"enemies":"3 Shapes","floor":36,"turns":5},{"damage":1,"enemies":"Jaw Worm Horde","floor":38,"turns":3},{"damage":0,"enemies":"Nemesis","floor":40,"turns":5},{"damage":0,"enemies":"Sphere and 2 Shapes","floor":41,"turns":3},{"damage":0,"enemies":"Reptomancer","floor":42,"turns":4},{"damage":5,"enemies":"Giant Head","floor":44,"turns":5},{"damage":0,"enemies":"Spire Growth","floor":47,"turns":3},{"damage":46,"enemies":"Time Eater","floor":50,"turns":10}],"seed_played":"-4920510473318520823","potions_obtained":[{"floor":1,"key":"Swift Potion"},{"floor":8,"key":"FearPotion"},{"floor":13,"key":"Block Potion"},{"floor":14,"key":"FairyPotion"},{"floor":16,"key":"LiquidMemories"},{"floor":23,"key":"Dexterity Potion"},{"floor":36,"key":"Weak Potion"},{"floor":40,"key":"ColorlessPotion"},{"floor":44,"key":"LiquidBronze"}],"is_trial":false,"path_per_floor":["M","?","?","M","M","E","M","E","T","R","$","R","M","E","R","B",null,"M","?","?","$","?","E","R","E","T","M","?","$","M","E","R","B",null,"M","M","?","M","$","E","M","E","T","E","R","?","M","$","R","B"],"character_chosen":"WATCHER","items_purchased":["LessonLearned","TalkToTheHand","ClockworkSouvenir","Membership Card","AttackPotion","Thinking Ahead","Pantograph","CutThroughFate+1","Thread and Needle","Akabeko","CaptainsWheel","Medical Kit"],"campfire_rested":4,"item_purchase_floors":[11,11,11,21,21,29,39,39,39,39,48,48],"current_hp_per_floor":[61,61,61,61,61,45,31,15,15,35,35,35,32,34,34,25,60,44,36,20,20,20,17,28,24,24,15,15,15,6,3,15,12,35,36,31,31,30,30,30,30,30,37,34,34,34,36,36,52,9,9],"gold":19,"neow_bonus":"BOSS_RELIC","is_daily":false,"chose_seed":false,"campfire_upgraded":2,"win_rate":0.0,"timestamp":1612422546,"path_taken":["M","?","?","M","M","E","?","E","T","R","$","R","M","E","R","BOSS","M","?","?","$","?","E","R","E","T","?","?","?","M","E","R","BOSS","M","M","?","M","$","E","M","E","T","E","R","?","?","$","R","BOSS"],"items_purchased_type":["Card","Card","Relic","Relic","Potion","Card","Relic","Card","Relic","Relic","Relic","Relic"],"build_version":"2020-12-18","purchased_purges":2,"victory":false,"max_hp_per_floor":[68,68,68,68,68,68,68,68,68,68,68,68,70,72,72,72,72,72,36,36,36,36,38,38,38,38,40,40,40,42,42,42,42,42,44,44,44,44,44,44,44,44,51,53,53,53,55,55,55,55,55],"relic_stats":{"Singing Bowl":16,"Happy Flower":[20],"counters":[26,119],"Astrolabe":["Consecrate","Pray","MasterReality"],"CeramicFish":27,"Boot":[41],"Cursed Key":1,"Medical Kit":[0],"Mercury Hourglass":[48],"Shuriken":[27],"Pantograph":3,"obtain_stats":[{"Singing Bowl":8,"CeramicFish":40,"Vajra":22,"TeardropLocket":14,"Boot":25,"Cursed Key":34,"ClockworkSouvenir":11,"Matryoshka":23,"Pantograph":39,"Strawberry":43,"Fusion Hammer":17,"Red Mask":20,"Happy Flower":26,"Astrolabe":0,"Damaru":31,"Thread and Needle":39,"The Courier":9,"Omamori":26,"Medical Kit":48,"Akabeko":39,"Mercury Hourglass":42,"CaptainsWheel":48,"Shuriken":6,"Molten Egg 2":28,"Membership Card":21,"PureWater":0,"Meat on the Bone":44},{"Singing Bowl":6,"CeramicFish":21,"Vajra":11,"TeardropLocket":8,"Boot":13,"Cursed Key":17,"ClockworkSouvenir":6,"Matryoshka":12,"Pantograph":20,"Strawberry":23,"Fusion Hammer":9,"Red Mask":11,"Happy Flower":13,"Astrolabe":0,"Damaru":16,"Thread and Needle":20,"The Courier":6,"Omamori":13,"Medical Kit":25,"Akabeko":20,"Mercury Hourglass":23,"CaptainsWheel":25,"Shuriken":4,"Molten Egg 2":14,"Membership Card":11,"PureWater":0,"Meat on the Bone":24},{"Singing Bowl":24,"CeramicFish":94,"Vajra":51,"TeardropLocket":32,"Boot":59,"Cursed Key":77,"ClockworkSouvenir":24,"Matryoshka":55,"Pantograph":89,"Strawberry":101,"Fusion Hammer":41,"Red Mask":51,"Happy Flower":59,"Astrolabe":0,"Damaru":72,"Thread and Needle":89,"The Courier":24,"Omamori":59,"Medical Kit":109,"Akabeko":89,"Mercury Hourglass":101,"CaptainsWheel":109,"Shuriken":12,"Molten Egg 2":62,"Membership Card":51,"PureWater":0,"Meat on the Bone":106}],"Meat on the Bone":0},"card_choices":[{"not_picked":["WreathOfFlame","ClearTheMind"],"picked":"ReachHeaven","floor":1},{"not_picked":["FlyingSleeves","ForeignInfluence"],"picked":"CutThroughFate","floor":4},{"not_picked":["Prostrate","CrushJoints"],"picked":"SignatureMove","floor":5},{"not_picked":["Protect","SignatureMove"],"picked":"Conclude","floor":6},{"not_picked":["FlyingSleeves","JustLucky"],"picked":"Prostrate","floor":7},{"not_picked":["Sanctity","CrushJoints"],"picked":"EmptyFist","floor":8},{"not_picked":["Crescendo","BowlingBash","WaveOfTheHand"],"picked":"Singing Bowl","floor":13},{"not_picked":["CarveReality","Devotion","SashWhip"],"picked":"Singing Bowl","floor":14},{"not_picked":["DevaForm","MasterReality"],"picked":"Alpha","floor":16},{"not_picked":["Vengeance","Protect"],"picked":"WheelKick","floor":18},{"not_picked":["InnerPeace","ClearTheMind+1"],"picked":"Tantrum","floor":20},{"not_picked":["ThirdEye","EmptyFist","ConjureBlade"],"picked":"Singing Bowl","floor":23},{"not_picked":["Crescendo","Tantrum"],"picked":"Wallop","floor":25},{"not_picked":["CrushJoints","LikeWater","FollowUp"],"picked":"Singing Bowl","floor":27},{"not_picked":["ForeignInfluence","PathToVictory","ClearTheMind+1"],"picked":"Singing Bowl","floor":30},{"not_picked":["CutThroughFate+1","CrushJoints+1"],"picked":"Meditate+1","floor":31},{"not_picked":["Judgement","Vault"],"picked":"Omniscience","floor":33},{"not_picked":["Pray+1","Prostrate","Wallop+1"],"picked":"Singing Bowl","floor":35},{"not_picked":["Prostrate","Indignation"],"picked":"Wireheading+1","floor":36},{"not_picked":["ForeignInfluence","Crescendo"],"picked":"CutThroughFate+1","floor":38},{"not_picked":["WindmillStrike+1","Crescendo+1"],"picked":"Fasting2","floor":40},{"not_picked":["FlurryOfBlows+1","PathToVictory"],"picked":"Worship","floor":41},{"not_picked":["ThirdEye+1","Devotion"],"picked":"CutThroughFate+1","floor":42},{"not_picked":["EmptyBody","Consecrate+1","EmptyFist+1"],"picked":"Singing Bowl","floor":44},{"not_picked":["FlyingSleeves+1","Halt","EmptyBody"],"picked":"Singing Bowl","floor":47}],"player_experience":1835387,"relics_obtained":[{"floor":6,"key":"Shuriken"},{"floor":8,"key":"Singing Bowl"},{"floor":9,"key":"The Courier"},{"floor":14,"key":"TeardropLocket"},{"floor":20,"key":"Red Mask"},{"floor":23,"key":"Matryoshka"},{"floor":25,"key":"Boot"},{"floor":26,"key":"Happy Flower"},{"floor":26,"key":"Omamori"},{"floor":31,"key":"Damaru"},{"floor":40,"key":"CeramicFish"},{"floor":42,"key":"Mercury Hourglass"},{"floor":43,"key":"Strawberry"},{"floor":44,"key":"Meat on the Bone"}],"event_choices":[{"damage_healed":0,"gold_gain":74,"player_choice":"Gained Gold","damage_taken":0,"max_hp_gain":0,"max_hp_loss":0,"event_name":"Golden Wing","floor":2,"gold_loss":0},{"cards_removed":["Strike_P"],"damage_healed":0,"gold_gain":0,"player_choice":"Offered Basic","damage_taken":0,"max_hp_gain":0,"max_hp_loss":0,"event_name":"Bonfire Elementals","floor":3,"gold_loss":0},{"damage_healed":0,"gold_gain":0,"player_choice":"Became a Ghost","damage_taken":0,"max_hp_gain":0,"max_hp_loss":36,"event_name":"Ghosts","floor":19,"gold_loss":0,"cards_obtained":["Ghostly","Ghostly","Ghostly"]},{"damage_healed":0,"gold_gain":0,"player_choice":"Fought Bandits","damage_taken":0,"max_hp_gain":0,"max_hp_loss":0,"event_name":"Masked Bandits","floor":20,"gold_loss":0},{"damage_healed":0,"gold_gain":0,"player_choice":"Gave Potion","damage_taken":0,"relics_obtained":["Vajra"],"max_hp_gain":0,"max_hp_loss":0,"event_name":"WeMeetAgain","floor":22,"gold_loss":0},{"damage_healed":0,"gold_gain":0,"player_choice":"Stole Relic","damage_taken":0,"relics_obtained":["Molten Egg 2"],"max_hp_gain":0,"max_hp_loss":0,"event_name":"Addict","floor":28,"gold_loss":0,"cards_obtained":["Shame"]},{"damage_healed":0,"gold_gain":222,"player_choice":"Wore Mask","damage_taken":0,"max_hp_gain":0,"max_hp_loss":0,"event_name":"Tomb of Lord Red Mask","floor":37,"gold_loss":0},{"cards_removed":["Ghostly"],"damage_healed":0,"gold_gain":0,"player_choice":"Removed Skill","damage_taken":0,"max_hp_gain":0,"max_hp_loss":0,"event_name":"Falling","floor":46,"gold_loss":0}],"is_beta":true,"boss_relics":[{"not_picked":["Coffee Dripper","Pandora\u0027s Box"],"picked":"Fusion Hammer"},{"not_picked":["Busted Crown","Black Star"],"picked":"Cursed Key"}],"items_purged_floors":[21,39],"is_endless":false,"potions_floor_spawned":[1,8,13,14,16,23,25,31,36,40,44,47],"killed_by":"Time Eater","ascension_level":20}}