{"host":"9qgbal69wq5palas","time":1612450329,"event":{"mods":["2.2 Compatiblity","Abigail Mod","AchievementEnabler","Act Like it!","Aspiration","Astrologer","Bartender","BaseMod","Better Altar","Better Note","Better Skull","Better Third Choice","Colored Powertips","Hallownest","Hermit","Highlight Path","Hubris","Infinite Spire","Jorbs\u0027s Wanderer Trilogy","Koishi","Lobotomy","Minty Spire (QoL Compilation)","Potionbrewer","Quick Restart","Random Character Button","Replay The Spire","Shade Mod","Shop Mod","Spicy Shops","StSLib","The Animator","The Bug Knight","The Cursed","The Disciple","The Exalted","The Hierophant","The Necromancer","The Servant 0.9.4","Wandering Minibosses"],"gold_per_floor":[362,91,103,116,127,168,168,198,270,270,270,270],"floor_reached":11,"language":"ENG","playtime":445,"items_purged":[],"score":100,"play_id":"375fa254-eef0-45c4-b2cc-dd9beeb37845","local_time":"20210204155209","is_ascension_mode":true,"campfire_choices":[{"data":"Shade:TouchOfTheGrave","floor":7,"key":"SMITH"},{"data":"Shade:FreshBones","floor":10,"key":"SMITH"}],"circlet_count":0,"master_deck":["Shade:Strike_Shade","Shade:Strike_Shade","Shade:Strike_Shade","Shade:Strike_Shade","Shade:Defend_Shade","Shade:Defend_Shade","Shade:Defend_Shade","Shade:Defend_Shade","Shade:AnimateDead","Shade:CarefulCut","Shade:CommandSoldier","Shade:OpenGraves","Shade:FreshBones","Shade:FreshBones+1","Shade:FleshLikeOak","Shade:TouchOfTheGrave+1","Shade:ExtraLimbs","Shade:GraveStillness","Shade:Bonestorm"],"relics":["Shade:YorickSkull","ClockworkSouvenir","Art of War","Replay:Multitool","Toxic Egg 2"],"acts_visited":["Exordium"],"potions_floor_usage":[6,8],"damage_taken":[{"damage":3,"enemies":"2 Louse","floor":1,"turns":3},{"damage":0,"enemies":"Small Slimes","floor":3,"turns":2},{"damage":0,"enemies":"Cultist","floor":4,"turns":2},{"damage":5,"enemies":"Blue Slaver","floor":5,"turns":4},{"damage":18,"enemies":"3 Sentries","floor":6,"turns":6},{"damage":15,"enemies":"Lagavulin","floor":8,"turns":6},{"damage":20,"enemies":"3 Sentries","floor":11,"turns":6}],"seed_played":"-2048399667780530117","potions_obtained":[{"floor":5,"key":"potionbrewer:MidasPotion"},{"floor":6,"key":"LifebloodPotion"}],"is_trial":false,"path_per_floor":["M","$","M","M","M","E","R","E","T","R","E"],"character_chosen":"SHADE","items_purchased":["Shade:OpenGraves","Shade:FreshBones","ClockworkSouvenir"],"campfire_rested":0,"item_purchase_floors":[2,2,2],"current_hp_per_floor":[56,56,56,56,51,33,33,18,18,18,0,0],"gold":270,"neow_bonus":"TWO_FIFTY_GOLD","is_daily":false,"chose_seed":false,"campfire_upgraded":2,"win_rate":0.0,"timestamp":1612450329,"path_taken":["M","$","M","M","M","E","R","E","T","R","E"],"items_purchased_type":["Card","Card","Relic"],"build_version":"2020-12-22","purchased_purges":0,"victory":false,"max_hp_per_floor":[59,59,59,59,59,59,59,59,59,59,59,59],"card_choices":[{"not_picked":["Shade:Premonition","Shade:FreshBones"],"picked":"Shade:CommandSoldier","floor":1},{"not_picked":["Shade:StitchTogether","Shade:ClawBack"],"picked":"Shade:FleshLikeOak","floor":3},{"not_picked":["Shade:OpenGraves","Shade:CommandSoldier"],"picked":"Shade:TouchOfTheGrave","floor":4},{"not_picked":["Shade:WallOfFlesh","Shade:FuneraryJewels"],"picked":"Shade:ExtraLimbs","floor":5},{"not_picked":["Shade:GoDigging","Shade:FleshToFlesh"],"picked":"Shade:GraveStillness","floor":6},{"not_picked":["Shade:FreshBones","Shade:SkeletonHug"],"picked":"Shade:Bonestorm","floor":8}],"player_experience":2715103,"relics_obtained":[{"floor":6,"key":"Art of War"},{"floor":8,"key":"Replay:Multitool"},{"floor":9,"key":"Toxic Egg 2"}],"event_choices":[],"is_beta":false,"boss_relics":[],"items_purged_floors":[],"is_endless":false,"potions_floor_spawned":[5,6],"killed_by":"3 Sentries","ascension_level":4}}