{"host":"hkj1blq6xqcrzx6o","time":1612449652,"event":{"mods":["Act Like it!","BaseMod","Downfall","Gensokyo","Lobotomy","Marisa£®ÏF”Í°°ƒß¿Ì…≥£©","Minty Spire (QoL Compilation)","Quick Restart","Reimu£®≤©¿ˆ¡È√Œ£©","Remilia£®¿Ÿ√◊¿Ú—«£©","Replay The Spire","StSLib","The Servant 0.9.4","Youmu£®ªÍ∆«—˝√Œ£©"],"gold_per_floor":[116,116,116,77,97,122,122,135,183,194,210,210,223,83,83,181,181,196,196,211,228,28,28,40,40,40,40,40,55,55,66,66,66,66,66,66],"floor_reached":35,"language":"ZHS","playtime":1394,"items_purged":[],"score":286,"play_id":"cc006423-69a3-43b7-8da6-de0426194861","local_time":"20210204224052","is_ascension_mode":false,"campfire_choices":[{"floor":7,"key":"REST"},{"floor":12,"key":"REST"},{"floor":15,"key":"DIG"},{"floor":23,"key":"REST"},{"floor":30,"key":"REST"},{"floor":34,"key":"REST"}],"circlet_count":0,"master_deck":["Strike_Lin:ReiMu","Strike_Lin:ReiMu","Strike_Lin:ReiMu","Strike_Lin:ReiMu","Defend_Lin:ReiMu","Defend_Lin:ReiMu","Defend_Lin:ReiMu","Defend_Lin:ReiMu","NB:ReiMu","YinYangSange:ReiMu","Clumsy","FoulBorder2:ReiMu","OctopathBindingBorder2:ReiMu","AlertArray:ReiMu","PrayRite:ReiMu","SpiritualOutbreak2:ReiMu","TakeOff:ReiMu","PrayRite:ReiMu","Free:ReiMu","Writhe","Hallucinations","Gluttony_TH","KamiSacrifice:ReiMu","SpiritualOutbreak2:ReiMu+1","OrbThrow:ReiMu","RunawayExorcism:ReiMu","ShadowOfCrow2:ReiMu","SafetyPray:ReiMu","UniversalSpiritual:ReiMu","Amulet:ReiMu","Crusade:ReiMu","TightArray:ReiMu","SpringWay:ReiMu+1","LearningPray:ReiMu+1","Gensokyo:EightFeetTall","Shading:ReiMu","SealNeedle:ReiMu","DoubleButterfly:ReiMu","Revelation:ReiMu","YinYangSign:ReiMu"],"relics":["FlyPower:ReiMu","Potion Belt","Gensokyo:Justice","Gensokyo:NagashiBinaDoll","PreservedInsect","SkyOrb:ReiMu","Gambling Chip","Prayer Wheel","Replay:Ancient Bell","Bow_fan:ReiMu","Kunai","Torii","Frozen Egg 2"],"acts_visited":["Exordium","Gensokyo:Gensokyo"],"potions_floor_usage":[16,16,16,16,33,35,35],"damage_taken":[{"damage":8,"enemies":"Gensokyo:2_Kodama","floor":1,"turns":6},{"damage":6,"enemies":"Gensokyo:3_Fairies","floor":5,"turns":4},{"damage":48,"enemies":"Gensokyo:Cirno","floor":6,"turns":8},{"damage":5,"enemies":"Gensokyo:Python","floor":8,"turns":6},{"damage":0,"enemies":"Gensokyo:VengefulSpirit","floor":10,"turns":5},{"damage":13,"enemies":"Gensokyo:3_Kodama","floor":11,"turns":4},{"damage":2,"enemies":"Gensokyo:Kitsune","floor":13,"turns":3},{"damage":12,"enemies":"Gensokyo:Yukari","floor":16,"turns":10},{"damage":18,"enemies":"Gensokyo:2_Gloops","floor":18,"turns":5},{"damage":12,"enemies":"Gensokyo:AngelMirror","floor":20,"turns":3},{"damage":14,"enemies":"Gensokyo:Chomper_and_Gloop","floor":21,"turns":5},{"damage":26,"enemies":"Gensokyo:Slime_Group","floor":24,"turns":6},{"damage":9,"enemies":"Gensokyo:Mirror_and_Dog","floor":29,"turns":5},{"damage":4,"enemies":"Gensokyo:Wraith","floor":31,"turns":5},{"damage":13,"enemies":"Gensokyo:Slime_Group","floor":33,"turns":5},{"damage":31,"enemies":"Gensokyo:Eiki","floor":35,"turns":7}],"seed_played":"7357433700801239454","potions_obtained":[{"floor":1,"key":"ZuzhouPotion:ReiMu"},{"floor":6,"key":"Languid Potion"},{"floor":10,"key":"PowerPotion"},{"floor":13,"key":"Energy Potion"},{"floor":16,"key":"BlessingOfTheForge"},{"floor":21,"key":"SmokeBomb"},{"floor":24,"key":"Cursed Concoction"}],"is_trial":false,"path_per_floor":["M","?","?","$","M","E","R","M","T","M","M","R","M","?","R","B",null,"M","?","M","M","$","R","M","?","T","PTL","PTL","M","R","M","?","M","R","B"],"character_chosen":"REIMU","items_purchased":["FoulBorder2:ReiMu","UniversalSpiritual:ReiMu","Amulet:ReiMu","Crusade:ReiMu","TightArray:ReiMu"],"campfire_rested":5,"item_purchase_floors":[4,22,22,22,22],"current_hp_per_floor":[57,57,57,57,51,3,22,17,17,17,4,23,21,21,21,9,65,47,47,35,21,21,40,14,14,14,14,14,5,22,18,18,5,22,0,0],"gold":66,"neow_bonus":"RANDOM_COMMON_RELIC","is_daily":false,"chose_seed":false,"campfire_upgraded":0,"win_rate":0.0,"timestamp":1612449652,"path_taken":["M","?","?","?","M","E","R","M","T","?","M","R","M","?","R","BOSS","M","?","M","M","?","R","M","?","T","PTL","PTL","M","R","M","?","M","R","BOSS"],"items_purchased_type":["Card","Card","Card","Card","Card"],"build_version":"2020-12-22","purchased_purges":0,"victory":false,"max_hp_per_floor":[65,65,65,65,65,65,65,65,65,65,65,65,65,65,65,65,65,65,65,65,65,65,65,65,59,59,59,59,59,59,59,59,59,59,59,59],"card_choices":[{"not_picked":["SafetyPray:ReiMu","WonderfulDomain:ReiMu"],"picked":"YinYangSange:ReiMu","floor":1},{"not_picked":["AlertArray:ReiMu","BarrageOfMoneybags:ReiMu"],"picked":"OctopathBindingBorder2:ReiMu","floor":5},{"not_picked":["SafetyPray:ReiMu","Meditation:ReiMu"],"picked":"AlertArray:ReiMu","floor":6},{"not_picked":["RainPray2:ReiMu","AlertArray:ReiMu"],"picked":"PrayRite:ReiMu","floor":8},{"not_picked":["Conquer:ReiMu","SpreadBorder2:ReiMu"],"picked":"SpiritualOutbreak2:ReiMu","floor":10},{"not_picked":["WonderfulDomain:ReiMu","Amulet:ReiMu"],"picked":"TakeOff:ReiMu","floor":11},{"not_picked":["UpKicking:ReiMu","PrepareRite:ReiMu"],"picked":"PrayRite:ReiMu","floor":13},{"not_picked":["PrayRite:ReiMu","BlastKick2:ReiMu"],"picked":"Free:ReiMu","floor":16},{"not_picked":["Languid","Envy_TH"],"picked":"Writhe","floor":17},{"not_picked":["Looming Evil","Doubt"],"picked":"Hallucinations","floor":17},{"not_picked":["Pain","ReplayTheSpireMod:Doomed"],"picked":"Gluttony_TH","floor":17},{"not_picked":["Intuition:ReiMu","SealNeedle:ReiMu"],"picked":"KamiSacrifice:ReiMu","floor":18},{"not_picked":["MikOfLucky:ReiMu","ForcedLanding:ReiMu"],"picked":"SpiritualOutbreak2:ReiMu+1","floor":18},{"not_picked":["AirStrike:ReiMu","WonderfulDomain:ReiMu"],"picked":"OrbThrow:ReiMu","floor":20},{"not_picked":["Crusade:ReiMu+1","Enchanting:ReiMu"],"picked":"RunawayExorcism:ReiMu","floor":20},{"not_picked":["Conquer:ReiMu","SubcavityInstant:ReiMu+1"],"picked":"ShadowOfCrow2:ReiMu","floor":21},{"not_picked":["EmergencyTakeOff:ReiMu+1","SubcavityInstant:ReiMu+1"],"picked":"SafetyPray:ReiMu","floor":21},{"not_picked":["Meditation:ReiMu","LearningPray:ReiMu"],"picked":"SpringWay:ReiMu+1","floor":24},{"not_picked":["WonderfulDomain:ReiMu","OrbThrow:ReiMu"],"picked":"LearningPray:ReiMu+1","floor":24},{"not_picked":["Gensokyo:TekeTeke","Gensokyo:RedCapeBlueCape"],"picked":"Gensokyo:EightFeetTall","floor":25},{"not_picked":["SpiritualOutbreak2:ReiMu","Enchanting:ReiMu"],"picked":"Shading:ReiMu","floor":29},{"not_picked":["SpreadBorder2:ReiMu","OrbThrow:ReiMu"],"picked":"SealNeedle:ReiMu","floor":29},{"not_picked":["WonderfulDomain:ReiMu","OrbThrow:ReiMu"],"picked":"DoubleButterfly:ReiMu","floor":31},{"not_picked":["PayForSelf:ReiMu+1","CollectionFlower2:ReiMu"],"picked":"Revelation:ReiMu","floor":31}],"player_experience":38973,"relics_obtained":[{"floor":6,"key":"PreservedInsect"},{"floor":9,"key":"SkyOrb:ReiMu"},{"floor":15,"key":"Prayer Wheel"},{"floor":26,"key":"Frozen Egg 2"}],"event_choices":[],"is_beta":false,"boss_relics":[{"not_picked":["Ectoplasm","ShineYinYang:ReiMu"],"picked":"Replay:Ancient Bell"},{"not_picked":["ScarletDevilRocket","Replay:Rubber Ducky"],"picked":"Bow_fan:ReiMu"},{"not_picked":["Replay:Bottled Flurry","Pear"],"picked":"Kunai"},{"not_picked":["Lizard Tail","Girya"],"picked":"Torii"}],"items_purged_floors":[],"is_endless":false,"potions_floor_spawned":[1,6,10,13,16,21,24],"killed_by":"Gensokyo:Eiki","ascension_level":0}}