{"host":"2zjdcgw4be5n15ja","time":1612448843,"event":{"mods":["2.2 Compatiblity","AchievementEnabler","BaseMod","Bestiary","Better Skull","Better Third Choice","BetterRewards","Colored Powertips","Downfall","Hermit","Marisa????????","Marked Mod","Minty Spire (QoL Compilation)","Quick Restart","Rare Cards Sparkle","Reimu??????","Relic Stats","Reliquary","StSLib","The Bug Knight","The Problem Sleuth","The Runesmith"],"gold_per_floor":[111,9,22,22,22,22,22,34,34,66,66,66,91,110,110,209,209,222,242,254,254,76,104,104,104,127,159,159,177,195,37,37,137,137,153,170,170,80,95,95,107,107,107,120,120,134,161,3,3,3,3],"floor_reached":50,"language":"ENG","playtime":3090,"items_purged":[],"score":590,"play_id":"7484d8d9-5e19-4293-b5b1-12db39dadd96","local_time":"20210205032723","is_ascension_mode":true,"campfire_choices":[{"floor":6,"key":"RECALL"},{"floor":11,"key":"REST"},{"floor":15,"key":"REST"},{"data":"Terror","floor":25,"key":"SMITH"},{"floor":28,"key":"REST"},{"floor":32,"key":"REST"},{"floor":40,"key":"REST"},{"floor":42,"key":"REST"},{"data":"Night Terror","floor":45,"key":"SMITH"},{"floor":49,"key":"REST"}],"circlet_count":0,"master_deck":["Strike_G","Strike_G","Strike_G","Strike_G","Strike_G","Defend_G","Defend_G","Defend_G","Defend_G","Defend_G","Survivor","Neutralize","Malaise","Accuracy","Blade Dance","Flying Knee","Leg Sweep","Accuracy","Catalyst","Phantasmal Killer","Terror+1","Storm of Steel","Poisoned Stab","Poisoned Stab+1","Deadly Poison","Ghostly","Ghostly","Ghostly","Ghostly","Ghostly+1","Deadly Poison","Cloak And Dagger","Unload","Footwork","Noxious Fumes","Cloak And Dagger+1","Blade Dance","Blur","Catalyst+1","Deadly Poison","Night Terror+1","Footwork","A Thousand Cuts","Dagger Throw","Noxious Fumes+1","Madness","Madness","Bane+1","Acrobatics","Backstab+1","Backstab+1","Prepared","Deflect","Caltrops+1"],"relics":["Ring of the Serpent","Mercury Hourglass","Runesmith:Nanobots","Letter Opener","Orrery","Bottled Lightning","Anchor","RuthlessExorcism:ReiMu","HoveringKite","Tough Bandages","reliquary:Buckler"],"acts_visited":["Exordium","TheCity","TheBeyond"],"potions_floor_usage":[16,16,16,23,23,33,36,39,44,44,46],"damage_taken":[{"damage":2,"enemies":"Jaw Worm","floor":1,"turns":6},{"damage":4,"enemies":"2 Louse","floor":3,"turns":2},{"damage":4,"enemies":"Cultist","floor":8,"turns":3},{"damage":25,"enemies":"Lagavulin","floor":10,"turns":5},{"damage":22,"enemies":"3 Sentries","floor":13,"turns":8},{"damage":10,"enemies":"Exordium Thugs","floor":14,"turns":4},{"damage":30,"enemies":"The Guardian","floor":16,"turns":6},{"damage":10,"enemies":"Shell Parasite","floor":18,"turns":2},{"damage":5,"enemies":"Chosen","floor":19,"turns":3},{"damage":19,"enemies":"Snake Plant","floor":20,"turns":5},{"damage":6,"enemies":"HollowMod:Nosk","floor":23,"turns":6},{"damage":12,"enemies":"Gremlin Leader","floor":27,"turns":5},{"damage":1,"enemies":"Chosen and Byrds","floor":29,"turns":3},{"damage":1,"enemies":"Sentry and Sphere","floor":30,"turns":4},{"damage":9,"enemies":"Automaton","floor":33,"turns":7},{"damage":1,"enemies":"Orb Walker","floor":35,"turns":3},{"damage":15,"enemies":"3 Darklings","floor":36,"turns":4},{"damage":2,"enemies":"Maw","floor":39,"turns":7},{"damage":5,"enemies":"Sphere and 2 Shapes","floor":41,"turns":4},{"damage":0,"enemies":"Spire Growth","floor":44,"turns":2},{"damage":10,"enemies":"Writhing Mass","floor":46,"turns":4},{"damage":36,"enemies":"Donu and Deca","floor":50,"turns":3}],"seed_played":"-3849365699907452760","potions_obtained":[{"floor":1,"key":"Poison Potion"},{"floor":8,"key":"GrandPatriotsElixir:ReiMu"},{"floor":10,"key":"CunningPotion"},{"floor":13,"key":"SneckoOil"},{"floor":19,"key":"PowerPotion"},{"floor":20,"key":"Explosive Potion"},{"floor":29,"key":"sneckomod:MuddlingPotion"},{"floor":33,"key":"SneckoOil"},{"floor":35,"key":"Swift Potion"},{"floor":36,"key":"CunningPotion"},{"floor":41,"key":"BlessingOfTheForge"},{"floor":44,"key":"DistilledChaos"}],"is_trial":false,"path_per_floor":["M","$","M","?","?","R","$","M","T","E","R","?","E","M","R","B",null,"M","M","M","?","$","E","?","R","T","E","R","M","M","$","R","B",null,"M","M","?","?","M","R","M","R","T","M","R","M","T","$","R","B"],"character_chosen":"THE_SILENT","items_purchased":["Blade Dance","Flying Knee","Deadly Poison","Orrery","Night Terror","Footwork","Prepared","Deflect","Caltrops"],"campfire_rested":7,"item_purchase_floors":[2,2,22,22,31,31,48,48,48],"current_hp_per_floor":[68,68,64,64,64,64,64,60,60,35,56,56,34,24,45,15,70,60,55,36,35,35,29,29,29,29,17,27,26,25,25,35,26,35,34,19,15,15,13,23,18,28,28,28,28,18,18,18,28,0,0],"gold":3,"neow_bonus":"ONE_RANDOM_RARE_CARD","is_daily":false,"chose_seed":false,"campfire_upgraded":2,"win_rate":0.0,"timestamp":1612448843,"path_taken":["M","$","M","?","?","R","?","M","T","E","R","?","E","M","R","BOSS","M","?","M","?","$","E","?","R","T","E","R","M","M","?","R","BOSS","M","M","?","?","M","R","M","R","T","?","R","?","?","$","R","BOSS"],"items_purchased_type":["Card","Card","Card","Relic","Card","Card","Card","Card","Card"],"build_version":"2020-12-22","purchased_purges":0,"victory":false,"max_hp_per_floor":[70,70,70,70,70,70,70,70,70,70,70,70,70,70,70,70,70,70,70,70,35,35,35,35,35,35,35,35,35,35,35,35,35,35,35,35,35,35,35,35,35,35,35,35,35,35,35,35,35,35,35],"relic_stats":{"Tough Bandages":[27],"counters":[22,96],"HoveringKite":[8],"Letter Opener":[112],"obtain_stats":[{"Runesmith:Nanobots":10,"Anchor":26,"Tough Bandages":43,"Orrery":22,"HoveringKite":34,"reliquary:Buckler":47,"Letter Opener":13,"Bottled Lightning":23,"Ring of the Serpent":17,"Ring of the Snake":0,"Mercury Hourglass":5,"RuthlessExorcism:ReiMu":27},{"Runesmith:Nanobots":4,"Anchor":11,"Tough Bandages":19,"Orrery":10,"HoveringKite":15,"reliquary:Buckler":21,"Letter Opener":5,"Bottled Lightning":11,"Ring of the Serpent":7,"Ring of the Snake":0,"Mercury Hourglass":2,"RuthlessExorcism:ReiMu":12},{"Runesmith:Nanobots":16,"Anchor":50,"Tough Bandages":87,"Orrery":44,"HoveringKite":69,"reliquary:Buckler":93,"Letter Opener":24,"Bottled Lightning":50,"Ring of the Serpent":34,"Ring of the Snake":0,"Mercury Hourglass":8,"RuthlessExorcism:ReiMu":55}],"Mercury Hourglass":[328]},"card_choices":[{"not_picked":["Outmaneuver","Quick Slash"],"picked":"Accuracy","floor":1},{"not_picked":["Slice","Dagger Throw"],"picked":"Leg Sweep","floor":3},{"not_picked":["Bane","Riddle With Holes"],"picked":"Accuracy","floor":8},{"not_picked":["Wraith Form v2","Slice"],"picked":"Catalyst","floor":10},{"not_picked":["Masterful Stab","Outmaneuver"],"picked":"Phantasmal Killer","floor":13},{"not_picked":["Predator","Backflip"],"picked":"Terror","floor":14},{"not_picked":["Glass Knife","A Thousand Cuts"],"picked":"Storm of Steel","floor":16},{"not_picked":["Slice","Terror"],"picked":"Poisoned Stab","floor":18},{"not_picked":["Backstab","Bane"],"picked":"Poisoned Stab+1","floor":19},{"not_picked":["Slice","Heel Hook"],"picked":"Deadly Poison","floor":20},{"not_picked":["Wraith Form v2","Backflip+1"],"picked":"Cloak And Dagger","floor":22},{"not_picked":["Flechettes+1","Prepared"],"picked":"Unload","floor":22},{"not_picked":["Skewer","Dagger Throw"],"picked":"Footwork","floor":22},{"not_picked":["Well Laid Plans","Blade Dance"],"picked":"Noxious Fumes","floor":22},{"not_picked":["Unload","Dash"],"picked":"Cloak And Dagger+1","floor":22},{"not_picked":["Dagger Throw+1","Skewer"],"picked":"Blade Dance","floor":23},{"not_picked":["Dagger Spray","Outmaneuver"],"picked":"Blur","floor":27},{"not_picked":["Infinite Blades","Deadly Poison+1"],"picked":"Catalyst+1","floor":29},{"not_picked":["Cloak And Dagger","Slice"],"picked":"Deadly Poison","floor":30},{"not_picked":["Phantasmal Killer","Burst"],"picked":"A Thousand Cuts","floor":33},{"not_picked":["Quick Slash","Flying Knee"],"picked":"Dagger Throw","floor":35},{"not_picked":["Underhanded Strike+1","Dagger Throw"],"picked":"Noxious Fumes+1","floor":36},{"not_picked":["Quick Slash+1","Sucker Punch+1"],"picked":"Bane+1","floor":39},{"not_picked":["Blade Dance","Flying Knee"],"picked":"Acrobatics","floor":41},{"not_picked":["Terror","Bane"],"picked":"Backstab+1","floor":44},{"not_picked":["Unload","Endless Agony"],"picked":"Backstab","floor":46}],"player_experience":395784,"relics_obtained":[{"floor":10,"key":"Runesmith:Nanobots"},{"floor":13,"key":"Letter Opener"},{"floor":23,"key":"Bottled Lightning"},{"floor":26,"key":"Anchor"},{"floor":27,"key":"RuthlessExorcism:ReiMu"},{"floor":43,"key":"Tough Bandages"},{"floor":47,"key":"reliquary:Buckler"}],"event_choices":[{"damage_healed":0,"gold_gain":0,"player_choice":"Ignored","damage_taken":0,"max_hp_gain":0,"max_hp_loss":0,"event_name":"Golden Wing","floor":4,"gold_loss":0},{"damage_healed":0,"gold_gain":0,"player_choice":"Box","damage_taken":0,"relics_obtained":["Mercury Hourglass"],"max_hp_gain":0,"max_hp_loss":0,"event_name":"Big Fish","floor":5,"gold_loss":0,"cards_obtained":["Regret"]},{"damage_healed":0,"gold_gain":0,"player_choice":"Bought 0 Potions","damage_taken":0,"max_hp_gain":0,"max_hp_loss":0,"event_name":"The Woman in Blue","floor":12,"gold_loss":0},{"damage_healed":0,"gold_gain":0,"player_choice":"Became a Ghost","damage_taken":0,"max_hp_gain":0,"max_hp_loss":35,"event_name":"Ghosts","floor":21,"gold_loss":0,"cards_obtained":["Ghostly","Ghostly","Ghostly","Ghostly","Ghostly"]},{"damage_healed":0,"gold_gain":0,"player_choice":"Embrace Madness","damage_taken":4,"max_hp_gain":0,"max_hp_loss":0,"event_name":"Winding Halls","floor":37,"gold_loss":0,"cards_obtained":["Madness","Madness"]},{"cards_removed":["Regret"],"damage_healed":0,"gold_gain":0,"player_choice":"Upgrade and Remove","damage_taken":0,"max_hp_gain":0,"max_hp_loss":0,"event_name":"Designer","floor":38,"gold_loss":90,"cards_upgraded":["Ghostly"]}],"is_beta":false,"boss_relics":[{"not_picked":["Sozu","reliquary:RedPaperclip"],"picked":"Ring of the Serpent"},{"not_picked":["Velvet Choker","Cursed Key"],"picked":"HoveringKite"}],"items_purged_floors":[],"is_endless":false,"potions_floor_spawned":[1,8,10,13,19,20,29,33,35,36,41,44],"killed_by":"Donu and Deca","ascension_level":1}}