{"host":"x5w9zppki4gdwvc7","time":1612451432,"event":{"mods":["AchievementEnabler","BaseMod","Colored Powertips","DeckTracker","Minty Spire (QoL Compilation)"],"gold_per_floor":[118,293,311,328,347,347,297,297,297,297,309,319,147,163,163,258,258,269,239,258,274,274,274,129,147,171,171,182,182,209,209,209],"floor_reached":31,"language":"ENG","playtime":1424,"items_purged":["Strike_G"],"score":286,"play_id":"b3a8f889-3100-4daa-a019-f239e6766650","local_time":"20210204161032","is_ascension_mode":true,"campfire_choices":[{"data":"Bouncing Flask","floor":6,"key":"SMITH"},{"data":"Neutralize","floor":10,"key":"SMITH"},{"data":"Backflip","floor":15,"key":"SMITH"},{"data":"Accuracy","floor":23,"key":"SMITH"},{"floor":27,"key":"REST"},{"floor":29,"key":"REST"}],"circlet_count":0,"master_deck":["Strike_G","Strike_G","Strike_G","Defend_G","Defend_G","Defend_G","Defend_G","Defend_G","Survivor","Neutralize+1","Bouncing Flask+1","Infinite Blades","Deadly Poison","Accuracy+1","Infinite Blades","Backflip+1","Burst","Dodge and Roll+1","Noxious Fumes","J.A.X.","Adrenaline"],"relics":["Ring of the Snake","Thread and Needle","WristBlade","Oddly Smooth Stone","Centennial Puzzle","Ice Cream"],"acts_visited":["Exordium","TheCity"],"potions_floor_usage":[5,16,16,25,25,30,30],"damage_taken":[{"damage":4,"enemies":"Small Slimes","floor":1,"turns":3},{"damage":0,"enemies":"2 Louse","floor":3,"turns":2},{"damage":1,"enemies":"Jaw Worm","floor":4,"turns":4},{"damage":9,"enemies":"Red Slaver","floor":5,"turns":3},{"damage":1,"enemies":"3 Louse","floor":11,"turns":3},{"damage":0,"enemies":"Large Slime","floor":12,"turns":4},{"damage":10,"enemies":"Exordium Thugs","floor":14,"turns":4},{"damage":8,"enemies":"The Guardian","floor":16,"turns":9},{"damage":15,"enemies":"Spheric Guardian","floor":18,"turns":4},{"damage":9,"enemies":"Chosen","floor":20,"turns":4},{"damage":3,"enemies":"Snecko","floor":21,"turns":4},{"damage":15,"enemies":"Sentry and Sphere","floor":25,"turns":6},{"damage":23,"enemies":"Chosen and Byrds","floor":28,"turns":6},{"damage":35,"enemies":"Slavers","floor":30,"turns":5},{"damage":14,"enemies":"3 Cultists","floor":31,"turns":4}],"seed_played":"-5192740155834580510","potions_obtained":[{"floor":3,"key":"AttackPotion"},{"floor":4,"key":"Swift Potion"},{"floor":12,"key":"ColorlessPotion"},{"floor":18,"key":"DuplicationPotion"},{"floor":19,"key":"LiquidMemories"},{"floor":19,"key":"Poison Potion"},{"floor":25,"key":"LiquidBronze"},{"floor":30,"key":"SteroidPotion"}],"is_trial":false,"path_per_floor":["M","?","M","M","M","R","?","?","T","R","M","M","$","M","R","B",null,"M","?","M","M","?","R","$","M","T","R","M","R","E","M"],"character_chosen":"THE_SILENT","items_purchased":["Infinite Blades","Backflip","Oddly Smooth Stone"],"campfire_rested":2,"item_purchase_floors":[13,13,24],"current_hp_per_floor":[66,66,66,65,56,56,56,49,49,49,48,48,48,38,38,30,70,55,55,46,43,43,43,43,28,28,49,26,47,12,0,0],"gold":209,"neow_bonus":"THREE_CARDS","is_daily":false,"chose_seed":false,"campfire_upgraded":4,"win_rate":0.0,"timestamp":1612451432,"path_taken":["M","?","M","M","M","R","?","?","T","R","M","M","?","M","R","BOSS","M","?","?","M","?","R","$","M","T","R","M","R","E","M"],"items_purchased_type":["Card","Card","Relic"],"build_version":"2020-12-22","purchased_purges":1,"victory":false,"max_hp_per_floor":[70,70,70,70,70,70,70,70,70,70,70,70,70,70,70,70,70,70,70,70,70,70,70,70,70,70,70,70,70,70,70,70],"card_choices":[{"not_picked":["Backflip","Endless Agony"],"picked":"Bouncing Flask","floor":0},{"not_picked":["Sucker Punch","Reflex","Deflect"],"picked":"SKIP","floor":1},{"not_picked":["Blade Dance","Distraction"],"picked":"Infinite Blades","floor":3},{"not_picked":["Endless Agony","Masterful Stab","Dodge and Roll"],"picked":"SKIP","floor":4},{"not_picked":["Backstab","Crippling Poison"],"picked":"Deadly Poison","floor":5},{"not_picked":["Distraction","Cloak And Dagger","Deadly Poison"],"picked":"SKIP","floor":11},{"not_picked":["Choke","Deadly Poison"],"picked":"Accuracy","floor":12},{"not_picked":["Terror","Sucker Punch","Dagger Throw"],"picked":"SKIP","floor":14},{"not_picked":["Bullet Time","Die Die Die"],"picked":"Burst","floor":16},{"not_picked":["Quick Slash+1","PiercingWail"],"picked":"Dodge and Roll+1","floor":18},{"not_picked":["Slice","Dagger Spray+1"],"picked":"Noxious Fumes","floor":20},{"not_picked":["Deflect","Masterful Stab","Flying Knee"],"picked":"SKIP","floor":21},{"not_picked":["Deflect","Poisoned Stab","Cloak And Dagger"],"picked":"SKIP","floor":25},{"not_picked":["Backstab","Deflect"],"picked":"Adrenaline","floor":28},{"not_picked":["Riddle With Holes","Dodge and Roll","Bane"],"picked":"SKIP","floor":30}],"player_experience":475689,"relics_obtained":[{"floor":9,"key":"Thread and Needle"},{"floor":26,"key":"Centennial Puzzle"},{"floor":30,"key":"Ice Cream"}],"event_choices":[{"damage_healed":0,"gold_gain":175,"player_choice":"AGREE","damage_taken":0,"max_hp_gain":0,"max_hp_loss":0,"event_name":"Liars Game","floor":2,"gold_loss":0,"cards_obtained":["Doubt"]},{"cards_removed":["Doubt"],"damage_healed":0,"gold_gain":0,"player_choice":"Card Removal","damage_taken":0,"max_hp_gain":0,"max_hp_loss":0,"event_name":"The Cleric","floor":7,"gold_loss":50},{"cards_removed":["Strike_G"],"damage_healed":0,"gold_gain":0,"player_choice":"Card Removal","damage_taken":7,"max_hp_gain":0,"max_hp_loss":0,"event_name":"Golden Wing","floor":8,"gold_loss":0},{"damage_healed":0,"gold_gain":0,"player_choice":"Bought 2 Potions","damage_taken":0,"max_hp_gain":0,"max_hp_loss":0,"event_name":"The Woman in Blue","floor":19,"gold_loss":0},{"damage_healed":0,"gold_gain":0,"player_choice":"Obtain J.A.X.","damage_taken":0,"max_hp_gain":0,"max_hp_loss":0,"event_name":"Drug Dealer","floor":22,"gold_loss":0,"cards_obtained":["J.A.X."]}],"is_beta":false,"boss_relics":[{"not_picked":["Pandora\u0027s Box","Ring of the Serpent"],"picked":"WristBlade"}],"items_purged_floors":[13],"is_endless":false,"potions_floor_spawned":[3,4,12,18,25,30],"killed_by":"3 Cultists","ascension_level":3}}