{"host":"sav7uxregyirlf69","time":1612438986,"event":{"mods":["AchievementEnabler","BaseMod","Colored Map","DeckTracker","Keyboard Shortcuts","Minty Spire (QoL Compilation)","READ ME - Guardian Mod","StSLib","SuperFastMode"],"gold_per_floor":[217,231,306,30,30,30,30,30,107,107,139,139,152,169,169,246,246,256,256,273,173,186,186,218,229,229,229,239,252,127,52,52,52,52],"floor_reached":33,"language":"KOR","playtime":618,"items_purged":["Strike_G","Strike_G","Strike_G"],"score":530,"play_id":"c77b6dfb-71df-403c-a4b5-399339619931","local_time":"20210204204306","is_ascension_mode":true,"campfire_choices":[{"data":"Noxious Fumes","floor":6,"key":"SMITH"},{"floor":8,"key":"REST"},{"data":"Deadly Poison","floor":10,"key":"SMITH"},{"data":"Neutralize","floor":15,"key":"SMITH"},{"data":"Crippling Poison","floor":23,"key":"SMITH"},{"floor":32,"key":"REST"}],"circlet_count":0,"master_deck":["AscendersBane","Strike_G","Defend_G","Defend_G","Defend_G","Defend_G+1","Survivor+1","Neutralize+1","Noxious Fumes+1","Deadly Poison+1","Backstab","Dagger Throw","Blur","Crippling Poison+1","Backflip","Burst","Deflect+1","Leg Sweep","Wraith Form v2","Prepared+1"],"relics":["Ring of the Snake","White Beast Statue","Oddly Smooth Stone","Ancient Tea Set","Philosopher\u0027s Stone","Lantern","Mercury Hourglass","Kunai"],"acts_visited":["Exordium","TheCity"],"potions_floor_usage":[11,16,20,22,24,29,29],"damage_taken":[{"damage":0,"enemies":"Small Slimes","floor":1,"turns":3},{"damage":5,"enemies":"2 Louse","floor":2,"turns":5},{"damage":5,"enemies":"3 Sentries","floor":11,"turns":8},{"damage":0,"enemies":"Cultist","floor":13,"turns":3},{"damage":1,"enemies":"Red Slaver","floor":14,"turns":4},{"damage":6,"enemies":"The Guardian","floor":16,"turns":8},{"damage":2,"enemies":"Chosen","floor":18,"turns":4},{"damage":21,"enemies":"3 Byrds","floor":20,"turns":5},{"damage":0,"enemies":"Cultist and Chosen","floor":22,"turns":6},{"damage":12,"enemies":"Book of Stabbing","floor":24,"turns":6},{"damage":4,"enemies":"Snake Plant","floor":25,"turns":5},{"damage":0,"enemies":"Centurion and Healer","floor":28,"turns":6},{"damage":4,"enemies":"Chosen and Byrds","floor":29,"turns":7},{"damage":37,"enemies":"Collector","floor":33,"turns":9}],"seed_played":"4243273221300421203","potions_obtained":[{"floor":2,"key":"EssenceOfSteel"},{"floor":11,"key":"Weak Potion"},{"floor":13,"key":"CultistPotion"},{"floor":16,"key":"Poison Potion"},{"floor":18,"key":"Dexterity Potion"},{"floor":20,"key":"Block Potion"},{"floor":22,"key":"AttackPotion"},{"floor":24,"key":"SpeedPotion"},{"floor":25,"key":"Fire Potion"},{"floor":28,"key":"Poison Potion"},{"floor":29,"key":"Weak Potion"}],"is_trial":false,"path_per_floor":["M","M","?","$","?","R","?","R","T","R","E","?","M","M","R","B",null,"M","?","M","$","M","R","E","M","T","?","M","M","$","?","R","B"],"character_chosen":"THE_SILENT","items_purchased":["Deadly Poison","Backstab","Dagger Throw"],"campfire_rested":2,"item_purchase_floors":[4,4,4],"current_hp_per_floor":[59,54,43,43,23,23,16,35,35,35,30,25,25,24,24,18,54,52,52,31,31,31,31,19,15,15,15,15,11,11,11,30,0,0],"gold":52,"neow_bonus":"HUNDRED_GOLD","is_daily":false,"chose_seed":false,"campfire_upgraded":4,"win_rate":0.0,"timestamp":1612438986,"path_taken":["M","M","?","$","?","R","?","R","T","R","E","?","M","M","R","BOSS","M","?","M","$","M","R","E","M","T","?","M","?","?","?","R","BOSS"],"items_purchased_type":["Card","Card","Card"],"build_version":"2020-12-22","purchased_purges":3,"victory":false,"max_hp_per_floor":[66,66,66,66,66,66,66,66,66,66,66,66,66,66,66,66,66,66,66,66,66,66,66,66,66,66,66,66,66,66,66,66,66,66],"card_choices":[{"not_picked":["Outmaneuver","Quick Slash"],"picked":"Noxious Fumes","floor":1},{"not_picked":["Underhanded Strike","Prepared","Acrobatics"],"picked":"SKIP","floor":2},{"not_picked":["Slice","Dagger Spray"],"picked":"Blur","floor":11},{"not_picked":["Quick Slash","A Thousand Cuts"],"picked":"Crippling Poison","floor":13},{"not_picked":["Well Laid Plans","PiercingWail"],"picked":"Backflip","floor":14},{"not_picked":["Grand Finale","Glass Knife"],"picked":"Burst","floor":16},{"not_picked":["Caltrops","Quick Slash+1"],"picked":"Deflect+1","floor":18},{"not_picked":["Quick Slash","Poisoned Stab","Dagger Throw"],"picked":"SKIP","floor":20},{"not_picked":["Prepared","Expertise","Cloak And Dagger"],"picked":"SKIP","floor":22},{"not_picked":["Dagger Spray","Quick Slash"],"picked":"Leg Sweep","floor":24},{"not_picked":["Terror","Outmaneuver","Slice"],"picked":"SKIP","floor":25},{"not_picked":["Poisoned Stab","Slice+1"],"picked":"Wraith Form v2","floor":28},{"not_picked":["Infinite Blades","Backflip"],"picked":"Prepared+1","floor":29}],"player_experience":1486011,"relics_obtained":[{"floor":9,"key":"White Beast Statue"},{"floor":11,"key":"Oddly Smooth Stone"},{"floor":24,"key":"Lantern"},{"floor":26,"key":"Mercury Hourglass"}],"event_choices":[{"damage_healed":0,"gold_gain":75,"player_choice":"Gather Gold","damage_taken":11,"max_hp_gain":0,"max_hp_loss":0,"event_name":"World of Goop","floor":3,"gold_loss":0},{"damage_healed":0,"gold_gain":0,"player_choice":"Entered Light","damage_taken":20,"max_hp_gain":0,"max_hp_loss":0,"event_name":"Shining Light","floor":5,"gold_loss":0,"cards_upgraded":["Survivor","Defend_G"]},{"cards_removed":["Defend_G"],"damage_healed":0,"gold_gain":0,"player_choice":"Card Removal","damage_taken":7,"max_hp_gain":0,"max_hp_loss":0,"event_name":"Golden Wing","floor":7,"gold_loss":0},{"damage_healed":0,"gold_gain":0,"player_choice":"Success","damage_taken":5,"relics_obtained":["Ancient Tea Set"],"max_hp_gain":0,"max_hp_loss":0,"event_name":"Scrap Ooze","floor":12,"gold_loss":0},{"damage_healed":0,"gold_gain":0,"player_choice":"Ignored","damage_taken":0,"max_hp_gain":0,"max_hp_loss":0,"event_name":"Cursed Tome","floor":19,"gold_loss":0},{"damage_healed":0,"gold_gain":0,"player_choice":"Gave Potion","damage_taken":0,"relics_obtained":["Kunai"],"max_hp_gain":0,"max_hp_loss":0,"event_name":"WeMeetAgain","floor":27,"gold_loss":0},{"cards_removed":["Strike_G"],"damage_healed":0,"gold_gain":0,"player_choice":"Gave Gold","damage_taken":0,"max_hp_gain":0,"max_hp_loss":0,"event_name":"Beggar","floor":31,"gold_loss":75}],"is_beta":false,"boss_relics":[{"not_picked":["Fusion Hammer","Sozu"],"picked":"Philosopher\u0027s Stone"}],"items_purged_floors":[4,21,30],"is_endless":false,"potions_floor_spawned":[2,11,13,14,16,18,20,22,24,25,28,29],"killed_by":"Collector","ascension_level":20}}