{"host":"c4psiqwczhd30bq5","time":1612471882,"event":{"mods":["Act Like it!","Aspiration","BaseMod","BetterRewards","Conspire","Downfall","Hallownest","Hubris","Minty Spire (QoL Compilation)","StSLib"],"gold_per_floor":[112,7,26,26,26,51,51,85,112,112,112,142,142,155,155,260,260,276,30,53,69,88,88,116,116,116,145,162,162,179,192,192,192,192],"floor_reached":33,"language":"ENG","playtime":1913,"items_purged":[],"score":343,"play_id":"c0fcd409-ce29-445d-9a43-8749a06adac7","local_time":"20210204215122","is_ascension_mode":true,"campfire_choices":[{"floor":7,"key":"REST"},{"floor":11,"key":"REST"},{"floor":13,"key":"REST"},{"data":"Infinite Blades","floor":15,"key":"SMITH"},{"floor":23,"key":"REST"},{"floor":25,"key":"REST"},{"floor":32,"key":"REST"}],"circlet_count":0,"master_deck":["Strike_R","Strike_R","Strike_R","Strike_R","Defend_R","Defend_R","Defend_R","Defend_R","Bash","Clothesline","hubris:CleavingFinish","Infinite Blades+1","hubris:SlightOfHand","Choke","hubris:ReadiedAction","Twin Strike","Infernal Blade","Power Through","Feed","Warcry","Madness","Shrug It Off+1","Fire Breathing","Armaments+1","Rampage+1","Cleave+1","Infinite Blades+1","Havoc","Fiend Fire"],"relics":["Burning Blood","aspiration:Nostalgia","Guardian:ModeShifter","Self Forming Clay","Mummified Hand","Ancient Tea Set","Pear","hubris:Stopwatch","Pen Nib","hubris:DisguiseKit","Letter Opener","hubris:ChampionShield"],"acts_visited":["Exordium","TheCity"],"potions_floor_usage":[10,12,14,18,21,31,31],"damage_taken":[{"damage":6,"enemies":"Cultist","floor":1,"turns":3},{"damage":13,"enemies":"Jaw Worm","floor":3,"turns":3},{"damage":40,"enemies":"3 Sentries","floor":6,"turns":10},{"damage":38,"enemies":"Lagavulin","floor":8,"turns":8},{"damage":39,"enemies":"3 Sentries","floor":12,"turns":11},{"damage":0,"enemies":"2 Louse","floor":14,"turns":2},{"damage":43,"enemies":"Hexaghost","floor":16,"turns":11},{"damage":16,"enemies":"Shell Parasite","floor":18,"turns":7},{"damage":10,"enemies":"Chosen","floor":21,"turns":4},{"damage":23,"enemies":"Snake Plant","floor":22,"turns":7},{"damage":37,"enemies":"Slavers","floor":24,"turns":7},{"damage":34,"enemies":"Book of Stabbing","floor":27,"turns":7},{"damage":22,"enemies":"Cultist and Chosen","floor":28,"turns":7},{"damage":17,"enemies":"Sentry and Sphere","floor":30,"turns":4},{"damage":16,"enemies":"Shelled Parasite and Fungi","floor":31,"turns":5},{"damage":97,"enemies":"Automaton","floor":33,"turns":10}],"seed_played":"3204244253750117253","potions_obtained":[{"floor":8,"key":"Weak Potion"},{"floor":10,"key":"Fruit Juice"},{"floor":10,"key":"FairyPotion"},{"floor":10,"key":"GamblersBrew"},{"floor":12,"key":"Energy Potion"},{"floor":16,"key":"bronze:BurnAndBuffPotion"},{"floor":18,"key":"LiquidMemories"},{"floor":28,"key":"Strength Potion"},{"floor":30,"key":"EssenceOfSteel"}],"is_trial":false,"path_per_floor":["M","$","M","?","$","E","R","E","T","?","R","E","R","M","R","B",null,"M","$","T","M","M","R","E","R","T","E","M","?","M","M","R","B"],"character_chosen":"IRONCLAD","items_purchased":["hubris:CleavingFinish","Dark Embrace","Pen Nib","Madness"],"campfire_rested":6,"item_purchase_floors":[2,2,19,19],"current_hp_per_floor":[80,80,73,73,73,39,63,31,31,36,61,38,66,72,72,35,95,85,85,85,81,64,92,61,89,89,61,45,45,34,24,52,0,0],"gold":192,"neow_bonus":"NOSTALGIA","is_daily":false,"chose_seed":false,"campfire_upgraded":1,"win_rate":0.0,"timestamp":1612471882,"path_taken":["M","$","M","?","?","E","R","E","T","?","R","E","R","M","R","BOSS","M","$","?","?","M","R","E","R","T","E","M","?","?","M","R","BOSS"],"items_purchased_type":["Card","Card","Relic","Card"],"build_version":"2020-12-22","purchased_purges":0,"victory":false,"max_hp_per_floor":[80,80,80,80,80,80,80,80,80,85,85,95,95,95,95,95,95,95,95,95,95,95,95,95,95,95,95,95,95,95,95,95,95,95],"card_choices":[{"not_picked":["Uppercut","Entrench"],"picked":"Clothesline","floor":1},{"not_picked":["Warcry","Armaments"],"picked":"Disarm","floor":3},{"not_picked":["Shrug It Off","Burning Pact"],"picked":"hubris:ReadiedAction","floor":6},{"not_picked":["Dark Embrace","Havoc"],"picked":"Twin Strike","floor":8},{"not_picked":["Wild Strike","hubris:SharpeningStone"],"picked":"Infernal Blade","floor":12},{"not_picked":["Carnage","Heavy Blade"],"picked":"Power Through","floor":14},{"not_picked":["Exhume","Corruption"],"picked":"Feed","floor":16},{"not_picked":["Body Slam","Clothesline+1"],"picked":"Warcry","floor":18},{"not_picked":["Wild Strike","Power Through"],"picked":"Shrug It Off+1","floor":21},{"not_picked":["Clothesline","Pummel"],"picked":"Fire Breathing","floor":22},{"not_picked":["Metallicize","Flex"],"picked":"Armaments+1","floor":24},{"not_picked":["Clothesline+1","Dropkick+1","Guardian:WalkerClaw"],"picked":"Rampage+1","floor":27},{"not_picked":["hubris:SharpeningStone+1","Wild Strike","Guardian:StasisStrike"],"picked":"Cleave+1","floor":28},{"not_picked":["Warcry","True Grit","Guardian:MultiBeam"],"picked":"Havoc","floor":30},{"not_picked":["hubris:ReadiedAction","Anger","Guardian:WalkerClaw"],"picked":"Fiend Fire","floor":31}],"player_experience":272107,"relics_obtained":[{"floor":6,"key":"Self Forming Clay"},{"floor":8,"key":"Mummified Hand"},{"floor":9,"key":"Ancient Tea Set"},{"floor":12,"key":"Pear"},{"floor":24,"key":"hubris:DisguiseKit"},{"floor":26,"key":"Letter Opener"},{"floor":27,"key":"hubris:ChampionShield"}],"event_choices":[{"damage_healed":0,"gold_gain":0,"player_choice":"Got Potions","damage_taken":0,"max_hp_gain":0,"max_hp_loss":0,"event_name":"Lab","floor":10,"gold_loss":0},{"damage_healed":0,"gold_gain":0,"player_choice":"Copied","damage_taken":0,"max_hp_gain":0,"max_hp_loss":0,"event_name":"Duplicator","floor":29,"gold_loss":0,"cards_obtained":["Infinite Blades"]}],"is_beta":false,"boss_relics":[{"not_picked":["Black Blood","Cursed Key"],"picked":"hubris:Stopwatch"}],"items_purged_floors":[],"is_endless":false,"potions_floor_spawned":[8,12,16,18,28,30],"killed_by":"Automaton","ascension_level":1}}