{"host":"ox77rn1xcurm2t5a","time":1612476457,"event":{"mods":["2.2 Compatiblity","AchievementEnabler","Act Like it!","Aspiration","BaseMod","Best Route Mod","Better Match","Better Note","Better Sensory Stone","Block Reminder","Colored Map","Colored Powertips","Conjunction","Conspire","Custom Start","Energized Spire","GifTheSpireLib","Gold Saver","Gremlin Skip","Halation","Highlight Path","Hubris","Infinite Spire","Minty Spire (QoL Compilation)","Pale of the Ancients","Quick Restart","Replay The Spire","Reworked Bosses","ShortenTheSpire","Spire Exporter","StSLib","Stuff the Spire","Wandering Minibosses"],"gold_per_floor":[202,162,3603,3623,3639,3639,3671,3671,3671,3671,3688,3718,3718,3729,3729,3729,3729],"floor_reached":16,"language":"ENG","playtime":11149,"items_purged":["Strike_B"],"score":236,"play_id":"0a93b8ca-d538-47a9-adf3-9f6d73e14bb3","local_time":"20210205000737","is_ascension_mode":true,"campfire_choices":[{"floor":6,"key":"RECALL"},{"data":"Zap","floor":8,"key":"SMITH"},{"data":"Glacier","floor":10,"key":"SMITH"},{"data":"Ball Lightning","floor":15,"key":"SMITH"}],"circlet_count":0,"master_deck":["AscendersBane","Strike_B","Strike_B","Strike_B","Defend_B","Defend_B","Defend_B","Defend_B","Zap+1","Dualcast","Glacier+1","Ball Lightning+1","FIFO Queue","Cold Snap","Chill"],"relics":["Cracked Core","NeowsBlessing","Garlic","halation:BottledLove","Oddly Smooth Stone"],"acts_visited":["Exordium"],"potions_floor_usage":[11,12,16],"damage_taken":[{"damage":0,"enemies":"2 Louse","floor":1,"turns":1},{"damage":0,"enemies":"Cultist","floor":4,"turns":1},{"damage":0,"enemies":"Jaw Worm","floor":5,"turns":1},{"damage":20,"enemies":"Lagavulin","floor":7,"turns":10},{"damage":5,"enemies":"Large Slime","floor":11,"turns":6},{"damage":12,"enemies":"Gremlin Nob","floor":12,"turns":2},{"damage":0,"enemies":"2 Fungi Beasts","floor":14,"turns":4},{"damage":27,"enemies":"Hexaghost","floor":16,"turns":13}],"seed_played":"-5702582205752435642","potions_obtained":[{"floor":1,"key":"Death Potion"},{"floor":2,"key":"SpeedPotion"},{"floor":14,"key":"SpeedPotion"}],"is_trial":false,"path_per_floor":["M","?","$","M","M","R","E","R","T","R","M","E","?","M","R","B"],"character_chosen":"DEFECT","items_purchased":["Ball Lightning","Garlic","FIFO Queue"],"campfire_rested":0,"item_purchase_floors":[3,3,3],"current_hp_per_floor":[64,64,64,64,64,64,44,44,44,44,39,27,27,27,27,0,0],"gold":3729,"neow_bonus":"THREE_ENEMY_KILL","is_daily":false,"chose_seed":false,"campfire_upgraded":3,"win_rate":0.0,"timestamp":1612476457,"path_taken":["M","?","$","?","M","R","E","R","T","R","?","E","?","M","R","BOSS"],"items_purchased_type":["Card","Relic","Card"],"build_version":"2020-12-22","purchased_purges":1,"victory":false,"max_hp_per_floor":[71,71,71,71,71,71,71,71,71,71,71,71,71,71,71,71,71],"card_choices":[{"not_picked":["Hologram","StuffTheSpire:Coldhearted"],"picked":"Glacier","floor":1},{"not_picked":["Stack","Compile Driver","Steam"],"picked":"SKIP","floor":4},{"not_picked":["Coolheaded","Hologram"],"picked":"Cold Snap","floor":5},{"not_picked":["Seek","ReplayTheSpireMod:Repulse","Recycle"],"picked":"SKIP","floor":7},{"not_picked":["Sunder","ReplayTheSpireMod:GoodbyeWorld","StuffTheSpire:Plugnplay"],"picked":"SKIP","floor":11},{"not_picked":["Redo","Panic Button","Consume"],"picked":"SKIP","floor":12},{"not_picked":["Consume","Genetic Algorithm"],"picked":"Chill","floor":14}],"player_experience":3014554,"relics_obtained":[{"floor":7,"key":"halation:BottledLove"},{"floor":12,"key":"Oddly Smooth Stone"}],"event_choices":[{"damage_healed":0,"gold_gain":0,"player_choice":"Bought 3 Potions","damage_taken":0,"max_hp_gain":0,"max_hp_loss":0,"event_name":"The Woman in Blue","floor":2,"gold_loss":0},{"damage_healed":0,"gold_gain":0,"player_choice":"Disagree","damage_taken":0,"max_hp_gain":0,"max_hp_loss":0,"event_name":"conspire:LoneGhost","floor":13,"gold_loss":0}],"is_beta":false,"boss_relics":[],"items_purged_floors":[3],"is_endless":false,"potions_floor_spawned":[1,7,14],"killed_by":"Hexaghost","ascension_level":15}}