{"host":"f5gffvlv6a66yqkd","time":1612451280,"event":{"mods":["2.2 Compatiblity","BaseMod","Colored Map","Custom Start","DeckTracker","Keyboard Shortcuts","Minty Spire (QoL Compilation)","Permanent Neow","Quick Restart","Relic Stats","StSLib","SuperFastMode"],"gold_per_floor":[16,27,42,117,117,158,158,189,262,278,301,301,317,341,341,341,341],"floor_reached":16,"language":"KOR","playtime":311,"items_purged":[],"score":278,"play_id":"6044644a-4c64-4c17-aa8f-6d8763fb199a","local_time":"20210205000800","is_ascension_mode":true,"campfire_choices":[{"data":"Eruption","floor":7.0,"key":"SMITH"},{"data":"Ragnarok","floor":12.0,"key":"SMITH"},{"data":"Wallop","floor":15.0,"key":"SMITH"}],"circlet_count":0,"master_deck":["AscendersBane","Strike_P","Strike_P","Strike_P","Defend_P","Defend_P","Defend_P","Eruption+1","Vigilance","Wallop+1","SashWhip","InnerPeace","Consecrate","EmptyBody","Ragnarok+1","Halt","MentalFortress","FollowUp"],"relics":["PureWater","Golden Idol","Mango","Centennial Puzzle","Sundial"],"acts_visited":["Exordium"],"potions_floor_usage":[],"damage_taken":[{"damage":2.0,"enemies":"Jaw Worm","floor":1.0,"turns":3.0},{"damage":8.0,"enemies":"2 Louse","floor":2.0,"turns":2.0},{"damage":0.0,"enemies":"Cultist","floor":3.0,"turns":3.0},{"damage":0.0,"enemies":"Gremlin Nob","floor":6.0,"turns":3.0},{"damage":30.0,"enemies":"Lagavulin","floor":8.0,"turns":6.0},{"damage":0.0,"enemies":"3 Louse","floor":10.0,"turns":2.0},{"damage":6.0,"enemies":"Blue Slaver","floor":11.0,"turns":4.0},{"damage":8.0,"enemies":"Looter","floor":13.0,"turns":2.0},{"damage":3.0,"enemies":"Exordium Wildlife","floor":14.0,"turns":5.0},{"damage":0,"enemies":"Slime Boss","floor":16,"turns":1}],"seed_played":"-5651855417539597433","potions_obtained":[{"floor":1.0,"key":"SteroidPotion"},{"floor":2.0,"key":"LiquidBronze"},{"floor":6.0,"key":"Dexterity Potion"},{"floor":14.0,"key":"ColorlessPotion"}],"is_trial":false,"path_per_floor":["M","M","M","?","?","E","R","E","T","M","M","R","M","M","R","B"],"character_chosen":"WATCHER","items_purchased":[],"campfire_rested":0,"item_purchase_floors":[],"current_hp_per_floor":[59,51,51,40,40,54,54,24,24,24,18,18,10,7,7,7,7],"gold":341,"neow_bonus":"TRANSFORM_TWO_CARDS","is_daily":false,"chose_seed":false,"campfire_upgraded":3,"win_rate":0.0,"timestamp":1612451280,"path_taken":["M","M","M","?","?","E","R","E","T","M","M","R","M","M","R","BOSS"],"items_purchased_type":[],"build_version":"2020-12-22","purchased_purges":0,"victory":false,"max_hp_per_floor":[68,68,68,68,62,76,76,76,76,76,76,76,76,76,76,76,76],"relic_stats":{"Centennial Puzzle":[9],"counters":[9,30],"Golden Idol":30,"Sundial":[0],"obtain_stats":[{"Centennial Puzzle":8,"Golden Idol":5,"Sundial":9,"Mango":6,"PureWater":0},{"Centennial Puzzle":5,"Golden Idol":3,"Sundial":5,"Mango":4,"PureWater":0},{"Centennial Puzzle":17,"Golden Idol":8,"Sundial":17,"Mango":11,"PureWater":0}]},"card_choices":[{"not_picked":["Meditate","ThirdEye"],"picked":"InnerPeace","floor":1.0},{"not_picked":["Wireheading","WreathOfFlame"],"picked":"Consecrate","floor":2.0},{"not_picked":["Consecrate","EmptyMind","PathToVictory"],"picked":"SKIP","floor":3.0},{"not_picked":["Crescendo","Protect"],"picked":"EmptyBody","floor":6.0},{"not_picked":["EmptyFist","FlurryOfBlows"],"picked":"Ragnarok","floor":8.0},{"not_picked":["CrushJoints","Prostrate"],"picked":"Halt","floor":10.0},{"not_picked":["Prostrate","JustLucky","Protect"],"picked":"SKIP","floor":11.0},{"not_picked":["ThirdEye","Crescendo"],"picked":"MentalFortress","floor":13.0},{"not_picked":["Worship","BattleHymn"],"picked":"FollowUp","floor":14.0}],"player_experience":1641259,"relics_obtained":[{"floor":6.0,"key":"Mango"},{"floor":8.0,"key":"Centennial Puzzle"},{"floor":9.0,"key":"Sundial"}],"event_choices":[{"damage_healed":0.0,"max_hp_gain":0.0,"max_hp_loss":0.0,"gold_gain":75.0,"event_name":"World of Goop","player_choice":"Gather Gold","floor":4.0,"gold_loss":0.0,"damage_taken":11.0},{"damage_healed":0.0,"max_hp_gain":0.0,"max_hp_loss":6.0,"gold_gain":0.0,"event_name":"Golden Idol","player_choice":"Lose Max HP","floor":5.0,"gold_loss":0.0,"damage_taken":0.0,"relics_obtained":["Golden Idol"]}],"is_beta":false,"boss_relics":[],"items_purged_floors":[],"is_endless":false,"potions_floor_spawned":[1,2,6,11,14],"killed_by":"Slime Boss","ascension_level":20}}