{"host":"csv4uk4hw8wax4p9","time":1612417721,"event":{"mods":["Act Like it!","BaseMod","Challenge The Spire","Gensokyo","HololiveMod","Minty Spire (QoL Compilation)","Quick Restart","Reliquary","StSLib","¡¾ÒÅÎï¿¨ÅÆ¡¿REMEMod"],"gold_per_floor":[51,51,178,307,426,426,16,16,133,252,373,373,8,8,133,258,388,511],"floor_reached":19,"language":"ZHS","playtime":1782,"items_purged":[],"score":5255,"play_id":"e24f439f-c9cc-4f92-ae97-4988c6a6c98b","local_time":"20210204134841","daily_mods":["challengethespire:Platinum Difficulty","challengethespire:Boss Rush","Uncertain Future"],"is_ascension_mode":true,"campfire_choices":[{"data":"Hololive_CallSpadeEcho","floor":2.0,"key":"SMITH"},{"data":"Hololive_CallTsunomakiWatame","floor":8.0,"key":"SMITH"},{"data":"Hololive_Trident","floor":14,"key":"SMITH"}],"circlet_count":0,"master_deck":["AscendersBane","Hololive_Strike","Hololive_Strike","Hololive_Defend","Hololive_Defend","Hololive_Trident+1","Hololive_CallSpadeEcho+1","Hololive_CallTsunomakiWatame+1","Hololive_CallAkaiHaato+1","Hololive_CallNakiriAyame","Hololive_CallInugamiKorone","Hololive_CallManoAloe+1","Hololive_CallShiroganeNoel+1","Hololive_CallManoAloe+1","Hololive_CallInugamiKorone+1","Hololive_CallMoonaHoshinova+1","Hololive_CallMurasakiShion+1","Hololive_CallAkaiHaato+1","Hololive_CallUsadaPekora+1","Hololive_CallNatsuiroMatsuri+1","Hololive_CallAkaiHaato+1","Hololive_DDD+1","Hololive_CallAiraniIofifteen+1","Hololive_CallYukihanaLamy+1","Hololive_CallShirakamiFubuki+1","Hololive_CallTokoyamiTowa+1","Hololive_CallShirakamiFubuki+1","Hololive_CallAyundaRisu+1","Hololive_CallMoonaHoshinova+1","Hololive_CallNakiriAyame+1","Hololive_CallMomosuzuNene+1","Hololive_CallYogiri+1","Hololive_CallYozoraMel+1","Hololive_CallFriendA+1","Hololive_CallAZKi+1","Hololive_CallSpadeEcho+1","Hololive_CallInugamiKorone+1","Hololive_CallAyundaRisu+1","Hololive_CallHoushouMarine+1","Hololive_CallManoAloe+1","Hololive_CallHoushouMarine+1","Hololive_CallSpadeEcho+1","Hololive_CallOzoraSubaru+1","Hololive_CallAyundaRisu+1","Hololive_CallKiryuuCoco+1"],"relics":["Hololive_TheStar","The Courier","Molten Egg 2","Toxic Egg 2","Frozen Egg 2","REME_ComplimentaryCards","REME_CardOfGreed","StoneCalendar","Ice Cream","reliquary:PurpleTingedLeaf","Coffee Dripper","Ornamental Fan","Blood Vial","reliquary:ExpiredCoupon","reliquary:Ember","Orichalcum","Hololive_LightStick","Pocketwatch","Pen Nib"],"acts_visited":["Gensokyo:Gensokyo"],"potions_floor_usage":[],"damage_taken":[{"damage":0.0,"enemies":"Slime Boss","floor":3.0,"turns":5.0},{"damage":0.0,"enemies":"The Guardian","floor":4.0,"turns":5.0},{"damage":0.0,"enemies":"Hexaghost","floor":5.0,"turns":5.0},{"damage":0,"enemies":"Champ","floor":9,"turns":7},{"damage":0,"enemies":"Automaton","floor":10,"turns":7},{"damage":0,"enemies":"Collector","floor":11,"turns":6},{"damage":0,"enemies":"Donu and Deca","floor":15,"turns":7},{"damage":0,"enemies":"Awakened One","floor":16,"turns":8},{"damage":0,"enemies":"Time Eater","floor":17,"turns":8},{"damage":0,"enemies":"The Heart","floor":18,"turns":8}],"seed_played":"-2572316521041488696","potions_obtained":[{"floor":9,"key":"LiquidMemories"},{"floor":10,"key":"Swift Potion"}],"is_trial":true,"path_per_floor":["$","R","M","M","M","T","$","R","M","M","M","T","$","R","M","M","M","M",null],"character_chosen":"Hololive_HololiveCharacter","items_purchased":["Hololive_CallManoAloe+1","Hololive_CallShiroganeNoel+1","Hololive_CallManoAloe+1","REME_CardOfGreed","Hololive_CallInugamiKorone+1","Hololive_CallMoonaHoshinova+1","Hololive_CallMurasakiShion+1","Hololive_CallAkaiHaato+1","Hololive_CallUsadaPekora+1","Hololive_CallNatsuiroMatsuri+1","Hololive_CallTokoyamiTowa+1","Hololive_CallShirakamiFubuki+1","Hololive_CallAyundaRisu+1","Hololive_CallMoonaHoshinova+1","Hololive_CallNakiriAyame+1","Hololive_CallMomosuzuNene+1","Hololive_CallYogiri+1","Hololive_CallSpadeEcho+1","Hololive_CallInugamiKorone+1","Hololive_CallAyundaRisu+1","Hololive_CallHoushouMarine+1","Hololive_CallManoAloe+1","Hololive_CallHoushouMarine+1"],"campfire_rested":0,"item_purchase_floors":[1,1,1,1,1,1,1,1,1,1,7,7,7,7,7,7,7,13,13,13,13,13,13],"current_hp_per_floor":[27,27,27,27,27,27,27,27,33,36,39,39,39,39,42,45,48,51],"gold":511,"neow_bonus":"","is_daily":false,"chose_seed":false,"campfire_upgraded":3,"win_rate":0.0,"timestamp":1612417721,"path_taken":["$","R","M","M","M","T","$","R","M","M","M","T","$","R","M","M","M","M"],"items_purchased_type":["Card","Card","Card","Relic","Card","Card","Card","Card","Card","Card","Card","Card","Card","Card","Card","Card","Card","Card","Card","Card","Card","Card","Card"],"build_version":"2020-12-22","purchased_purges":0,"victory":true,"max_hp_per_floor":[30,30,30,30,30,30,30,30,33,36,39,39,39,39,42,45,48,51],"card_choices":[],"player_experience":576855,"relics_obtained":[{"floor":3.0,"key":"StoneCalendar"},{"floor":4.0,"key":"Ice Cream"},{"floor":5.0,"key":"reliquary:PurpleTingedLeaf"},{"floor":9,"key":"Ornamental Fan"},{"floor":10,"key":"Blood Vial"},{"floor":11,"key":"reliquary:ExpiredCoupon"},{"floor":15,"key":"Orichalcum"},{"floor":16,"key":"Hololive_LightStick"},{"floor":17,"key":"Pocketwatch"},{"floor":18,"key":"Pen Nib"}],"event_choices":[],"is_beta":false,"boss_relics":[{"not_picked":["Hololive_TopUpMoneyS","Pantograph"],"picked":"Coffee Dripper"},{"not_picked":["Runic Dome","Calling Bell"],"picked":"reliquary:Ember"}],"items_purged_floors":[],"is_endless":false,"potions_floor_spawned":[9,10,16,17],"ascension_level":20}}