{"host":"tm3ghj8mno6gwywm","time":1612401440,"event":{"mods":["2.2 Compatiblity","AchievementEnabler","Bard","BaseMod","Beaked The Cultist","Better Third Choice","Colored Map","Colored Powertips","Conspire","Downfall","Glutton Mod","GungeonMod","Halation","Hermit","Hubris","Infinite Spire","Jorbs\u0027s Wanderer Trilogy","Mad Scientist","Marisa????????","Marked Mod","Mimic Mod","Minty Spire (QoL Compilation)","Potionbrewer","Quick Restart","Replay The Spire","Shade Mod","Shop Mod","Somnambulant","Spicy Shops","StSLib","SuperFastMode","The Bug Knight","The Construct","The Cursed","The Disciple","The Hierophant","The IronCluck","The Judge","The Jungle","The Necromancer","The Runesmith","The Servant 0.9.4","egg"],"gold_per_floor":[409,434,450,466,477,505,505,406,446,446,464,162,192,192,192,295,295,315,315,315,326,340,372,392,6,78,78,97,110,121,133,133,234,234,253,267,280,280,74,108,118,118,157,157,157,175,11,21,21,21,21,21,21,53,53,53],"floor_reached":55,"language":"ENG","playtime":1778,"items_purged":[],"score":683,"play_id":"dc31a539-c004-4405-a027-888a07aef541","local_time":"20210203201720","is_ascension_mode":false,"campfire_choices":[{"floor":7,"key":"RECALL"},{"data":"Eruption","floor":10,"key":"SMITH"},{"floor":15,"key":"REST"},{"floor":27,"key":"REST"},{"data":"Defend_P","floor":32,"key":"SMITH"},{"floor":42,"key":"REST"},{"floor":45,"key":"REST"},{"floor":49,"key":"REST"},{"data":"Defend_P","floor":52,"key":"SMITH"}],"circlet_count":0,"master_deck":["Strike_P","Strike_P","Strike_P","Strike_P","Defend_P","Defend_P","Defend_P+1","Defend_P","Eruption+1","Vigilance+1","Ragnarok+1","LikeWater+1","Tantrum+1","CrushJoints+1","Indignation+1","CrushJoints+1","BowlingBash+1","WreathOfFlame+1","ClearTheMind+1","Study+1","Adaptation+1","DevaForm+1","Consecrate+1","Evaluate+1","CrushJoints+1","Swivel+1","EmptyFist+1","Wallop+1","TalkToTheHand+1","Fasting2+1","Crescendo+1","SashWhip+1","Establishment+1","ForeignInfluence+1","ForeignInfluence+1","FearNoEvil+1","FlurryOfBlows+1"],"relics":["PureWater","Membership Card","Quantum Egg","Frozen Egg 2","Toxic Egg 2","Molten Egg 2","Black Star","Mummified Hand","Lizard Tail","WingedGreaves","Old Coin","hexamod:BolsterEngine","Simple Rune","halation:BlackBeret","Lee\u0027s Waffle","halation:VictoryRuler","HandDrill","Gremlin Horn","Guardian:PocketSentry","hubris:GlazedTorus","PreservedInsect","VioletLotus","War Paint","Omamori","DemoMod:ClearGuonStone","TungstenRod","Whetstone","Melange","hubris:BottledRain","beaked:SacredDeck","hubris:EmptyBottle","Bottled Tornado","Nunchaku","sneckomod:BlankCard","infinitespire:PuzzleCube","Replay:Baseball","Oddly Smooth Stone","halation:Diary","ReplayTheSpireMod:TigerMarble","hubris:ToyBattleship"],"acts_visited":["Exordium","TheCity","TheBeyond","TheEnding"],"potions_floor_usage":[33,33,33,46,48,50,50,54,55],"damage_taken":[{"damage":0,"enemies":"Small Slimes","floor":1,"turns":1},{"damage":0,"enemies":"conspire:MimicChest","floor":2,"turns":2},{"damage":0,"enemies":"Jaw Worm","floor":3,"turns":2},{"damage":0,"enemies":"Cultist","floor":4,"turns":2},{"damage":0,"enemies":"Looter","floor":5,"turns":1},{"damage":6,"enemies":"3 Sentries","floor":6,"turns":4},{"damage":2,"enemies":"Large Slime","floor":9,"turns":3},{"damage":0,"enemies":"Large Slime","floor":11,"turns":1},{"damage":0,"enemies":"HollowMod:MossKnight","floor":13,"turns":2},{"damage":9,"enemies":"The Guardian","floor":16,"turns":5},{"damage":16,"enemies":"conspire:FuzzyDice","floor":18,"turns":2},{"damage":0,"enemies":"Shell Parasite","floor":21,"turns":2},{"damage":0,"enemies":"Cultist and Chosen","floor":22,"turns":3},{"damage":1,"enemies":"HollowMod:Nosk","floor":23,"turns":3},{"damage":0,"enemies":"Sentry and Sphere","floor":24,"turns":1},{"damage":0,"enemies":"Centurion and Healer","floor":28,"turns":3},{"damage":0,"enemies":"3 Cultists","floor":29,"turns":3},{"damage":0,"enemies":"Shelled Parasite and Fungi","floor":30,"turns":2},{"damage":0,"enemies":"Cultist and Chosen","floor":31,"turns":6},{"damage":9,"enemies":"Automaton","floor":33,"turns":4},{"damage":7,"enemies":"3 Darklings","floor":35,"turns":4},{"damage":0,"enemies":"3 Shapes","floor":36,"turns":2},{"damage":31,"enemies":"Writhing Mass","floor":37,"turns":3},{"damage":0,"enemies":"Nemesis","floor":40,"turns":3},{"damage":37,"enemies":"Spire Growth","floor":41,"turns":4},{"damage":0,"enemies":"Maw","floor":43,"turns":3},{"damage":6,"enemies":"Maw","floor":46,"turns":4},{"damage":4,"enemies":"Writhing Mass","floor":48,"turns":3},{"damage":29,"enemies":"Replay:Hell Engine","floor":50,"turns":4},{"damage":1,"enemies":"Shield and Spear","floor":54,"turns":5},{"damage":142,"enemies":"The Heart","floor":55,"turns":6}],"seed_played":"3555837697674017652","potions_obtained":[{"floor":4,"key":"bronze:BurnAndBuffPotion"},{"floor":6,"key":"Explosive Potion"},{"floor":13,"key":"Toxic Potion"},{"floor":18,"key":"Weak Potion"},{"floor":29,"key":"Strength Potion"},{"floor":33,"key":"ColorlessPotion"},{"floor":36,"key":"Block Potion"},{"floor":41,"key":"DemoMod:LeadSkinPotion"}],"is_trial":false,"path_per_floor":["M","?","M","M","M","E","R","$","MIM","R","M","$","E","?","R","B",null,"M","?","?","M","M","E","M","$","T","R","M","M","M","M","R","B",null,"M","M","M","?","$","E","M","R","MIM","?","R","M","$","M","R","B",null,"R","$","E","B"],"character_chosen":"WATCHER","items_purchased":["Lee\u0027s Waffle","BowlingBash+1","HandDrill","Gremlin Horn","Study+1","Guardian:PocketSentry","DemoMod:ClearGuonStone","TungstenRod","Whetstone","Melange","hubris:EmptyBottle","Bottled Tornado","Replay:Baseball","Oddly Smooth Stone","halation:Diary"],"campfire_rested":5,"item_purchase_floors":[8,8,12,12,12,12,25,25,25,25,39,39,47,47,47],"current_hp_per_floor":[72,72,72,72,72,66,66,79,77,77,77,77,77,77,79,70,79,63,63,63,63,63,62,62,62,62,79,79,79,79,79,79,70,79,72,72,41,41,41,41,4,27,27,27,50,44,44,40,63,34,79,79,79,78,0,0],"gold":53,"neow_bonus":"ONE_RANDOM_RARE_CARD","is_daily":false,"chose_seed":false,"campfire_upgraded":3,"win_rate":0.0,"timestamp":1612401440,"path_taken":["M","?","M","M","M","E","R","$","MIM","R","M","$","E","?","R","BOSS","M","?","?","M","M","E","M","$","T","R","M","?","M","M","R","BOSS","M","M","?","?","$","E","M","R","MIM","?","R","?","$","M","R","BOSS","R","$","E","BOSS"],"items_purchased_type":["Relic","Card","Relic","Relic","Card","Relic","Relic","Relic","Relic","Relic","Relic","Relic","Relic","Relic","Relic"],"build_version":"2020-12-22","purchased_purges":0,"victory":false,"max_hp_per_floor":[72,72,72,72,72,72,72,79,79,79,79,79,79,79,79,79,79,79,79,79,79,79,79,79,79,79,79,79,79,79,79,79,79,79,79,79,79,79,79,79,79,79,79,79,79,79,79,79,79,79,79,79,79,79,79,79],"card_choices":[{"not_picked":["WreathOfFlame+1","MarkedMod:GentlePulse+1"],"picked":"FlyingSleeves+1","floor":1},{"not_picked":["EmptyBody+1","Replay:Vibes+1"],"picked":"LikeWater+1","floor":2},{"not_picked":["WreathOfFlame+1","Replay:AtTheReady+1"],"picked":"Tantrum+1","floor":3},{"not_picked":["Weave+1","Replay:Battleflow+1"],"picked":"CrushJoints+1","floor":4},{"not_picked":["Replay:AllIn+1","WreathOfFlame+1"],"picked":"Indignation+1","floor":5},{"not_picked":["Halt+1","Crescendo+1"],"picked":"CrushJoints+1","floor":6},{"not_picked":["FlyingSleeves+1","Worship+1"],"picked":"WreathOfFlame+1","floor":9},{"not_picked":["BowlingBash+1","MarkedMod:GentlePulse+1"],"picked":"ClearTheMind+1","floor":11},{"not_picked":["Tantrum+1","MarkedMod:NorthStar+1"],"picked":"Adaptation+1","floor":13},{"not_picked":["Judgement+1","LessonLearned+1"],"picked":"DevaForm+1","floor":16},{"not_picked":["CutThroughFate+1","ThirdEye+1"],"picked":"Consecrate+1","floor":18},{"not_picked":["ThirdEye+1","Replay:Hum+1"],"picked":"CrushJoints+1","floor":21},{"not_picked":["CarveReality+1","EmptyBody+1"],"picked":"Swivel+1","floor":22},{"not_picked":["Prostrate+1","SignatureMove+1"],"picked":"EmptyFist+1","floor":23},{"not_picked":["Swivel+1","MarkedMod:GracefulMovements+1"],"picked":"Wallop+1","floor":24},{"not_picked":["WheelKick+1","Protect+1","Worship+1"],"picked":"SKIP","floor":28},{"not_picked":["CarveReality+1","Replay:Hum+1"],"picked":"TalkToTheHand+1","floor":29},{"not_picked":["Replay:AtTheReady+1","CutThroughFate+1","JustLucky+1"],"picked":"SKIP","floor":30},{"not_picked":["Evaluate+1","MarkedMod:FirstStrike+1","BowlingBash+1"],"picked":"SKIP","floor":31},{"not_picked":["Replay:DivineShield+1","MarkedMod:Acupuncture+1","Replay:ManipulateFuture+1"],"picked":"SKIP","floor":35},{"not_picked":["FollowUp+1","Prostrate+1"],"picked":"Crescendo+1","floor":36},{"not_picked":["WindmillStrike+1","Weave+1"],"picked":"SashWhip+1","floor":37},{"not_picked":["WaveOfTheHand+1","BowlingBash+1"],"picked":"Establishment+1","floor":40},{"not_picked":["Sanctity+1","SashWhip+1"],"picked":"ForeignInfluence+1","floor":41},{"not_picked":["JustLucky+1","Evaluate+1"],"picked":"FearNoEvil+1","floor":46},{"not_picked":["EmptyFist+1","CrushJoints+1","Perseverance+1"],"picked":"SKIP","floor":48},{"not_picked":["SashWhip+1","TalkToTheHand+1"],"picked":"FlurryOfBlows+1","floor":54}],"player_experience":861533,"relics_obtained":[{"floor":2,"key":"hexamod:BolsterEngine"},{"floor":6,"key":"Simple Rune"},{"floor":6,"key":"halation:BlackBeret"},{"floor":9,"key":"halation:VictoryRuler"},{"floor":13,"key":"hubris:GlazedTorus"},{"floor":13,"key":"PreservedInsect"},{"floor":23,"key":"War Paint"},{"floor":23,"key":"Omamori"},{"floor":26,"key":"hubris:BottledRain"},{"floor":40,"key":"Nunchaku"},{"floor":40,"key":"sneckomod:BlankCard"},{"floor":43,"key":"infinitespire:PuzzleCube"},{"floor":54,"key":"ReplayTheSpireMod:TigerMarble"},{"floor":54,"key":"hubris:ToyBattleship"}],"event_choices":[{"damage_healed":0,"gold_gain":0,"player_choice":"Grow","damage_taken":0,"max_hp_gain":0,"max_hp_loss":0,"event_name":"Living Wall","floor":14,"gold_loss":0,"cards_upgraded":["Vigilance"]},{"damage_healed":0,"gold_gain":0,"player_choice":"Ignored","damage_taken":0,"max_hp_gain":0,"max_hp_loss":0,"event_name":"N\u0027loth","floor":20,"gold_loss":0},{"cards_removed":["FlyingSleeves"],"damage_healed":0,"gold_gain":0,"player_choice":"Removed Attack","damage_taken":0,"max_hp_gain":0,"max_hp_loss":0,"event_name":"Falling","floor":38,"gold_loss":0},{"damage_healed":0,"gold_gain":0,"player_choice":"Copied","damage_taken":0,"max_hp_gain":0,"max_hp_loss":0,"event_name":"Duplicator","floor":44,"gold_loss":0,"cards_obtained":["ForeignInfluence"]}],"is_beta":false,"boss_relics":[{"not_picked":["halation:PlatinumPhoenix","Kintsugi"],"picked":"VioletLotus"},{"not_picked":["Replay:Cursed D8","infinitespire:Cupcake"],"picked":"beaked:SacredDeck"}],"items_purged_floors":[],"is_endless":false,"potions_floor_spawned":[4,6,13,16,18,21,29,33,36,41,46],"killed_by":"The Heart","ascension_level":0}}