{"host":"ELF","time":1612476553,"event":{"mods":["BaseMod","Bestiary","Minty Spire (QoL Compilation)","Relic Stats","Slay the Relics Exporter"],"gold_per_floor":[167,167,167,187,187,187,212,212,212,230,230,68,68,88,88,214,214,237,260,260,260],"floor_reached":20,"language":"ENG","playtime":1061,"items_purged":[],"score":172,"play_id":"81a3086d-787a-4f29-af86-f5ee7e45776a","local_time":"20210204160913","is_ascension_mode":false,"campfire_choices":[{"floor":6,"key":"DIG"},{"floor":8,"key":"DIG"},{"data":"Reprogram","floor":11,"key":"SMITH"},{"floor":15,"key":"DIG"}],"circlet_count":0,"master_deck":["Strike_B","Strike_B","Defend_B","Defend_B+1","Defend_B","Defend_B","Zap","Dualcast","Sweeping Beam","Glacier","Gash","Reprogram+1","Electrodynamics","Genetic Algorithm","Creative AI","Reprogram","Go for the Eyes"],"relics":["Tiny House","Shovel","Nunchaku","PreservedInsect","Potion Belt","Golden Idol","Tiny Chest","Busted Crown"],"acts_visited":["Exordium","TheCity"],"potions_floor_usage":[16],"damage_taken":[{"damage":0,"enemies":"2 Louse","floor":1,"turns":3},{"damage":0,"enemies":"Cultist","floor":4,"turns":4},{"damage":18,"enemies":"Gremlin Nob","floor":7,"turns":6},{"damage":0,"enemies":"Small Slimes","floor":10,"turns":4},{"damage":12,"enemies":"3 Louse","floor":14,"turns":2},{"damage":14,"enemies":"Hexaghost","floor":16,"turns":15},{"damage":31,"enemies":"Chosen","floor":18,"turns":10},{"damage":28,"enemies":"Spheric Guardian","floor":19,"turns":9},{"damage":25,"enemies":"Centurion and Healer","floor":20,"turns":6}],"seed_played":"14385","potions_obtained":[{"floor":0,"key":"GamblersBrew"},{"floor":7,"key":"FocusPotion"},{"floor":14,"key":"BlessingOfTheForge"}],"is_trial":false,"path_per_floor":["M","?","?","M","?","R","E","R","T","M","R","$","?","M","R","B",null,"M","M","M"],"character_chosen":"DEFECT","items_purchased":["Electrodynamics"],"campfire_rested":0,"item_purchase_floors":[12],"current_hp_per_floor":[80,68,68,68,68,68,50,50,50,50,50,50,30,18,18,4,80,49,21,0,0],"gold":260,"neow_bonus":"BOSS_RELIC","is_daily":false,"chose_seed":true,"campfire_upgraded":1,"win_rate":0.0,"timestamp":1612476553,"path_taken":["M","?","?","?","?","R","E","R","T","M","R","$","?","M","R","BOSS","M","M","M"],"items_purchased_type":["Card"],"build_version":"2020-12-18","purchased_purges":0,"victory":false,"max_hp_per_floor":[80,80,80,80,80,80,80,80,80,80,80,80,80,80,80,80,80,80,80,80,80],"relic_stats":{"Nunchaku":[6],"Shovel":3,"Busted Crown":4,"counters":[9,59],"Golden Idol":39,"Tiny Chest":0,"PreservedInsect":0,"obtain_stats":[{"Potion Belt":8,"Nunchaku":6,"Tiny House":0,"Shovel":2,"Busted Crown":17,"Golden Idol":13,"Tiny Chest":15,"PreservedInsect":7,"Cracked Core":0},{"Potion Belt":3,"Nunchaku":2,"Tiny House":0,"Shovel":1,"Busted Crown":6,"Golden Idol":4,"Tiny Chest":5,"PreservedInsect":3,"Cracked Core":0},{"Potion Belt":13,"Nunchaku":7,"Tiny House":0,"Shovel":3,"Busted Crown":34,"Golden Idol":17,"Tiny Chest":19,"PreservedInsect":13,"Cracked Core":0}]},"card_choices":[{"not_picked":["Beam Cell","Compile Driver"],"picked":"Sweeping Beam","floor":0},{"not_picked":["Hologram","Blizzard"],"picked":"Glacier","floor":1},{"not_picked":["Sweeping Beam","Undo"],"picked":"Gash","floor":4},{"not_picked":["Auto Shields","Ball Lightning","Streamline"],"picked":"SKIP","floor":7},{"not_picked":["Redo","Sweeping Beam"],"picked":"Reprogram","floor":10},{"not_picked":["Coolheaded","Leap"],"picked":"Genetic Algorithm","floor":14},{"not_picked":["Meteor Strike","Multi-Cast"],"picked":"Creative AI","floor":16},{"not_picked":[],"picked":"Reprogram","floor":18},{"not_picked":[],"picked":"Go for the Eyes","floor":19}],"player_experience":3395444,"relics_obtained":[{"floor":6,"key":"Nunchaku"},{"floor":7,"key":"PreservedInsect"},{"floor":8,"key":"Potion Belt"},{"floor":15,"key":"Tiny Chest"}],"event_choices":[{"damage_healed":0,"gold_gain":0,"player_choice":"Success","damage_taken":12,"relics_obtained":["Shovel"],"max_hp_gain":0,"max_hp_loss":0,"event_name":"Scrap Ooze","floor":2,"gold_loss":0},{"cards_removed":["Strike_B"],"damage_healed":0,"gold_gain":0,"player_choice":"Card Removal","damage_taken":0,"max_hp_gain":0,"max_hp_loss":0,"event_name":"Wheel of Change","floor":3,"gold_loss":0},{"cards_removed":["Strike_B"],"damage_healed":0,"gold_gain":0,"player_choice":"Forget","damage_taken":0,"max_hp_gain":0,"max_hp_loss":0,"event_name":"Living Wall","floor":5,"gold_loss":0},{"damage_healed":0,"gold_gain":0,"player_choice":"Take Damage","damage_taken":20,"relics_obtained":["Golden Idol"],"max_hp_gain":0,"max_hp_loss":0,"event_name":"Golden Idol","floor":13,"gold_loss":0}],"is_beta":true,"boss_relics":[{"not_picked":["Ectoplasm","Snecko Eye"],"picked":"Busted Crown"}],"items_purged_floors":[],"is_endless":false,"potions_floor_spawned":[7,14],"killed_by":"Centurion and Healer","ascension_level":0}}