{"host":"m7jrdcbl89w2s34c","time":1612466269,"event":{"mods":["AchievementEnabler","BaseMod","Bestiary","Block Reminder","Colored Map","Colored Powertips","Minty Spire (QoL Compilation)","Permanent Neow","Relic Stats","StSLib"],"gold_per_floor":[112,112,126,76,24,24,60,60,138,172,87,121,121,140,140,245,245,265,21,21,46,91,91,91,91],"floor_reached":24,"language":"ENG","playtime":1305,"items_purged":["Strike_B"],"score":331,"play_id":"8a46e783-4286-4943-8fbd-b8cce743e8b0","local_time":"20210204201749","is_ascension_mode":true,"campfire_choices":[{"data":"Tempest","floor":6.0,"key":"SMITH"},{"data":"Genetic Algorithm","floor":8.0,"key":"SMITH"},{"floor":13,"key":"REST"},{"data":"Ball Lightning","floor":15,"key":"SMITH"},{"data":"Go for the Eyes","floor":23,"key":"SMITH"}],"circlet_count":0,"master_deck":["Defend_B+1","Defend_B","Defend_B","Zap","Dualcast","Hello World","Tempest+1","Genetic Algorithm+1","Ball Lightning+1","Turbo","Go for the Eyes+1","Consume+1","Hologram","Chill","Steam","Creative AI+1","Cold Snap","Sunder+1","Bite","Bite","Bite","Bite","Bite"],"relics":["Cracked Core","CeramicFish","Bottled Flame","Frozen Egg 2","War Paint","Philosopher\u0027s Stone","Frozen Eye"],"acts_visited":["Exordium","TheCity"],"potions_floor_usage":[10,16,16,21],"damage_taken":[{"damage":2.0,"enemies":"Jaw Worm","floor":1.0,"turns":4.0},{"damage":5.0,"enemies":"2 Louse","floor":3.0,"turns":2.0},{"damage":18.0,"enemies":"Lagavulin","floor":7.0,"turns":6.0},{"damage":0,"enemies":"Gremlin Nob","floor":10,"turns":2},{"damage":34,"enemies":"3 Sentries","floor":12,"turns":4},{"damage":0,"enemies":"Cultist","floor":14,"turns":2},{"damage":17,"enemies":"The Guardian","floor":16,"turns":10},{"damage":18,"enemies":"Spheric Guardian","floor":18,"turns":4},{"damage":18,"enemies":"3 Byrds","floor":21,"turns":5},{"damage":54,"enemies":"Gremlin Leader","floor":24,"turns":7}],"seed_played":"5084902623870805264","potions_obtained":[{"floor":1.0,"key":"AttackPotion"},{"floor":3.0,"key":"GamblersBrew"},{"floor":12,"key":"Fire Potion"},{"floor":14,"key":"CultistPotion"},{"floor":18,"key":"AttackPotion"}],"is_trial":false,"path_per_floor":["M","?","M","?","$","R","E","R","T","E","$","E","R","M","R","B",null,"M","$","?","M","?","R","E"],"character_chosen":"DEFECT","items_purchased":["Ball Lightning","Consume","Hologram","Cold Snap","Frozen Eye"],"campfire_rested":1,"item_purchase_floors":[5,11,11,19,19],"current_hp_per_floor":[66,66,61,61,61,61,43,43,43,43,43,9,31,31,31,14,60,42,42,42,24,24,24,0,0],"gold":91,"neow_bonus":"TRANSFORM_CARD","is_daily":false,"chose_seed":false,"campfire_upgraded":4,"win_rate":0.0,"timestamp":1612466269,"path_taken":["M","?","M","?","?","R","E","R","T","E","$","E","R","M","R","BOSS","M","$","?","M","?","R","E"],"items_purchased_type":["Card","Card","Card","Card","Relic"],"build_version":"2020-12-22","purchased_purges":1,"victory":false,"max_hp_per_floor":[75,75,75,75,75,75,75,75,75,75,75,75,75,75,75,75,75,75,75,75,75,52,52,52,52],"relic_stats":{"counters":[10,46],"CeramicFish":126,"War Paint":["Defend_B","Consume"],"obtain_stats":[{"Frozen Eye":19,"Bottled Flame":9,"CeramicFish":7,"Philosopher\u0027s Stone":17,"Frozen Egg 2":10,"War Paint":12,"Cracked Core":0},{"Frozen Eye":8,"Bottled Flame":3,"CeramicFish":3,"Philosopher\u0027s Stone":7,"Frozen Egg 2":4,"War Paint":5,"Cracked Core":0},{"Frozen Eye":34,"Bottled Flame":12,"CeramicFish":12,"Philosopher\u0027s Stone":30,"Frozen Egg 2":14,"War Paint":18,"Cracked Core":0}]},"card_choices":[{"not_picked":["Barrage","Leap"],"picked":"Tempest","floor":1.0},{"not_picked":["Conserve Battery","Heatsinks"],"picked":"Genetic Algorithm","floor":3.0},{"not_picked":["Reboot","Reprogram"],"picked":"Turbo","floor":7.0},{"not_picked":["Leap","Streamline"],"picked":"Go for the Eyes","floor":10},{"not_picked":["Sweeping Beam","Turbo"],"picked":"Chill","floor":12},{"not_picked":["Steam Power","Redo"],"picked":"Steam","floor":14},{"not_picked":["Multi-Cast","Amplify"],"picked":"Creative AI+1","floor":16},{"not_picked":["Beam Cell","Aggregate","Turbo"],"picked":"SKIP","floor":18},{"not_picked":["Cold Snap","Steam"],"picked":"Sunder+1","floor":21}],"player_experience":202609,"relics_obtained":[{"floor":7.0,"key":"CeramicFish"},{"floor":9.0,"key":"Bottled Flame"},{"floor":10,"key":"Frozen Egg 2"},{"floor":12,"key":"War Paint"}],"event_choices":[{"damage_healed":0.0,"max_hp_gain":0.0,"max_hp_loss":0.0,"gold_gain":0.0,"event_name":"Liars Game","player_choice":"Ignored","floor":2.0,"gold_loss":0.0,"damage_taken":0.0},{"cards_removed":["Defend_B"],"damage_healed":0.0,"max_hp_gain":0.0,"max_hp_loss":0.0,"gold_gain":0.0,"event_name":"The Cleric","player_choice":"Card Removal","floor":4.0,"gold_loss":50.0,"damage_taken":0.0},{"damage_healed":0,"gold_gain":0,"player_choice":"Became a vampire","damage_taken":0,"max_hp_gain":0,"max_hp_loss":23,"event_name":"Vampires","floor":22,"gold_loss":0,"cards_obtained":["Bite","Bite","Bite","Bite","Bite"]}],"is_beta":false,"boss_relics":[{"not_picked":["Astrolabe","Inserter"],"picked":"Philosopher\u0027s Stone"}],"items_purged_floors":[19],"is_endless":false,"potions_floor_spawned":[1,3,12,14,18],"killed_by":"Gremlin Leader","ascension_level":6}}