{"host":"bplbr8uekuotory4","time":1612440118,"event":{"mods":["Act Like it!","BaseMod","GungeonMod","Hermit","KinomotoSakuraMod(木之本樱)","Marisa（F雨　魔理沙）","Minty Spire (QoL Compilation)","Prisma Mod","Quick Restart","Reimu（博丽灵梦）","SOS（斯巴达之子）","Spicy Shops","StSLib","TestMod","The Blackbeard","The Cursed","The Mystic","The Poker Player","The Saiyan","The Senshi","The Servant 0.9.4","Yuri Mod","[IsaacMod]以撒尖塔"],"gold_per_floor":[117,67,86,136,151,178,3,3,3,3,30,255,47,122,122,222,222,234,234,244,259,58,58,76,76,103,135,161,179,179,195,195,295,295,308,107,107,107,107,107,132,148,148,161,188,110,120,170,170,170,170,170,20,50,50],"floor_reached":56,"language":"ZHS","playtime":1392,"items_purged":["blackbeard:BlackbeardStrike","blackbeard:BlackbeardDefend","blackbeard:Cutlass","blackbeard:BlackbeardDefend","blackbeard:BlackbeardStrike","blackbeard:BlackbeardDefend","blackbeard:BlackbeardDefend","blackbeard:PirateEarring"],"score":2321,"play_id":"494fde30-d0f1-4820-9265-622defac2672","local_time":"20210204200158","is_ascension_mode":true,"campfire_choices":[{"data":"blackbeard:BeatUp","floor":8.0,"key":"SMITH"},{"data":"blackbeard:IntimidatingStrike","floor":15.0,"key":"SMITH"},{"data":"blackbeard:BoostMorale","floor":23,"key":"SMITH"},{"data":"blackbeard:RearmingStrike","floor":25,"key":"SMITH"},{"data":"blackbeard:CaptainsHat","floor":30,"key":"SMITH"},{"data":"blackbeard:GoldenDefense","floor":32,"key":"SMITH"},{"data":"blackbeard:GoldenCannonball","floor":40,"key":"SMITH"},{"floor":49,"key":"RECALL"},{"data":"blackbeard:PiratesWill","floor":52,"key":"SMITH"}],"circlet_count":0,"master_deck":["blackbeard:BeatUp+1","blackbeard:RearmingStrike+1","blackbeard:CaptainsHat+1","blackbeard:BoostMorale+1","blackbeard:GoldenCannonball+1","blackbeard:Toast+1","blackbeard:Provisioning+1","blackbeard:GoldenDefense+1","blackbeard:TacticalRetreat+1","blackbeard:GoldenStrike+1","blackbeard:FinalBarrage+1","blackbeard:Rum+1","blackbeard:CaptainsCabin+1","blackbeard:PiratesWill+1"],"relics":["blackbeard:LoadTheCannons","testmod-TestBox","HushsDoor","BookOfRevelations","testmod-CardMagician","TheBible","DeadEye","DemoMod:DecoyRelic","TuHaoJin","theSenshi:SailorFukuRelic","SteamSale","Runic Dome","BelialBook","yuri:PortableGlitches","DemoMod:Metronome","Akabeko","Red Mask","SlaversCollar","GuppysHead","GuppysHairball","DeathBook","Centennial Puzzle","Toolbox","Letter Opener","War Paint","Molten Egg 2","Ancient Tea Set","DemoMod:ClearGuonStone","DemoMod:GlassGuonStoneRelic","testmod-ObsoleteBoomerang","Void"],"acts_visited":["Exordium","TheCity","TheBeyond","TheEnding"],"potions_floor_usage":[16,16,16,28,33,33,41,45,50,55,55,55,55,55,55],"damage_taken":[{"damage":0.0,"enemies":"2 Louse","floor":1.0,"turns":1.0},{"damage":0.0,"enemies":"Jaw Worm","floor":3.0,"turns":1.0},{"damage":0.0,"enemies":"Hiden Room Battle","floor":4.0,"turns":1.0},{"damage":0.0,"enemies":"Cultist","floor":5.0,"turns":3.0},{"damage":0.0,"enemies":"Gremlin Nob","floor":6.0,"turns":2.0},{"damage":0.0,"enemies":"Lagavulin","floor":11.0,"turns":3.0},{"damage":6,"enemies":"The Guardian","floor":16,"turns":5},{"damage":0,"enemies":"Chosen","floor":18,"turns":1},{"damage":7,"enemies":"2 Thieves","floor":20,"turns":2},{"damage":1,"enemies":"Centurion and Healer","floor":21,"turns":2},{"damage":0,"enemies":"Snake Plant","floor":24,"turns":2},{"damage":0,"enemies":"Book of Stabbing","floor":27,"turns":2},{"damage":6,"enemies":"Masked Bandits","floor":28,"turns":2},{"damage":0,"enemies":"Sentry and Sphere","floor":29,"turns":3},{"damage":0,"enemies":"Chosen and Byrds","floor":31,"turns":2},{"damage":0,"enemies":"Automaton","floor":33,"turns":3},{"damage":0,"enemies":"3 Darklings","floor":35,"turns":2},{"damage":0,"enemies":"Nemesis","floor":41,"turns":5},{"damage":8,"enemies":"3 Shapes","floor":42,"turns":1},{"damage":0,"enemies":"Sphere and 2 Shapes","floor":44,"turns":2},{"damage":2,"enemies":"Reptomancer","floor":45,"turns":3},{"damage":0,"enemies":"4 Shapes","floor":47,"turns":2},{"damage":0,"enemies":"Mind Bloom Boss Battle","floor":48,"turns":1},{"damage":0,"enemies":"Time Eater","floor":50,"turns":3},{"damage":0,"enemies":"Shield and Spear","floor":54,"turns":2},{"damage":0,"enemies":"The Heart","floor":55,"turns":3}],"seed_played":"-5674730437051347272","potions_obtained":[{"floor":1.0,"key":"Explosive Potion"},{"floor":5.0,"key":"PowerPotion"},{"floor":6.0,"key":"SkillPotion"},{"floor":11.0,"key":"AttackPotion"},{"floor":20,"key":"SkillPotion"},{"floor":24,"key":"testmod-SpacePotion"},{"floor":27,"key":"Ancient Potion"},{"floor":45,"key":"blackbeard:OrangeJuicePotion"}],"is_trial":false,"path_per_floor":["M","?","M","?","M","E","$","R","T","?","E","?","$","?","R","B",null,"M","?","M","M","$","R","M","R","T","E","?","M","R","M","R","B",null,"M","$","?","?","T","R","E","M","T","M","E","$","M","?","R","B",null,"R","$","E","B",null],"character_chosen":"BLACKBEARD_CLASS","items_purchased":["SteamSale","BelialBook","blackbeard:BoostMorale","yuri:PortableGlitches","GuppysHead","GuppysHairball","DeathBook","Centennial Puzzle","Toolbox","DemoMod:ClearGuonStone","testmod-TimePotion"],"campfire_rested":0,"item_purchase_floors":[13,17,17,22,34,34,34,36,36,46,53],"current_hp_per_floor":[68,68,68,53,53,53,53,53,53,53,53,53,53,42,42,36,51,51,107,100,99,99,99,99,99,99,99,93,93,93,93,93,93,75,75,75,75,75,75,75,75,67,67,67,65,65,65,65,65,65,73,73,73,73,75],"gold":50,"neow_bonus":"THREE_ENEMY_KILL","is_daily":false,"chose_seed":false,"campfire_upgraded":8,"win_rate":0.0,"timestamp":1612440118,"path_taken":["M","?","M","?","?","E","$","R","T","?","E","?","$","?","R","BOSS","M","?","?","M","$","R","M","R","T","E","?","M","R","?","R","BOSS","M","$","?","?","?","R","E","?","T","M","E","$","M","?","R","BOSS","R","$","E","BOSS"],"items_purchased_type":["Relic","Relic","Card","Relic","Relic","Relic","Relic","Relic","Relic","Relic","Potion"],"build_version":"2020-12-22","purchased_purges":8,"victory":true,"max_hp_per_floor":[75,75,75,75,75,75,75,75,75,75,75,75,75,75,75,75,56,56,112,112,112,112,112,112,112,112,112,112,112,112,112,112,112,75,75,75,75,75,75,75,75,75,75,75,75,75,75,75,75,75,75,75,75,75,75],"card_choices":[{"not_picked":[],"picked":"Bomb","floor":0.0},{"not_picked":["blackbeard:CannonballSupply","blackbeard:PirateHook"],"picked":"blackbeard:BeatUp","floor":1.0},{"not_picked":["blackbeard:BlindAttacks","blackbeard:Upgrade","blackbeard:GoldenStrike"],"picked":"SKIP","floor":3.0},{"not_picked":["blackbeard:CannonballSupply","blackbeard:Sword"],"picked":"blackbeard:RearmingStrike","floor":5.0},{"not_picked":["blackbeard:AgileStrike","blackbeard:FieryDefense","blackbeard:Dagger"],"picked":"SKIP","floor":6.0},{"not_picked":["blackbeard:RemoveScurvy","blackbeard:DelayedPain","blackbeard:Fencing"],"picked":"SKIP","floor":11.0},{"not_picked":["blackbeard:ReapersScythe","blackbeard:TheDrunkenSailor"],"picked":"blackbeard:CaptainsHat","floor":16},{"not_picked":["blackbeard:BeatUp","blackbeard:Sword+1","blackbeard:FishingNets"],"picked":"SKIP","floor":18},{"not_picked":["blackbeard:PowderKeg","blackbeard:Fencing+1"],"picked":"blackbeard:GoldenCannonball","floor":20},{"not_picked":["blackbeard:JollyRoger","blackbeard:BlindAttacks+1"],"picked":"blackbeard:Toast","floor":21},{"not_picked":["blackbeard:GoldenDefense","blackbeard:Shrapnel","blackbeard:Toast"],"picked":"SKIP","floor":24},{"not_picked":["blackbeard:SwordDance","blackbeard:BrownPants"],"picked":"blackbeard:Provisioning+1","floor":27},{"not_picked":["blackbeard:Eyepatch","blackbeard:Sharpening"],"picked":"blackbeard:GoldenDefense","floor":28},{"not_picked":["blackbeard:Boarding","blackbeard:DeadlyArsenal"],"picked":"blackbeard:TacticalRetreat+1","floor":29},{"not_picked":["blackbeard:GoldenDefense","blackbeard:WoodenLeg"],"picked":"blackbeard:GoldenStrike+1","floor":31},{"not_picked":["blackbeard:TheDrunkenSailor","blackbeard:WeaponMastery"],"picked":"blackbeard:FinalBarrage","floor":33},{"not_picked":["blackbeard:Shrapnel","blackbeard:RearmingStrike"],"picked":"blackbeard:Rum+1","floor":35},{"not_picked":["blackbeard:TacticalRetreat+1","blackbeard:DelayedPain+1"],"picked":"blackbeard:CaptainsCabin","floor":41},{"not_picked":["blackbeard:ArmorUp+1","blackbeard:Sharpening+1"],"picked":"blackbeard:PirateEarring","floor":42},{"not_picked":["blackbeard:WoodenLeg","blackbeard:WiseDefense+1","blackbeard:PowderKeg+1"],"picked":"SKIP","floor":44},{"not_picked":["blackbeard:Spear","blackbeard:GoldenStrike+1","blackbeard:GoldenRain+1"],"picked":"SKIP","floor":45},{"not_picked":["blackbeard:DoubleCannonball+1","blackbeard:CannonBarrage","blackbeard:Fencing"],"picked":"SKIP","floor":47},{"not_picked":["blackbeard:ArmorUp","blackbeard:CloakAndCannonball"],"picked":"blackbeard:PiratesWill","floor":48},{"not_picked":["blackbeard:Dagger","blackbeard:WiseDefense","blackbeard:Fencing"],"picked":"SKIP","floor":54}],"player_experience":1111792,"relics_obtained":[{"floor":4.0,"key":"TheBible"},{"floor":4.0,"key":"DeadEye"},{"floor":6.0,"key":"DemoMod:DecoyRelic"},{"floor":11.0,"key":"TuHaoJin"},{"floor":26,"key":"DemoMod:Metronome"},{"floor":27,"key":"Akabeko"},{"floor":28,"key":"Red Mask"},{"floor":39,"key":"Letter Opener"},{"floor":41,"key":"War Paint"},{"floor":43,"key":"Molten Egg 2"},{"floor":45,"key":"Ancient Tea Set"},{"floor":48,"key":"testmod-ObsoleteBoomerang"},{"floor":54,"key":"Void"}],"event_choices":[{"cards_removed":["blackbeard:BlackbeardStrike"],"damage_healed":0.0,"max_hp_gain":0.0,"max_hp_loss":0.0,"gold_gain":0.0,"event_name":"The Cleric","player_choice":"Card Removal","floor":2.0,"gold_loss":50.0,"damage_taken":0.0},{"damage_healed":0.0,"max_hp_gain":0.0,"max_hp_loss":0.0,"gold_gain":0.0,"event_name":"HidenRoomEvent","player_choice":"Fight","floor":4.0,"gold_loss":0.0,"damage_taken":0.0},{"cards_removed":["blackbeard:BlackbeardStrike"],"damage_healed":0.0,"max_hp_gain":0.0,"max_hp_loss":0.0,"gold_gain":0.0,"event_name":"Purifier","player_choice":"Purged","floor":10.0,"gold_loss":0.0,"damage_taken":0.0},{"damage_healed":0.0,"max_hp_gain":0.0,"max_hp_loss":0.0,"gold_gain":225.0,"event_name":"blackbeard:Ssssserpent","player_choice":"YARR","floor":12.0,"gold_loss":0.0,"damage_taken":0.0,"relics_obtained":["theSenshi:SailorFukuRelic"]},{"damage_healed":0.0,"max_hp_gain":0.0,"max_hp_loss":0.0,"gold_gain":75.0,"event_name":"World of Goop","player_choice":"Gather Gold","floor":14.0,"gold_loss":0.0,"damage_taken":11.0},{"damage_healed":0,"gold_gain":0,"player_choice":"Swap Relic","damage_taken":0,"relics_obtained":["testmod-HarvestTotem"],"max_hp_gain":0,"max_hp_loss":0,"event_name":"给自己的盒子","floor":19,"relics_lost":["testmod-HarvestTotem"],"gold_loss":0},{"damage_healed":0,"gold_gain":0,"player_choice":"Fought Bandits","damage_taken":0,"max_hp_gain":0,"max_hp_loss":0,"event_name":"Masked Bandits","floor":28,"gold_loss":0},{"damage_healed":0,"gold_gain":0,"player_choice":"Forge","damage_taken":0,"max_hp_gain":0,"max_hp_loss":0,"event_name":"Accursed Blacksmith","floor":37,"gold_loss":0,"cards_upgraded":["blackbeard:FinalBarrage"]},{"cards_removed":["blackbeard:IntimidatingStrike"],"damage_healed":0,"gold_gain":0,"player_choice":"Removed Attack","damage_taken":0,"max_hp_gain":0,"max_hp_loss":0,"event_name":"Falling","floor":38,"gold_loss":0},{"damage_healed":0,"gold_gain":0,"player_choice":"Fight","damage_taken":0,"max_hp_gain":0,"max_hp_loss":0,"event_name":"MindBloom","floor":48,"gold_loss":0}],"is_beta":false,"boss_relics":[{"not_picked":["testmod-BatchProcessingSystem","testmod-NegativeEmotionEnhancer"],"picked":"Runic Dome"},{"not_picked":[]},{"not_picked":["testmod-Nine","blackbeard:SoberMinded"],"picked":"SlaversCollar"},{"not_picked":[]}],"items_purged_floors":[7,7,13,17,22,34,36,53],"is_endless":false,"potions_floor_spawned":[1,5,6,11,20,24,27,29,41,45,48],"ascension_level":9}}