{"host":"f0gpob8hq9vgebej","time":1612458402,"event":{"mods":["AchievementEnabler","BaseMod","Minty Spire (QoL Compilation)","Quick Restart","SuperFastMode"],"gold_per_floor":[116,134,149,169,13,13,24,36,62,62,94,94,109,123,123,123,123],"floor_reached":16,"language":"KOR","playtime":297,"items_purged":["Strike_R"],"score":196,"play_id":"b8eedbee-5e7a-48f8-816f-4bb7354c8ec9","local_time":"20210205020642","is_ascension_mode":true,"campfire_choices":[{"data":"Spot Weakness","floor":6.0,"key":"SMITH"},{"data":"Demon Form","floor":10.0,"key":"SMITH"},{"data":"Body Slam","floor":12.0,"key":"SMITH"},{"floor":15.0,"key":"REST"}],"circlet_count":0,"master_deck":["AscendersBane","Strike_R","Strike_R","Strike_R+1","Strike_R","Defend_R","Defend_R","Defend_R","Defend_R","Bash+1","Body Slam+1","Disarm","Seeing Red","Spot Weakness+1","Demon Form+1","Evolve","Sword Boomerang"],"relics":["Burning Blood","MealTicket","Whetstone","Smiling Mask"],"acts_visited":[],"potions_floor_usage":[16],"damage_taken":[{"damage":1.0,"enemies":"2 Louse","floor":1.0,"turns":4.0},{"damage":10.0,"enemies":"Small Slimes","floor":2.0,"turns":4.0},{"damage":4.0,"enemies":"Cultist","floor":3.0,"turns":4.0},{"damage":19.0,"enemies":"Blue Slaver","floor":4.0,"turns":6.0},{"damage":31.0,"enemies":"Exordium Thugs","floor":7.0,"turns":5.0},{"damage":8.0,"enemies":"Looter","floor":8.0,"turns":4.0},{"damage":13.0,"enemies":"Lagavulin","floor":11.0,"turns":5.0},{"damage":22.0,"enemies":"2 Fungi Beasts","floor":13.0,"turns":4.0},{"damage":22.0,"enemies":"3 Louse","floor":14.0,"turns":3.0},{"damage":20,"enemies":"Slime Boss","floor":16,"turns":6}],"seed_played":"-6562775887055727107","potions_obtained":[{"floor":3.0,"key":"PowerPotion"},{"floor":4.0,"key":"Swift Potion"}],"is_trial":false,"path_per_floor":["M","M","M","M","$","R","M","M","T","R","E","R","M","M","R","B"],"character_chosen":"IRONCLAD","items_purchased":["Spot Weakness"],"campfire_rested":1,"item_purchase_floors":[5],"current_hp_per_floor":[73,69,71,58,73,73,48,46,46,46,39,39,23,7,29,9,9],"gold":123,"neow_bonus":"RANDOM_COMMON_RELIC","is_daily":false,"chose_seed":false,"campfire_upgraded":3,"win_rate":0.0,"timestamp":1612458402,"path_taken":["M","M","M","M","$","R","M","M","T","R","E","R","M","M","R","BOSS"],"items_purchased_type":["Card"],"build_version":"2020-12-22","purchased_purges":1,"victory":false,"max_hp_per_floor":[75,75,75,75,75,75,75,75,75,75,75,75,75,75,75,75,75],"card_choices":[{"not_picked":["True Grit","Sentinel"],"picked":"Body Slam","floor":1.0},{"not_picked":["Burning Pact","Body Slam"],"picked":"Disarm","floor":2.0},{"not_picked":["Perfected Strike","Sever Soul"],"picked":"Seeing Red","floor":3.0},{"not_picked":["Rampage","Perfected Strike","Flex"],"picked":"SKIP","floor":4.0},{"not_picked":["Burning Pact","Havoc","Headbutt"],"picked":"SKIP","floor":7.0},{"not_picked":["Spot Weakness","Metallicize"],"picked":"Demon Form","floor":8.0},{"not_picked":["Body Slam","Perfected Strike"],"picked":"Evolve","floor":11.0},{"not_picked":["Pommel Strike","Cleave","Combust"],"picked":"SKIP","floor":13.0},{"not_picked":["Armaments","Cleave"],"picked":"Sword Boomerang","floor":14.0}],"player_experience":378197,"relics_obtained":[{"floor":9.0,"key":"Whetstone"},{"floor":11.0,"key":"Smiling Mask"}],"event_choices":[],"is_beta":false,"boss_relics":[],"items_purged_floors":[5],"is_endless":false,"potions_floor_spawned":[3,4,8,11],"killed_by":"Slime Boss","ascension_level":17}}