{"host":"clgpak7dimivr1r3","time":1612464027,"event":{"mods":["BaseMod","Colored Map","Colored Powertips","Curses Come First","Minty Spire (QoL Compilation)","Relic Stats","Say the Spire","StSLib"],"gold_per_floor":[115,131,145,159,159,159,189,189,189,6,81,99,24,40,40,116,116,133,146,146,174,13,41,56,87,112,127,138,16,29,56,56,134,134,145,191,413,413,426,458,458,273,273,307,327,344,354,368,368,368],"floor_reached":51,"language":"ENG","playtime":2381,"items_purged":["Strike_R","Strike_R","Shame","Barricade+1"],"score":1306,"play_id":"c90556bd-e95b-4a9c-8967-a6cffa38615c","local_time":"20210204214027","is_ascension_mode":true,"campfire_choices":[{"data":"Whirlwind","floor":6.0,"key":"SMITH"},{"data":"Pommel Strike","floor":8.0,"key":"SMITH"},{"data":"Pommel Strike","floor":15.0,"key":"SMITH"},{"data":"Demon Form","floor":32.0,"key":"SMITH"},{"floor":41,"key":"REST"},{"data":"Whirlwind","floor":49,"key":"SMITH"}],"circlet_count":0,"master_deck":["AscendersBane","Defend_R","Defend_R","Defend_R","Defend_R","Bash","Pommel Strike+1","Whirlwind+1","Impervious","Wild Strike","Cleave","Pommel Strike+1","Demon Form+1","Headbutt","Thunderclap","Immolate","Offering","Inflame+1","Spot Weakness","Limit Break","Exhume+1","Demon Form+1","Flex","Inflame","Inflame","Whirlwind+1","Injury","Flex+1"],"relics":["Burning Blood","NeowsBlessing","HornCleat","Ice Cream","TungstenRod","Membership Card","Lantern","Cursed Key","Ornamental Fan","Red Mask","Vajra","Dream Catcher","Magic Flower","Regal Pillow","Self Forming Clay","Astrolabe","CaptainsWheel","Gremlin Horn","ClockworkSouvenir","Question Card","Pear"],"acts_visited":["Exordium","TheCity","TheBeyond"],"potions_floor_usage":[45],"damage_taken":[{"damage":0.0,"enemies":"2 Louse","floor":1.0,"turns":1.0},{"damage":0.0,"enemies":"Cultist","floor":2.0,"turns":1.0},{"damage":0.0,"enemies":"Jaw Worm","floor":3.0,"turns":1.0},{"damage":14.0,"enemies":"Red Slaver","floor":4.0,"turns":4.0},{"damage":16.0,"enemies":"3 Sentries","floor":7.0,"turns":6.0},{"damage":0.0,"enemies":"Gremlin Gang","floor":12.0,"turns":1.0},{"damage":2.0,"enemies":"Blue Slaver","floor":14.0,"turns":3.0},{"damage":29.0,"enemies":"Slime Boss","floor":16.0,"turns":6.0},{"damage":0.0,"enemies":"2 Thieves","floor":18.0,"turns":3.0},{"damage":1.0,"enemies":"Chosen","floor":19.0,"turns":4.0},{"damage":34.0,"enemies":"Masked Bandits","floor":21.0,"turns":4.0},{"damage":0.0,"enemies":"Slavers","floor":23.0,"turns":1.0},{"damage":3.0,"enemies":"Snake Plant","floor":24.0,"turns":3.0},{"damage":9.0,"enemies":"Gremlin Leader","floor":25.0,"turns":4.0},{"damage":13.0,"enemies":"Shelled Parasite and Fungi","floor":27.0,"turns":3.0},{"damage":6.0,"enemies":"Snecko","floor":28.0,"turns":4.0},{"damage":4.0,"enemies":"3 Cultists","floor":30.0,"turns":4.0},{"damage":28.0,"enemies":"Book of Stabbing","floor":31.0,"turns":4.0},{"damage":48.0,"enemies":"Champ","floor":33.0,"turns":8.0},{"damage":7.0,"enemies":"Orb Walker","floor":35.0,"turns":3.0},{"damage":23.0,"enemies":"2 Orb Walkers","floor":36.0,"turns":3.0},{"damage":9.0,"enemies":"3 Shapes","floor":39.0,"turns":2.0},{"damage":37,"enemies":"Nemesis","floor":40,"turns":7},{"damage":5,"enemies":"Reptomancer","floor":44,"turns":4},{"damage":16,"enemies":"Transient","floor":45,"turns":5},{"damage":5,"enemies":"Spire Growth","floor":46,"turns":4},{"damage":12,"enemies":"Sphere and 2 Shapes","floor":47,"turns":3},{"damage":14,"enemies":"3 Darklings","floor":48,"turns":2},{"damage":84,"enemies":"Awakened One","floor":50,"turns":7}],"seed_played":"-5033614363186493984","potions_obtained":[{"floor":1.0,"key":"LiquidMemories"},{"floor":7.0,"key":"PowerPotion"},{"floor":12.0,"key":"SneckoOil"},{"floor":16.0,"key":"SteroidPotion"},{"floor":19.0,"key":"BloodPotion"},{"floor":24.0,"key":"BloodPotion"},{"floor":25.0,"key":"ColorlessPotion"},{"floor":31.0,"key":"ColorlessPotion"},{"floor":36.0,"key":"EssenceOfSteel"},{"floor":44,"key":"FairyPotion"},{"floor":46,"key":"ElixirPotion"}],"is_trial":false,"path_per_floor":["M","M","M","M","?","R","E","R","T","$","?","M","$","M","R","B",null,"M","M","?","?","$","E","M","E","T","M","M","$","M","E","R","B",null,"M","?","?","?","M","E","R","$","T","E","M","M","M","M","R","B",null],"character_chosen":"IRONCLAD","items_purchased":["Membership Card","Lantern","Vajra","Immolate","Inflame","Spot Weakness","ClockworkSouvenir","Whirlwind"],"campfire_rested":1,"item_purchase_floors":[10,13,22,22,29,29,42,42],"current_hp_per_floor":[78,80,80,72,72,72,62,62,62,62,52,58,58,62,62,39,70,76,80,80,52,52,58,61,74,74,70,73,73,78,59,59,44,71,73,59,59,59,59,31,70,70,70,84,77,81,78,73,73,39],"gold":368,"neow_bonus":"THREE_ENEMY_KILL","is_daily":false,"chose_seed":false,"campfire_upgraded":5,"win_rate":0.0,"timestamp":1612464027,"path_taken":["M","M","M","M","?","R","E","R","T","?","?","?","?","?","R","BOSS","M","M","?","?","?","E","M","E","T","M","M","$","M","E","R","BOSS","M","?","?","?","M","E","R","$","T","E","M","M","?","M","R","BOSS"],"items_purchased_type":["Relic","Relic","Relic","Card","Card","Card","Relic","Card"],"build_version":"2020-12-22","purchased_purges":4,"victory":true,"max_hp_per_floor":[80,80,80,80,80,80,80,80,80,80,80,80,80,80,80,80,80,80,80,80,80,80,80,80,80,80,80,80,80,80,80,80,80,80,80,80,80,80,80,80,80,80,80,90,90,90,90,90,90,90],"relic_stats":{"Regal Pillow":15,"Gremlin Horn":[9,9],"counters":[29,105],"Self Forming Clay":[99],"Astrolabe":["Exhume","Demon Form","Barricade"],"Magic Flower":[67],"Cursed Key":2,"Question Card":5,"Burning Blood":208,"Dream Catcher":1,"Ornamental Fan":[96],"obtain_stats":[{"Ice Cream":7,"Lantern":13,"Regal Pillow":26,"Pear":44,"NeowsBlessing":0,"Gremlin Horn":40,"Self Forming Clay":31,"Astrolabe":34,"Vajra":22,"Magic Flower":25,"Cursed Key":17,"Question Card":43,"Burning Blood":0,"ClockworkSouvenir":42,"Dream Catcher":23,"CaptainsWheel":36,"HornCleat":5,"Ornamental Fan":20,"Red Mask":21,"Membership Card":10,"TungstenRod":9},{"Ice Cream":5,"Lantern":6,"Regal Pillow":14,"Pear":24,"NeowsBlessing":0,"Gremlin Horn":23,"Self Forming Clay":18,"Astrolabe":19,"Vajra":11,"Magic Flower":14,"Cursed Key":8,"Question Card":23,"Burning Blood":0,"ClockworkSouvenir":23,"Dream Catcher":12,"CaptainsWheel":21,"HornCleat":4,"Ornamental Fan":10,"Red Mask":11,"Membership Card":5,"TungstenRod":5},{"Ice Cream":13,"Lantern":14,"Regal Pillow":42,"Pear":84,"NeowsBlessing":0,"Gremlin Horn":80,"Self Forming Clay":57,"Astrolabe":65,"Vajra":34,"Magic Flower":42,"Cursed Key":23,"Question Card":80,"Burning Blood":0,"ClockworkSouvenir":80,"Dream Catcher":35,"CaptainsWheel":71,"HornCleat":7,"Ornamental Fan":30,"Red Mask":34,"Membership Card":13,"TungstenRod":13}],"TungstenRod":60},"card_choices":[{"not_picked":["Anger","Perfected Strike"],"picked":"Pommel Strike","floor":1.0},{"not_picked":["Body Slam","Perfected Strike"],"picked":"Whirlwind","floor":2.0},{"not_picked":["Twin Strike","Havoc"],"picked":"Impervious","floor":3.0},{"not_picked":["Burning Pact","Clash"],"picked":"Wild Strike","floor":4.0},{"not_picked":["Entrench","Clash","Sword Boomerang"],"picked":"SKIP","floor":7.0},{"not_picked":["Armaments","Dropkick"],"picked":"Cleave","floor":12.0},{"not_picked":["Cleave","Clash"],"picked":"Pommel Strike","floor":14.0},{"not_picked":["Double Tap","Impervious"],"picked":"Demon Form","floor":16.0},{"not_picked":["Cleave","Evolve","Sword Boomerang"],"picked":"SKIP","floor":18.0},{"not_picked":["Dropkick+1","Heavy Blade"],"picked":"Headbutt","floor":19.0},{"not_picked":["Intimidate","Headbutt+1"],"picked":"Thunderclap","floor":21.0},{"not_picked":["Clothesline","Disarm","Flame Barrier"],"picked":"SKIP","floor":23.0},{"not_picked":["Burning Pact","Body Slam","Shrug It Off"],"picked":"SKIP","floor":24.0},{"not_picked":["Warcry","Cleave"],"picked":"Offering","floor":25.0},{"not_picked":["Hemokinesis","Body Slam","Wild Strike"],"picked":"SKIP","floor":27.0},{"not_picked":["Armaments","Dual Wield","Clothesline"],"picked":"SKIP","floor":28.0},{"not_picked":["Warcry","Wild Strike","Rupture"],"picked":"SKIP","floor":30.0},{"not_picked":["Warcry+1","Havoc","Twin Strike"],"picked":"SKIP","floor":31.0},{"not_picked":["Reaper","Bludgeon"],"picked":"Limit Break","floor":33.0},{"not_picked":["Anger","Rage","Combust"],"picked":"SKIP","floor":35.0},{"not_picked":["Entrench","Headbutt"],"picked":"Flex","floor":36.0},{"not_picked":["Cleave","Reckless Charge","Wild Strike"],"picked":"SKIP","floor":39.0},{"not_picked":["Sever Soul","Twin Strike"],"picked":"Inflame","floor":40},{"not_picked":["Intimidate+1","Reckless Charge"],"picked":"Inflame","floor":41},{"not_picked":["Iron Wave","Twin Strike","Reaper","Warcry+1"],"picked":"SKIP","floor":44},{"not_picked":["Fire Breathing","Sever Soul+1","Headbutt","Burning Pact"],"picked":"SKIP","floor":45},{"not_picked":["Wild Strike+1","Cleave","Twin Strike"],"picked":"Flex+1","floor":46},{"not_picked":["Pummel+1","Iron Wave","Body Slam+1","Clothesline+1"],"picked":"SKIP","floor":47},{"not_picked":["Fire Breathing+1","Limit Break","Twin Strike+1","Thunderclap"],"picked":"SKIP","floor":48}],"player_experience":125390,"relics_obtained":[{"floor":7.0,"key":"Ice Cream"},{"floor":9.0,"key":"TungstenRod"},{"floor":21.0,"key":"Red Mask"},{"floor":23.0,"key":"Dream Catcher"},{"floor":25.0,"key":"Magic Flower"},{"floor":26.0,"key":"Regal Pillow"},{"floor":31.0,"key":"Self Forming Clay"},{"floor":36.0,"key":"CaptainsWheel"},{"floor":40,"key":"Gremlin Horn"},{"floor":43,"key":"Question Card"},{"floor":44,"key":"Pear"}],"event_choices":[{"damage_healed":0.0,"max_hp_gain":0.0,"max_hp_loss":0.0,"gold_gain":0.0,"event_name":"WeMeetAgain","player_choice":"Gave Potion","floor":5.0,"gold_loss":0.0,"damage_taken":0.0,"relics_obtained":["HornCleat"]},{"damage_healed":0.0,"max_hp_gain":0.0,"max_hp_loss":0.0,"gold_gain":75.0,"event_name":"World of Goop","player_choice":"Gather Gold","floor":11.0,"gold_loss":0.0,"damage_taken":11.0},{"damage_healed":0.0,"max_hp_gain":0.0,"max_hp_loss":0.0,"gold_gain":0.0,"event_name":"The Mausoleum","player_choice":"Opened","floor":20.0,"gold_loss":0.0,"damage_taken":0.0,"relics_obtained":["Ornamental Fan"]},{"damage_healed":0.0,"max_hp_gain":0.0,"max_hp_loss":0.0,"gold_gain":0.0,"event_name":"Masked Bandits","player_choice":"Fought Bandits","floor":21.0,"gold_loss":0.0,"damage_taken":0.0},{"damage_healed":0.0,"max_hp_gain":0.0,"max_hp_loss":0.0,"gold_gain":0.0,"event_name":"Mysterious Sphere","player_choice":"Fight","floor":36.0,"gold_loss":0.0,"damage_taken":0.0},{"damage_healed":0.0,"max_hp_gain":0.0,"max_hp_loss":0.0,"gold_gain":222.0,"event_name":"Tomb of Lord Red Mask","player_choice":"Wore Mask","floor":37.0,"gold_loss":0.0,"damage_taken":0.0},{"damage_healed":0.0,"max_hp_gain":0.0,"max_hp_loss":0.0,"gold_gain":0.0,"event_name":"Upgrade Shrine","player_choice":"Upgraded","floor":38.0,"gold_loss":0.0,"damage_taken":0.0,"cards_upgraded":["Inflame"]}],"is_beta":false,"boss_relics":[{"not_picked":["Runic Pyramid","Empty Cage"],"picked":"Cursed Key"},{"not_picked":["Tiny House","Coffee Dripper"],"picked":"Astrolabe"}],"items_purged_floors":[10,22,29,42],"is_endless":false,"potions_floor_spawned":[1,7,12,16,19,24,25,31,36,44,46,48],"ascension_level":13}}