{"host":"7rmsgc3rayi00cdt","time":1612428350,"event":{"mods":["BaseMod","Minty Spire (QoL Compilation)"],"gold_per_floor":[119,130,140,140,160,160,189,189,189,154,154,52,64,75,75,152,202,221,221,237,249,249,249,280,280,280,280,296,325,325,325],"floor_reached":30,"language":"ENG","playtime":1159,"items_purged":[],"score":488,"play_id":"35cd454c-776d-4bd0-8b73-5327076138b2","local_time":"20210204084550","is_ascension_mode":true,"campfire_choices":[{"floor":6,"key":"REST"},{"floor":15,"key":"REST"},{"floor":23,"key":"REST"},{"floor":25,"key":"REST"},{"floor":27,"key":"REST"}],"circlet_count":0,"master_deck":["AscendersBane","Strike_B","Strike_B","Strike_B","Defend_B","Defend_B+1","Defend_B","Defend_B","Zap+1","Dualcast","Leap+1","BootSequence","FTL","Streamline","Go for the Eyes","Fission","All For One","Beam Cell","Gash","Go for the Eyes","Hologram"],"relics":["Cracked Core","Orichalcum","Centennial Puzzle","Tiny House","Symbiotic Virus","Kunai","Red Mask"],"acts_visited":["Exordium","TheCity"],"potions_floor_usage":[7,16,20,21,21,21,24],"damage_taken":[{"damage":4,"enemies":"Jaw Worm","floor":1,"turns":4},{"damage":1,"enemies":"Cultist","floor":2,"turns":3},{"damage":5,"enemies":"2 Louse","floor":3,"turns":2},{"damage":7,"enemies":"2 Fungi Beasts","floor":5,"turns":4},{"damage":41,"enemies":"Lagavulin","floor":7,"turns":7},{"damage":0,"enemies":"3 Louse","floor":13,"turns":4},{"damage":17,"enemies":"Gremlin Gang","floor":14,"turns":5},{"damage":51,"enemies":"The Guardian","floor":16,"turns":12},{"damage":17,"enemies":"Shell Parasite","floor":18,"turns":7},{"damage":31,"enemies":"Chosen","floor":20,"turns":7},{"damage":13,"enemies":"Snake Plant","floor":21,"turns":5},{"damage":11,"enemies":"Slavers","floor":24,"turns":6},{"damage":12,"enemies":"3 Cultists","floor":28,"turns":6},{"damage":48,"enemies":"Masked Bandits","floor":29,"turns":8},{"damage":5,"enemies":"Gremlin Leader","floor":30,"turns":1}],"seed_played":"-8073307624841283157","potions_obtained":[{"floor":2,"key":"Weak Potion"},{"floor":5,"key":"DuplicationPotion"},{"floor":13,"key":"SmokeBomb"},{"floor":14,"key":"Dexterity Potion"},{"floor":17,"key":"SpeedPotion"},{"floor":19,"key":"EntropicBrew"},{"floor":21,"key":"BlessingOfTheForge"},{"floor":29,"key":"PotionOfCapacity"}],"is_trial":false,"path_per_floor":["M","M","M","?","M","R","E","?","T","?","?","$","M","M","R","B",null,"M","?","M","M","?","R","E","R","T","R","M","?","E"],"character_chosen":"DEFECT","items_purchased":["FTL","Streamline"],"campfire_rested":5,"item_purchase_floors":[12,12],"current_hp_per_floor":[67,66,61,61,54,77,36,29,29,48,48,48,48,31,54,3,64,47,47,16,3,3,27,16,40,40,64,52,4,0,0],"gold":325,"neow_bonus":"TEN_PERCENT_HP_BONUS","is_daily":false,"chose_seed":false,"campfire_upgraded":0,"win_rate":0.0,"timestamp":1612428350,"path_taken":["M","M","M","?","?","R","E","?","T","?","?","$","M","M","R","BOSS","M","?","M","?","?","R","E","R","T","R","M","?","E"],"items_purchased_type":["Card","Card"],"build_version":"2020-12-22","purchased_purges":0,"victory":false,"max_hp_per_floor":[78,78,78,78,78,78,78,78,78,78,78,78,78,78,78,78,83,83,83,83,83,83,83,83,83,83,83,83,83,83,83],"card_choices":[{"not_picked":["Fusion","Beam Cell"],"picked":"Leap","floor":1},{"not_picked":["Conserve Battery","Skim","Compile Driver"],"picked":"SKIP","floor":2},{"not_picked":["Compile Driver","Self Repair","Defragment"],"picked":"SKIP","floor":3},{"not_picked":["Turbo","Meteor Strike","Compile Driver"],"picked":"SKIP","floor":5},{"not_picked":["Barrage","Double Energy"],"picked":"BootSequence","floor":7},{"not_picked":["Coolheaded","Beam Cell"],"picked":"Go for the Eyes","floor":13},{"not_picked":["Melter","Turbo"],"picked":"Fission","floor":14},{"not_picked":["Echo Form","Multi-Cast"],"picked":"All For One","floor":16},{"not_picked":["Sweeping Beam","Capacitor"],"picked":"Beam Cell","floor":18},{"not_picked":["Compile Driver+1","Ball Lightning"],"picked":"Gash","floor":20},{"not_picked":["Lockon","Melter"],"picked":"Go for the Eyes","floor":21},{"not_picked":["Multi-Cast","Stack"],"picked":"Hologram","floor":24},{"not_picked":["Aggregate","Stack","Conserve Battery"],"picked":"SKIP","floor":28}],"player_experience":792426,"relics_obtained":[{"floor":7,"key":"Orichalcum"},{"floor":9,"key":"Centennial Puzzle"},{"floor":24,"key":"Symbiotic Virus"},{"floor":26,"key":"Kunai"},{"floor":29,"key":"Red Mask"}],"event_choices":[{"damage_healed":0,"gold_gain":0,"player_choice":"Upgraded","damage_taken":0,"max_hp_gain":0,"max_hp_loss":0,"event_name":"Upgrade Shrine","floor":4,"gold_loss":0,"cards_upgraded":["Zap"]},{"cards_removed":["Strike_B"],"damage_healed":0,"gold_gain":0,"player_choice":"Card Removal","damage_taken":7,"max_hp_gain":0,"max_hp_loss":0,"event_name":"Golden Wing","floor":8,"gold_loss":0},{"damage_healed":19,"gold_gain":0,"player_choice":"Healed","damage_taken":0,"max_hp_gain":0,"max_hp_loss":0,"event_name":"The Cleric","floor":10,"gold_loss":35},{"damage_healed":0,"gold_gain":0,"player_choice":"Grow","damage_taken":0,"max_hp_gain":0,"max_hp_loss":0,"event_name":"Living Wall","floor":11,"gold_loss":0,"cards_upgraded":["Leap"]},{"damage_healed":0,"gold_gain":0,"player_choice":"Got Potions","damage_taken":0,"max_hp_gain":0,"max_hp_loss":0,"event_name":"Lab","floor":19,"gold_loss":0},{"damage_healed":0,"gold_gain":0,"player_choice":"Ignored","damage_taken":0,"max_hp_gain":0,"max_hp_loss":0,"event_name":"Ghosts","floor":22,"gold_loss":0},{"damage_healed":0,"gold_gain":0,"player_choice":"Fought Bandits","damage_taken":0,"max_hp_gain":0,"max_hp_loss":0,"event_name":"Masked Bandits","floor":29,"gold_loss":0}],"is_beta":false,"boss_relics":[{"not_picked":["Empty Cage","Pandora\u0027s Box"],"picked":"Tiny House"}],"items_purged_floors":[],"is_endless":false,"potions_floor_spawned":[2,5,13,14,21,29],"killed_by":"Gremlin Leader","ascension_level":19}}