{"host":"njb27ds59h4j3ikk","time":1612414244,"event":{"mods":["AchievementEnabler","BaseMod","Better Altar","Better Match","Better Note","Better Sensory Stone","Better Skull","Better Third Choice","BetterRewards","Downfall","Hermit","Hubris","Minty Spire (QoL Compilation)","Permanent Neow","Quarter Circle Forward PUNCH!","Quick Restart","Rare Cards Sparkle","Replay The Spire","Shop Mod","StSLib","Trackpad","Transform Curses"],"gold_per_floor":[115,115,115,225,225,225,263,281,308,308,339,13,13,13,13,102,102,123,123,146,95,114,153,153,186,262,262,293,308,308,308,308,406,406,422,382,382,382,382,420,435,459,483,518,543,567,62,105,105,105],"floor_reached":51,"language":"ENG","playtime":2785,"items_purged":[],"score":2199,"play_id":"49e2d8c1-2e9d-4600-8dbb-27f45b844a1b","local_time":"20210203235044","is_ascension_mode":true,"campfire_choices":[{"data":"Flex","floor":6.0,"key":"SMITH"},{"data":"Iron Wave","floor":10.0,"key":"SMITH"},{"data":"Bash","floor":15.0,"key":"SMITH"},{"data":"Armaments","floor":24.0,"key":"SMITH"},{"data":"Fire Breathing","floor":27.0,"key":"SMITH"},{"data":"Life Link","floor":32,"key":"SMITH"},{"floor":49,"key":"DIG"}],"circlet_count":0,"master_deck":["AscendersBane","Strike_R","Strike_R+1","Strike_R","Strike_R","Strike_R","Defend_R","Defend_R","Defend_R","Defend_R+1","Bash+1","Flex+1","Sword Boomerang","Cleave","Iron Wave+1","Combust","Carnage","Sadistic Nature","Feed+1","CurseOfTheBell","Fire Breathing+1","Offering+1","Armaments+1","Thunderclap","Dropkick","Iron Wave+1","Run Through","Life Link+1","Hemokinesis","Barricade","hubris:CleavingFinish","Good Instincts","ReplayTheSpireMod:Private Reserves+1","Madness","Madness","Pummel+1","Wild Strike","Perfected Strike","hubris:StunningStrike","Iron Wave+1","Shrug It Off","Rupture+1"],"relics":["Burning Blood","Gremlin Horn","Replay:PocketPolymizer","hubris:CrystalStatue","Juzu Bracelet","ClockworkSouvenir","Simple Rune","hubris:BundleOfHerbs","Eternal Feather","Golden Idol","Bag of Marbles","trackpad:CultistFigurine","Bronze Scales","Red Skull","qcfpunch:Red_Headband","Calling Bell","hubris:ToyBattleship","ReplayTheSpireMod:Ninjato","qcfpunch:Unceasing_Flame","trackpad:StainlessSteel","ReplayTheSpireMod:TigerMarble","Ornamental Fan","Centennial Puzzle","hubris:Towel","bronze:MakeshiftBattery","Nunchaku","Blood Vial","qcfpunch:White_Boots","hexamod:BolsterEngine","Sling","Unceasing Top","trackpad:RapidFire","Onion Ring"],"acts_visited":["Exordium","TheCity","TheBeyond"],"potions_floor_usage":[40,50,50],"damage_taken":[{"damage":5.0,"enemies":"2 Louse","floor":1.0,"turns":2.0},{"damage":7.0,"enemies":"Lagavulin","floor":7.0,"turns":3.0},{"damage":2.0,"enemies":"Jaw Worm","floor":8.0,"turns":2.0},{"damage":15.0,"enemies":"Gremlin Nob","floor":11.0,"turns":3.0},{"damage":1.0,"enemies":"Slime Boss","floor":16.0,"turns":4.0},{"damage":13.0,"enemies":"Spheric Guardian","floor":18.0,"turns":3.0},{"damage":29.0,"enemies":"2 Thieves","floor":20.0,"turns":2.0},{"damage":19.0,"enemies":"Chosen and Byrds","floor":22.0,"turns":3.0},{"damage":16.0,"enemies":"Book of Stabbing","floor":23.0,"turns":2.0},{"damage":34.0,"enemies":"Slavers","floor":25.0,"turns":4.0},{"damage":8,"enemies":"Book of Stabbing","floor":28,"turns":3},{"damage":3,"enemies":"Shelled Parasite and Fungi","floor":29,"turns":2},{"damage":9,"enemies":"Collector","floor":33,"turns":3},{"damage":6,"enemies":"Orb Walker","floor":35,"turns":1},{"damage":38,"enemies":"R_Hoarder","floor":40,"turns":6},{"damage":6,"enemies":"3 Darklings","floor":41,"turns":1},{"damage":40,"enemies":"Maw","floor":42,"turns":4},{"damage":0,"enemies":"Reptomancer","floor":44,"turns":1},{"damage":2,"enemies":"Transient","floor":46,"turns":5},{"damage":6,"enemies":"R_Hoarder","floor":48,"turns":3},{"damage":6,"enemies":"Donu and Deca","floor":50,"turns":3}],"seed_played":"-5642913986183824009","potions_obtained":[{"floor":1.0,"key":"FearPotion"},{"floor":7.0,"key":"Fruit Juice"},{"floor":16.0,"key":"EssenceOfSteel"},{"floor":22.0,"key":"Dexterity Potion"},{"floor":25.0,"key":"SpeedPotion"},{"floor":28,"key":"hexamod:SoulburnPotion"},{"floor":35,"key":"BlessingOfTheForge"},{"floor":46,"key":"Weak Potion"}],"is_trial":false,"path_per_floor":["M","?","?","?","?","R","E","M","T","R","E","$","T","$","R","B",null,"M","?","M","$","M","E","R","E","T","R","E","M","?","?","R","B",null,"M","?","?","?","?","E","M","M","T","E","T","M","$","E","R","B",null],"character_chosen":"IRONCLAD","items_purchased":["Gremlin Horn","hubris:CrystalStatue","Juzu Bracelet","ClockworkSouvenir","Simple Rune","Flex","Eternal Feather","Sword Boomerang","Sadistic Nature","qcfpunch:Red_Headband","Thunderclap","Sling","Unceasing Top","Shrug It Off"],"campfire_rested":0,"item_purchase_floors":[0,0,0,0,0,0,0,0,12,12,21,47,47,47],"current_hp_per_floor":[69,69,69,47,47,53,52,56,56,65,61,61,61,61,70,75,79,72,72,52,52,39,29,44,40,40,55,53,72,72,72,86,83,85,85,85,85,85,74,42,46,12,12,20,20,26,26,28,52,54],"gold":105,"neow_bonus":"","is_daily":false,"chose_seed":false,"campfire_upgraded":6,"win_rate":0.0,"timestamp":1612414244,"path_taken":["M","?","?","?","?","R","E","M","T","R","E","?","?","$","R","BOSS","M","?","M","?","M","E","R","E","T","R","E","M","?","?","R","BOSS","M","?","?","?","?","E","M","M","T","E","?","M","?","E","R","BOSS"],"items_purchased_type":["Relic","Relic","Relic","Relic","Relic","Card","Relic","Card","Card","Relic","Card","Relic","Relic","Card"],"build_version":"2020-12-22","purchased_purges":0,"victory":true,"max_hp_per_floor":[75,75,75,75,75,75,75,75,75,75,80,80,80,80,80,80,80,80,80,83,83,83,83,83,83,83,83,83,86,86,86,86,86,86,86,86,86,86,86,86,90,90,90,90,90,90,90,90,90,90],"card_choices":[{"not_picked":["Flame Barrier","ReplayTheSpireMod:LeadingStrike"],"picked":"Cleave","floor":1.0},{"not_picked":["Cleave","Flex"],"picked":"Iron Wave","floor":7.0},{"not_picked":["Abandon","Sever Soul"],"picked":"Combust","floor":8.0},{"not_picked":["Anger","Clash"],"picked":"Carnage","floor":11.0},{"not_picked":["Fiend Fire","Double Tap"],"picked":"Feed","floor":16.0},{"not_picked":["Heavy Blade","Searing Blow+1"],"picked":"Fire Breathing","floor":18.0},{"not_picked":["Pommel Strike","Body Slam"],"picked":"Armaments","floor":20.0},{"not_picked":["Clothesline","Hemokinesis"],"picked":"Dropkick","floor":22.0},{"not_picked":["Replay:Many Hands","Carnage"],"picked":"Iron Wave+1","floor":23.0},{"not_picked":["Sword Boomerang","Dark Embrace+1"],"picked":"Run Through","floor":25.0},{"not_picked":["Thunderclap","Bloodletting"],"picked":"Life Link","floor":28},{"not_picked":["hubris:ReadiedAction","Dropkick"],"picked":"Hemokinesis","floor":29},{"not_picked":["Brutality","Demonic Infusion"],"picked":"Barricade","floor":33},{"not_picked":["Inflame","Metallicize"],"picked":"hubris:CleavingFinish","floor":35},{"not_picked":["Midas Touch","Thinking Ahead"],"picked":"Good Instincts","floor":37},{"not_picked":["Impatience","Bandage Up"],"picked":"ReplayTheSpireMod:Private Reserves","floor":37},{"not_picked":["Uppercut","Inflame"],"picked":"Pummel+1","floor":40},{"not_picked":["Pummel","Sword Boomerang+1"],"picked":"Wild Strike","floor":41},{"not_picked":["Warcry","Wild Strike"],"picked":"Perfected Strike","floor":42},{"not_picked":["Perfected Strike","Seeing Red"],"picked":"hubris:StunningStrike","floor":44},{"not_picked":["Wild Strike","Run Through"],"picked":"Iron Wave+1","floor":46},{"not_picked":["Run Through","Anger"],"picked":"Rupture+1","floor":48}],"player_experience":1339737,"relics_obtained":[{"floor":7.0,"key":"trackpad:CultistFigurine"},{"floor":9.0,"key":"Bronze Scales"},{"floor":11.0,"key":"Red Skull"},{"floor":17.0,"key":"hubris:ToyBattleship"},{"floor":17.0,"key":"ReplayTheSpireMod:Ninjato"},{"floor":17.0,"key":"qcfpunch:Unceasing_Flame"},{"floor":23.0,"key":"trackpad:StainlessSteel"},{"floor":25.0,"key":"ReplayTheSpireMod:TigerMarble"},{"floor":26.0,"key":"Ornamental Fan"},{"floor":28,"key":"Centennial Puzzle"},{"floor":40,"key":"Nunchaku"},{"floor":43,"key":"Blood Vial"},{"floor":44,"key":"qcfpunch:White_Boots"},{"floor":45,"key":"hexamod:BolsterEngine"},{"floor":48,"key":"trackpad:RapidFire"},{"floor":49,"key":"Onion Ring"}],"event_choices":[{"damage_healed":0.0,"max_hp_gain":0.0,"max_hp_loss":0.0,"gold_gain":0.0,"event_name":"Golden Idol","player_choice":"Take Wound","floor":2.0,"gold_loss":0.0,"damage_taken":0.0,"relics_obtained":["Golden Idol"],"cards_obtained":["Injury"]},{"cards_removed":["Injury"],"damage_healed":0.0,"max_hp_gain":0.0,"max_hp_loss":0.0,"gold_gain":0.0,"event_name":"Fountain of Cleansing","player_choice":"Removed Curses","floor":3.0,"gold_loss":0.0,"damage_taken":0.0},{"damage_healed":0.0,"max_hp_gain":0.0,"max_hp_loss":0.0,"gold_gain":110.0,"event_name":"betterSkull:BetterSkull","player_choice":"RE GO ","floor":4.0,"gold_loss":0.0,"damage_taken":25.0,"cards_upgraded":[],"relics_obtained":["Bag of Marbles"]},{"damage_healed":0.0,"max_hp_gain":0.0,"max_hp_loss":0.0,"gold_gain":0.0,"event_name":"The Woman in Blue","player_choice":"Bought 0 Potions","floor":5.0,"gold_loss":0.0,"damage_taken":0.0},{"cards_removed":["Feed"],"damage_healed":0.0,"max_hp_gain":0.0,"max_hp_loss":0.0,"gold_gain":0.0,"event_name":"betterNote:BetterNote","player_choice":"Take \u0026 Give","floor":19.0,"gold_loss":0.0,"damage_taken":0.0,"cards_obtained":["Offering"]},{"damage_healed":0,"gold_gain":0,"player_choice":"Ignored","damage_taken":0,"max_hp_gain":0,"max_hp_loss":0,"event_name":"Ghosts","floor":30,"gold_loss":0},{"damage_healed":0,"gold_gain":0,"player_choice":"Upgrade","damage_taken":0,"max_hp_gain":0,"max_hp_loss":0,"event_name":"Designer","floor":36,"gold_loss":40,"cards_upgraded":["Feed"]},{"damage_healed":0,"gold_gain":3,"player_choice":"1","damage_taken":0,"max_hp_gain":0,"max_hp_loss":0,"event_name":"betterStone:BetterStone","floor":37,"gold_loss":0},{"damage_healed":0,"gold_gain":0,"player_choice":"Embrace Madness","damage_taken":11,"max_hp_gain":0,"max_hp_loss":0,"event_name":"Winding Halls","floor":39,"gold_loss":0,"cards_obtained":["Madness","Madness"]}],"is_beta":false,"boss_relics":[{"not_picked":["Astrolabe","Coffee Dripper"],"picked":"Calling Bell"},{"not_picked":["SlaversCollar","qcfpunch:Dark_Gi"],"picked":"bronze:MakeshiftBattery"}],"items_purged_floors":[],"is_endless":false,"potions_floor_spawned":[1,7,16,22,25,28,35,46],"ascension_level":14}}