{"host":"rf8f5793azs0jd9i","time":1612430188,"event":{"mods":["AchievementEnabler","Aspiration","BaseMod","Colored Powertips","Hubris","Infinite Spire","Minty Spire (QoL Compilation)","Replay The Spire","StSLib"],"gold_per_floor":[115,4022,3367,3367,3367,3367,3384,3395,3395,3408,3408,3422,3422,3445,3495,3599,3599,3616,3583,3583,3583,3599,3599,2869,2869,2869,2869,2869],"floor_reached":27,"language":"ENG","playtime":1154,"items_purged":["Strike_B","Strike_B","Strike_B"],"score":201,"play_id":"450582d6-bdb1-4764-901c-d05f529b81a3","local_time":"20210204031628","is_ascension_mode":false,"campfire_choices":[{"data":"Zap","floor":6,"key":"SMITH"},{"data":"ReplayTheSpireMod:Fabricate Wheel","floor":11,"key":"SMITH"},{"data":"Conserve Battery","floor":13,"key":"SMITH"},{"data":"Genetic Algorithm","floor":23,"key":"SMITH"},{"data":"Echo Form","floor":25,"key":"SMITH"}],"circlet_count":0,"master_deck":["Defend_B","Defend_B","Defend_B","Defend_B","Zap+1","Dualcast","Streamline","Streamline","Streamline","Gash","hubris:PowerSurge","Go for the Eyes","Gash","Conserve Battery+1","Echo Form+1","Defragment","Stack","BootSequence","White Noise+1","BootSequence+1","Gash","ReplayTheSpireMod:GoodbyeWorld+1","Cold Snap","ReplayGash+1","Doom and Gloom","Hologram+1","ReplayGash","Genetic Algorithm+1"],"relics":["Cracked Core","NeowsBlessing","Frozen Eye","Shuriken","Replay:Towering Pillar of Hats","Gambling Chip","Darkstone Periapt","hubris:Icosahedron","Mummified Hand","Prayer Wheel","Prayer Wheel","Odd Mushroom","Philosopher\u0027s Stone","Prayer Wheel","BargainBundle","Solar Panel","Gremlin Horn","Kunai"],"acts_visited":["Exordium","TheCity"],"potions_floor_usage":[16,16,16,27,27],"damage_taken":[{"damage":0,"enemies":"Cultist","floor":1,"turns":1},{"damage":0,"enemies":"2 Louse","floor":7,"turns":1},{"damage":0,"enemies":"Jaw Worm","floor":8,"turns":1},{"damage":10,"enemies":"Large Slime","floor":10,"turns":5},{"damage":12,"enemies":"Exordium Thugs","floor":12,"turns":4},{"damage":11,"enemies":"The Mushroom Lair","floor":14,"turns":5},{"damage":14,"enemies":"Slime Boss","floor":16,"turns":9},{"damage":2,"enemies":"Chosen","floor":18,"turns":5},{"damage":58,"enemies":"3 Byrds","floor":19,"turns":5},{"damage":11,"enemies":"Snecko","floor":22,"turns":4},{"damage":12,"enemies":"Slavers","floor":27,"turns":2}],"seed_played":"-3573746771243815466","potions_obtained":[{"floor":1,"key":"Dexterity Potion"},{"floor":8,"key":"DuplicationPotion"},{"floor":14,"key":"Dexterity Potion"},{"floor":18,"key":"Weak Potion"},{"floor":22,"key":"Swift Potion"}],"is_trial":false,"path_per_floor":["M","$","$","?","?","R","M","M","T","M","R","M","R","?","R","B",null,"M","M","?","?","M","R","$","R","T","E"],"character_chosen":"DEFECT","items_purchased":["Streamline","Frozen Eye","Shuriken","Replay:Towering Pillar of Hats","Gash","hubris:PowerSurge","ReplayTheSpireMod:Fabricate Wheel","Gambling Chip","Darkstone Periapt","BargainBundle","Solar Panel","Gremlin Horn"],"campfire_rested":0,"item_purchase_floors":[2,2,2,2,2,2,2,3,3,24,24,24],"current_hp_per_floor":[75,75,75,75,75,75,75,75,75,65,65,53,53,42,42,28,75,73,15,15,23,12,12,12,12,12,0,0],"gold":2869,"neow_bonus":"THREE_ENEMY_KILL","is_daily":false,"chose_seed":false,"campfire_upgraded":5,"win_rate":0.0,"timestamp":1612430188,"path_taken":["M","?","$","?","?","R","?","M","T","M","R","M","R","?","R","BOSS","M","M","?","?","M","R","$","R","T","E"],"items_purchased_type":["Card","Relic","Relic","Relic","Card","Card","Card","Relic","Relic","Relic","Relic","Relic"],"build_version":"2020-12-22","purchased_purges":3,"victory":false,"max_hp_per_floor":[75,75,75,75,75,75,75,75,75,75,75,75,75,75,75,75,75,75,75,75,75,75,75,75,75,75,75,75],"card_choices":[{"not_picked":["Ball Lightning","Steam"],"picked":"Streamline","floor":1},{"not_picked":["BootSequence","Aggregate"],"picked":"Gash","floor":7},{"not_picked":["Tempest","Redo"],"picked":"Conserve Battery","floor":8},{"not_picked":["Steam","Sweeping Beam"],"picked":"ReplayTheSpireMod:Fabricate Wheel","floor":10},{"not_picked":["Streamline","Lockon","hubris:Prefetch"],"picked":"SKIP","floor":10},{"not_picked":["BasicCrystalCard","Aggregate"],"picked":"Defragment","floor":12},{"not_picked":["Hologram","BasicCrystalCard"],"picked":"Stack","floor":12},{"not_picked":["Leap","Streamline","Steam"],"picked":"SKIP","floor":12},{"not_picked":["Electrodynamics","All For One"],"picked":"ReplayTheSpireMod:Fabricate Wheel","floor":16},{"not_picked":["Fusion","Reprogram"],"picked":"BootSequence","floor":18},{"not_picked":["Ball Lightning","BootSequence"],"picked":"White Noise+1","floor":18},{"not_picked":["Leap","Cold Snap"],"picked":"BootSequence+1","floor":18},{"not_picked":["ReplayTheSpireMod:Repulse+1","Beam Cell"],"picked":"Gash","floor":18},{"not_picked":["White Noise","BasicCrystalCard"],"picked":"ReplayTheSpireMod:GoodbyeWorld+1","floor":19},{"not_picked":["Steam","Beam Cell"],"picked":"Cold Snap","floor":19},{"not_picked":["Barrage","Scrape"],"picked":"ReplayGash+1","floor":19},{"not_picked":["Crystallizer","Beam Cell"],"picked":"Doom and Gloom","floor":19},{"not_picked":["Consume","ReplayTheSpireMod:System Scan"],"picked":"Hologram+1","floor":22},{"not_picked":["Streamline","Multi-Cast"],"picked":"ReplayGash","floor":22},{"not_picked":["Compile Driver+1","White Noise"],"picked":"Genetic Algorithm","floor":22},{"not_picked":["Consume","ReplayTheSpireMod:GoodbyeWorld","Auto Shields"],"picked":"SKIP","floor":22}],"player_experience":34748,"relics_obtained":[{"floor":9,"key":"Mummified Hand"},{"floor":14,"key":"Odd Mushroom"},{"floor":26,"key":"Kunai"}],"event_choices":[{"damage_healed":0,"gold_gain":0,"cards_transformed":["Strike_B"],"player_choice":"Transformed","damage_taken":0,"max_hp_gain":0,"max_hp_loss":0,"event_name":"Transmorgrifier","floor":5,"gold_loss":0,"cards_obtained":["Go for the Eyes"]},{"damage_healed":0,"gold_gain":0,"player_choice":"Fought Mushrooms","damage_taken":0,"max_hp_gain":0,"max_hp_loss":0,"event_name":"Mushrooms","floor":14,"gold_loss":0},{"damage_healed":0,"gold_gain":0,"player_choice":"Ignored","damage_taken":0,"max_hp_gain":0,"max_hp_loss":0,"event_name":"Ghosts","floor":20,"gold_loss":0}],"is_beta":false,"boss_relics":[{"not_picked":["Painkiller Herb","Runic Dome"],"picked":"Philosopher\u0027s Stone"}],"items_purged_floors":[2,3,24],"is_endless":false,"potions_floor_spawned":[1,8,14,18,22],"killed_by":"Slavers","ascension_level":0}}