{"host":"eaiphzh066bwqdh7","time":1612403619,"event":{"mods":["BaseMod","Better Note","Halation","Hubris","Minty Spire (QoL Compilation)","Reliquary","Replay The Spire","StSLib"],"gold_per_floor":[117,133,152,152,166,166,179,179,255,275,275,275,275,292,292,396,396,413,41,37,37,37],"floor_reached":21,"language":"ENG","playtime":630,"items_purged":[],"score":199,"play_id":"43303558-c6ef-486c-b7ec-b0cc2a374a67","local_time":"20210203205339","is_ascension_mode":true,"campfire_choices":[{"data":"Prostrate","floor":6,"key":"SMITH"},{"data":"Vigilance","floor":8,"key":"SMITH"},{"data":"Eruption","floor":11,"key":"SMITH"},{"data":"Defend_P","floor":13,"key":"SMITH"},{"floor":15,"key":"REST"}],"circlet_count":0,"master_deck":["Strike_P","Strike_P","Strike_P","Strike_P","Defend_P","Defend_P","Defend_P+1","Eruption+1","Vigilance+1","Prostrate+1","Prostrate","Devotion","Study"],"relics":["PureWater","Vajra","reliquary:BoilingFlask","Juzu Bracelet","Tiny Chest"],"acts_visited":["Exordium","TheCity"],"potions_floor_usage":[5,5,16,16,16,21],"damage_taken":[{"damage":0,"enemies":"Small Slimes","floor":1,"turns":4},{"damage":10,"enemies":"Cultist","floor":2,"turns":4},{"damage":0,"enemies":"2 Louse","floor":3,"turns":3},{"damage":0,"enemies":"Lots of Slimes","floor":5,"turns":2},{"damage":0,"enemies":"Large Slime","floor":7,"turns":4},{"damage":0,"enemies":"Exordium Wildlife","floor":10,"turns":3},{"damage":0,"enemies":"Looter","floor":14,"turns":2},{"damage":50,"enemies":"Slime Boss","floor":16,"turns":9},{"damage":20,"enemies":"Chosen","floor":18,"turns":4},{"damage":26,"enemies":"2 Thieves","floor":20,"turns":4},{"damage":96,"enemies":"Shelled Parasite and Fungi","floor":21,"turns":3}],"seed_played":"-3622879107577383064","potions_obtained":[{"floor":1,"key":"Block Potion"},{"floor":4,"key":"PowerPotion"},{"floor":4,"key":"DistilledChaos"},{"floor":7,"key":"SteroidPotion"},{"floor":10,"key":"FearPotion"},{"floor":16,"key":"FairyPotion"},{"floor":18,"key":"Energy Potion"}],"is_trial":false,"path_per_floor":["M","M","M","?","M","R","M","R","T","M","R","?","R","M","R","B",null,"M","$","M","M"],"character_chosen":"WATCHER","items_purchased":["Juzu Bracelet","Tiny Chest","Study"],"campfire_rested":1,"item_purchase_floors":[19,19,19],"current_hp_per_floor":[72,62,62,62,62,62,62,62,62,62,62,62,62,62,72,22,72,52,52,26,0,0],"gold":37,"neow_bonus":"RANDOM_COMMON_RELIC","is_daily":false,"chose_seed":false,"campfire_upgraded":4,"win_rate":0.0,"timestamp":1612403619,"path_taken":["M","M","M","?","M","R","M","R","T","?","R","?","R","?","R","BOSS","M","$","M","M"],"items_purchased_type":["Relic","Relic","Card"],"build_version":"2020-12-22","purchased_purges":0,"victory":false,"max_hp_per_floor":[72,72,72,72,72,72,72,72,72,72,72,72,72,72,72,72,72,72,72,72,72,72],"card_choices":[{"not_picked":["Weave","ClearTheMind"],"picked":"Prostrate","floor":1},{"not_picked":["Evaluate","EmptyBody","DeceiveReality"],"picked":"SKIP","floor":2},{"not_picked":["BowlingBash","EmptyFist","CutThroughFate"],"picked":"SKIP","floor":3},{"not_picked":["Replay:BluntJabs","EmptyBody","Replay:ManipulateFuture"],"picked":"SKIP","floor":5},{"not_picked":["Replay:ManipulateFuture","ForeignInfluence","InnerPeace"],"picked":"SKIP","floor":7},{"not_picked":["FearNoEvil","Protect","JustLucky"],"picked":"SKIP","floor":10},{"not_picked":["ThirdEye","SpiritShield"],"picked":"Prostrate","floor":14},{"not_picked":["Establishment","Blasphemy"],"picked":"Devotion","floor":16},{"not_picked":["Replay:BluntJabs","FlyingSleeves","ForeignInfluence"],"picked":"SKIP","floor":18},{"not_picked":["SandsOfTime","Consecrate","Protect+1"],"picked":"SKIP","floor":20}],"player_experience":247475,"relics_obtained":[{"floor":9,"key":"reliquary:BoilingFlask"}],"event_choices":[{"damage_healed":0,"gold_gain":0,"player_choice":"Got Potions","damage_taken":0,"max_hp_gain":0,"max_hp_loss":0,"event_name":"Lab","floor":4,"gold_loss":0},{"cards_removed":["Defend_P"],"damage_healed":0,"gold_gain":0,"player_choice":"Purged","damage_taken":0,"max_hp_gain":0,"max_hp_loss":0,"event_name":"Purifier","floor":12,"gold_loss":0}],"is_beta":false,"boss_relics":[{"not_picked":["Pandora\u0027s Box","reliquary:Ember","Velvet Choker"]}],"items_purged_floors":[],"is_endless":false,"potions_floor_spawned":[1,7,10,16,18],"killed_by":"Shelled Parasite and Fungi","ascension_level":3}}