{"host":"p6y17sixyu8q9v1f","time":1612437565,"event":{"mods":["BaseMod","Colored Map","Minty Spire (QoL Compilation)"],"gold_per_floor":[114,114,64,64,74,74,99,109,178,178,188,188,188,206,206,303,303,316,316,345,377,389,389],"floor_reached":22,"language":"ENG","playtime":1462,"items_purged":[],"score":233,"play_id":"2d76457c-d4a3-4c95-83ad-8c5a80644913","local_time":"20210204051925","is_ascension_mode":true,"campfire_choices":[{"data":"Zap","floor":6,"key":"SMITH"},{"floor":13,"key":"REST"},{"data":"Hologram","floor":15,"key":"SMITH"}],"circlet_count":0,"master_deck":["Strike_B","Strike_B","Strike_B","Defend_B","Defend_B","Defend_B","Zap+1","Dualcast","Go for the Eyes","Rebound","Hologram+1","Go for the Eyes","Gash","Echo Form","Beam Cell"],"relics":["Cracked Core","Du-Vu Doll","PreservedInsect","Omamori","Runic Pyramid","MawBank"],"acts_visited":["Exordium","TheCity"],"potions_floor_usage":[7,16,16,16,21],"damage_taken":[{"damage":6,"enemies":"2 Louse","floor":1,"turns":2},{"damage":4,"enemies":"Jaw Worm","floor":5,"turns":3},{"damage":17,"enemies":"Lagavulin","floor":7,"turns":7},{"damage":0,"enemies":"Small Slimes","floor":8,"turns":2},{"damage":8,"enemies":"2 Fungi Beasts","floor":11,"turns":3},{"damage":5,"enemies":"Exordium Thugs","floor":14,"turns":4},{"damage":2,"enemies":"Slime Boss","floor":16,"turns":7},{"damage":17,"enemies":"Shell Parasite","floor":18,"turns":5},{"damage":24,"enemies":"Spheric Guardian","floor":20,"turns":4},{"damage":16,"enemies":"Snecko","floor":21,"turns":6},{"damage":14,"enemies":"Centurion and Healer","floor":22,"turns":2}],"seed_played":"-3641527781651034397","potions_obtained":[{"floor":5,"key":"Block Potion"},{"floor":7,"key":"FocusPotion"},{"floor":8,"key":"PotionOfCapacity"},{"floor":14,"key":"ColorlessPotion"},{"floor":20,"key":"Fire Potion"},{"floor":21,"key":"Dexterity Potion"}],"is_trial":false,"path_per_floor":["M","?","?","$","M","R","E","M","T","T","M","?","R","M","R","B",null,"M","?","M","M","M"],"character_chosen":"DEFECT","items_purchased":[],"campfire_rested":1,"item_purchase_floors":[],"current_hp_per_floor":[48,41,41,41,37,37,20,20,20,20,12,30,52,47,47,45,68,51,51,27,11,0,0],"gold":389,"neow_bonus":"ONE_RARE_RELIC","is_daily":false,"chose_seed":false,"campfire_upgraded":2,"win_rate":0.0,"timestamp":1612437565,"path_taken":["M","?","?","$","M","R","E","M","T","?","M","?","R","M","R","BOSS","M","?","?","M","?"],"items_purchased_type":[],"build_version":"2020-12-22","purchased_purges":0,"victory":false,"max_hp_per_floor":[75,75,75,75,75,75,75,75,75,75,75,75,75,75,75,75,75,75,75,75,75,75,75],"card_choices":[{"not_picked":["Ball Lightning","Leap"],"picked":"Go for the Eyes","floor":1},{"not_picked":["Loop","Leap"],"picked":"Rebound","floor":5},{"not_picked":["White Noise","Thunder Strike"],"picked":"Hologram","floor":7},{"not_picked":["Compile Driver","Lockon"],"picked":"Go for the Eyes","floor":8},{"not_picked":["Coolheaded","Steam","Rebound"],"picked":"SKIP","floor":11},{"not_picked":["Sweeping Beam","Reboot"],"picked":"Gash","floor":14},{"not_picked":["Biased Cognition","Machine Learning"],"picked":"Echo Form","floor":16},{"not_picked":["Aggregate","Loop"],"picked":"Conserve Battery","floor":18},{"not_picked":["Compile Driver","Turbo"],"picked":"Beam Cell","floor":20},{"not_picked":["Force Field","Tempest+1","Hologram"],"picked":"SKIP","floor":21}],"player_experience":1072571,"relics_obtained":[{"floor":7,"key":"PreservedInsect"},{"floor":10,"key":"Omamori"}],"event_choices":[{"cards_removed":["Strike_B"],"damage_healed":0,"gold_gain":0,"player_choice":"Card Removal","damage_taken":7,"max_hp_gain":0,"max_hp_loss":0,"event_name":"Golden Wing","floor":2,"gold_loss":0},{"cards_removed":["Defend_B"],"damage_healed":0,"gold_gain":0,"player_choice":"Card Removal","damage_taken":0,"max_hp_gain":0,"max_hp_loss":0,"event_name":"The Cleric","floor":3,"gold_loss":50},{"damage_healed":18,"gold_gain":0,"player_choice":"Healed and dodged fight","damage_taken":0,"max_hp_gain":0,"max_hp_loss":0,"event_name":"Mushrooms","floor":12,"gold_loss":0,"cards_obtained":["Parasite"]},{"cards_removed":["Conserve Battery"],"damage_healed":0,"gold_gain":0,"player_choice":"Gave Card","damage_taken":0,"relics_obtained":["MawBank"],"max_hp_gain":0,"max_hp_loss":0,"event_name":"WeMeetAgain","floor":19,"gold_loss":0}],"is_beta":false,"boss_relics":[{"not_picked":["Inserter","SacredBark"],"picked":"Runic Pyramid"}],"items_purged_floors":[],"is_endless":false,"potions_floor_spawned":[5,7,8,14,20,21],"killed_by":"Centurion and Healer","ascension_level":5}}