{"host":"yuwyc1esdalgjt4e","time":1612455245,"event":{"mods":["Arknights","Astrologer","BaseMod","CapriCore","Hermit","KomeijiMod","Marisa????????","Minty Spire (QoL Compilation)","Railgun Mod","Reimu??????","StSLib","The Bug Knight","The Death Knight","The Dragon Tamer","The Hierophant","The Immortal","The Marked","The Servant 0.9.4","The Wild Card","TheSwordswoman","Yuri Mod"],"gold_per_floor":[111,130,130,140,90,117,136,155,204,227,227,227,237,256,256,351,351,366,385,345,357,457,457,491,501,574,1,1,0,33,46,46,145,145,164,18,34,34,46,46,80,80,80,94,125,140,140,159,159,159],"floor_reached":51,"language":"ENG","playtime":1535,"items_purged":[],"score":806,"play_id":"f5b06dc4-fc75-4483-8dc3-b51792f62c28","local_time":"20210204171405","is_ascension_mode":false,"campfire_choices":[{"data":"TheRailgun:Magnetic_Movement","floor":12,"key":"SMITH"},{"floor":15,"key":"REST"},{"data":"TheRailgun:Level_6","floor":23,"key":"SMITH"},{"data":"TheRailgun:Pull","floor":28,"key":"SMITH"},{"data":"TheRailgun:Iron_Dust_Vial","floor":32,"key":"SMITH"},{"data":"TheRailgun:Zip","floor":40,"key":"SMITH"},{"data":"TheRailgun:Heroinism","floor":42,"key":"SMITH"},{"data":"TheRailgun:Supercharge","floor":49,"key":"SMITH"}],"circlet_count":0,"master_deck":["TheRailgun:Strike","TheRailgun:Strike","TheRailgun:Defend","TheRailgun:Defend","TheRailgun:Defend","TheRailgun:Static","TheRailgun:Zip+1","TheRailgun:Stun_Shock","TheRailgun:Biribiri+1","TheRailgun:Thunderbolt","TheRailgun:Magnetic_Movement+1","TheRailgun:Static+1","TheRailgun:Iron_Dust_Vial+1","TheRailgun:Heroinism+1","TheRailgun:Pull+1","TheRailgun:Level_6+1","TheRailgun:Lightning_Speed+1","TheRailgun:Electrical_Fire+1","TheRailgun:Lightning_Speed+1","TheRailgun:Zap","TheRailgun:Supercharge+1","TheRailgun:Iron_Dust_Vial+1"],"relics":["TheRailgun:CoinRelic","Turnip","Omamori","Toy Ornithopter","Odd Mushroom","Cursed Key","ZunR:ReiMu","Pantograph","Darkstone Periapt","Mercury Hourglass","PreservedInsect","HandDrill","Red Mask","Empty Cage","Whetstone","Regal Pillow","Tea:ReiMu","Juzu Bracelet"],"acts_visited":["Exordium","TheCity","TheBeyond"],"potions_floor_usage":[10,10,16,16,16,30],"damage_taken":[{"damage":1,"enemies":"2 Louse","floor":1,"turns":3},{"damage":0,"enemies":"Small Slimes","floor":2,"turns":3},{"damage":0,"enemies":"Cultist","floor":4,"turns":2},{"damage":6,"enemies":"Gremlin Nob","floor":6,"turns":3},{"damage":13,"enemies":"3 Louse","floor":7,"turns":3},{"damage":8,"enemies":"Gremlin Gang","floor":8,"turns":3},{"damage":12,"enemies":"The Mushroom Lair","floor":10,"turns":2},{"damage":1,"enemies":"Exordium Wildlife","floor":13,"turns":4},{"damage":0,"enemies":"2 Fungi Beasts","floor":14,"turns":2},{"damage":0,"enemies":"Slime Boss","floor":16,"turns":6},{"damage":0,"enemies":"Spheric Guardian","floor":18,"turns":3},{"damage":12,"enemies":"Shelled Parasite and Fungi","floor":19,"turns":3},{"damage":12,"enemies":"Snake Plant","floor":21,"turns":3},{"damage":15,"enemies":"Gremlin Leader","floor":24,"turns":4},{"damage":3,"enemies":"Cultist and Chosen","floor":25,"turns":3},{"damage":0,"enemies":"Masked Bandits","floor":30,"turns":2},{"damage":0,"enemies":"Sentry and Sphere","floor":31,"turns":2},{"damage":17,"enemies":"Champ","floor":33,"turns":6},{"damage":0,"enemies":"3 Darklings","floor":35,"turns":3},{"damage":0,"enemies":"Orb Walker","floor":37,"turns":2},{"damage":0,"enemies":"Maw","floor":39,"turns":5},{"damage":7,"enemies":"Giant Head","floor":41,"turns":4},{"damage":12,"enemies":"4 Shapes","floor":44,"turns":2},{"damage":0,"enemies":"HollowMod:StalkingDevout","floor":45,"turns":3},{"damage":13,"enemies":"Jaw Worm Horde","floor":46,"turns":2},{"damage":12,"enemies":"Sphere and 2 Shapes","floor":48,"turns":2},{"damage":60,"enemies":"Time Eater","floor":50,"turns":7}],"seed_played":"2800961483215990692","potions_obtained":[{"floor":1,"key":"SpeedPotion"},{"floor":4,"key":"Regen Potion"},{"floor":7,"key":"Fire Potion"},{"floor":10,"key":"PowerPotion"},{"floor":14,"key":"EssenceOfSteel"},{"floor":19,"key":"SpeedPotion"},{"floor":21,"key":"UndeadPotion"},{"floor":24,"key":"DistilledChaos"},{"floor":33,"key":"GrandPatriotsElixir:ReiMu"}],"is_trial":false,"path_per_floor":["M","M","?","M","?","E","M","M","T","?","?","R","M","M","R","B",null,"M","M","?","M","?","R","E","M","T","$","R","?","?","M","R","B",null,"M","$","M","$","M","R","E","R","T","M","E","M","$","M","R","B",null],"character_chosen":"THE_DEFAULT","items_purchased":["Mercury Hourglass","PreservedInsect","HandDrill","Whetstone"],"campfire_rested":1,"item_purchase_floors":[27,27,27,36],"current_hp_per_floor":[62,62,56,56,56,50,37,29,29,32,32,32,31,31,49,63,63,63,51,51,39,39,39,36,45,45,45,45,45,62,63,63,51,63,63,63,63,63,63,63,56,56,56,51,63,62,62,60,60,15],"gold":159,"neow_bonus":"ONE_RARE_RELIC","is_daily":false,"chose_seed":false,"campfire_upgraded":7,"win_rate":0.0,"timestamp":1612455245,"path_taken":["M","M","?","M","?","E","M","M","T","?","?","R","?","M","R","BOSS","M","M","?","M","?","R","E","?","T","$","R","?","?","M","R","BOSS","M","$","M","$","M","R","E","R","T","M","E","M","$","M","R","BOSS"],"items_purchased_type":["Relic","Relic","Relic","Relic"],"build_version":"2020-12-22","purchased_purges":0,"victory":true,"max_hp_per_floor":[63,63,63,63,63,63,63,63,63,63,63,63,63,63,63,63,63,63,63,63,63,63,63,63,63,63,63,63,63,63,63,63,63,63,63,63,63,63,63,63,63,63,63,63,63,63,63,63,63,63],"card_choices":[{"not_picked":["TheRailgun:Magnetic_Movement","TheRailgun:Hypercharge"],"picked":"TheRailgun:Stun_Shock","floor":1},{"not_picked":["TheRailgun:Coin_Flip","TheRailgun:Sister_Network"],"picked":"TheRailgun:Biribiri","floor":2},{"not_picked":["TheRailgun:Token_Collection","TheRailgun:Teleporter"],"picked":"TheRailgun:Thunderbolt","floor":4},{"not_picked":["TheRailgun:Thunder","TheRailgun:Positive_Field"],"picked":"TheRailgun:Magnetic_Movement","floor":6},{"not_picked":["TheRailgun:Recharge","TheRailgun:Coin_Flip"],"picked":"TheRailgun:Static","floor":7},{"not_picked":["TheRailgun:Sister_Noise","TheRailgun:Thunder"],"picked":"TheRailgun:Iron_Dust_Vial","floor":8},{"not_picked":["TheRailgun:Battery_Pack","TheRailgun:Lightningbolt"],"picked":"TheRailgun:Heroinism","floor":13},{"not_picked":["TheRailgun:Thunderbolt","TheRailgun:Battery_Pack"],"picked":"TheRailgun:Pull","floor":14},{"not_picked":["TheRailgun:Judgement_Officer","TheRailgun:Supercharge"],"picked":"TheRailgun:Level_6","floor":16},{"not_picked":["TheRailgun:Token_Collection+1","TheRailgun:Iron_Dust_Field"],"picked":"TheRailgun:Lightning_Speed+1","floor":18},{"not_picked":["TheRailgun:Crack+1","TheRailgun:Charge"],"picked":"TheRailgun:Electrical_Fire","floor":19},{"not_picked":["TheRailgun:Electrical_Fire","TheRailgun:Stun_Shock"],"picked":"TheRailgun:Lightning_Speed+1","floor":21},{"not_picked":["TheRailgun:Electrical_Storm","TheRailgun:Hypercharge+1"],"picked":"TheRailgun:Zap","floor":24},{"not_picked":["TheRailgun:Thundervolt","TheRailgun:Coin_Flip","TheRailgun:Scatter_Railgun+1"],"picked":"SKIP","floor":25},{"not_picked":["TheRailgun:Mental_Out","TheRailgun:Push","TheRailgun:Zip"],"picked":"SKIP","floor":31},{"not_picked":["TheRailgun:Thunderjolt","TheRailgun:Circuit_Breaker","TheRailgun:Zip"],"picked":"SKIP","floor":35},{"not_picked":["TheRailgun:Hypercharge","TheRailgun:Magnetic_Movement","TheRailgun:Sister_Noise"],"picked":"SKIP","floor":37},{"not_picked":["TheRailgun:Discharge+1","TheRailgun:Push+1","TheRailgun:Charge"],"picked":"SKIP","floor":39},{"not_picked":["TheRailgun:Static+1","TheRailgun:Stun_Shock","TheRailgun:Crack"],"picked":"SKIP","floor":41},{"not_picked":["TheRailgun:Sister_Noise+1","TheRailgun:Electric_Fence"],"picked":"TheRailgun:Supercharge","floor":44},{"not_picked":["TheRailgun:Push","TheRailgun:Lightningbolt","TheRailgun:Scatter_Railgun+1"],"picked":"SKIP","floor":45},{"not_picked":["TheRailgun:Iron_Dust_Sword","TheRailgun:Static"],"picked":"TheRailgun:Iron_Dust_Vial+1","floor":46},{"not_picked":["TheRailgun:Electrical_Storm","TheRailgun:Teleporter+1","TheRailgun:Electrical_Fire+1"],"picked":"SKIP","floor":48}],"player_experience":98180,"relics_obtained":[{"floor":6,"key":"Omamori"},{"floor":9,"key":"Toy Ornithopter"},{"floor":10,"key":"Odd Mushroom"},{"floor":24,"key":"Pantograph"},{"floor":26,"key":"Darkstone Periapt"},{"floor":30,"key":"Red Mask"},{"floor":41,"key":"Regal Pillow"},{"floor":43,"key":"Tea:ReiMu"},{"floor":45,"key":"Juzu Bracelet"}],"event_choices":[{"cards_removed":["TheRailgun:Defend"],"damage_healed":0,"gold_gain":0,"player_choice":"Card Removal","damage_taken":0,"max_hp_gain":0,"max_hp_loss":0,"event_name":"The Cleric","floor":5,"gold_loss":50},{"damage_healed":0,"gold_gain":0,"player_choice":"Fought Mushrooms","damage_taken":0,"max_hp_gain":0,"max_hp_loss":0,"event_name":"Mushrooms","floor":10,"gold_loss":0},{"damage_healed":0,"gold_gain":0,"player_choice":"Ignored","damage_taken":0,"max_hp_gain":0,"max_hp_loss":0,"event_name":"NoteForYourself","floor":11,"gold_loss":0},{"damage_healed":0,"gold_gain":0,"player_choice":"Keep O-miki","damage_taken":0,"relics_obtained":["ZunR:ReiMu"],"max_hp_gain":0,"max_hp_loss":0,"event_name":"ZunEvent","floor":20,"gold_loss":40},{"damage_healed":0,"gold_gain":100,"player_choice":"Pray","damage_taken":0,"max_hp_gain":0,"max_hp_loss":0,"event_name":"Golden Shrine","floor":22,"gold_loss":0},{"damage_healed":0,"gold_gain":0,"player_choice":"Fought Bandits","damage_taken":0,"max_hp_gain":0,"max_hp_loss":0,"event_name":"Masked Bandits","floor":30,"gold_loss":0}],"is_beta":false,"boss_relics":[{"not_picked":["Astrolabe","Snecko Eye"],"picked":"Cursed Key"},{"not_picked":["Tiny House","Fusion Hammer"],"picked":"Empty Cage"}],"items_purged_floors":[],"is_endless":false,"potions_floor_spawned":[1,4,7,8,10,14,19,21,24,33,39,41,45,48],"ascension_level":0}}