{"host":"67d7yvf7wgk1klfn","time":1612397486,"event":{"mods":["Aspiration","BaseMod","Colored Powertips","Conspire","Dark Map","Downfall","Energized Spire","Hubris","Infinite Spire","Minty Spire (QoL Compilation)","Relic Stats","Reliquary","Replay The Spire","Slay the Relics Exporter","Smile Girya","Spire Arcade","StS++","StSLib","ojb\u0027s Better Paths Mod","ojb\u0027s Info Mod"],"gold_per_floor":[112,124,144,19,31,31,58,58,58,93,93,93,93,126,126,223,223,239,258,258,158,171,198,198,198,198,198,198],"floor_reached":27,"language":"ENG","playtime":1163,"items_purged":["downfall:Aged","Defend_R"],"score":249,"play_id":"b7a5f0d6-39cf-4639-84ab-7fff2e63fcbb","local_time":"20210203191126","is_ascension_mode":false,"campfire_choices":[{"data":"Searing Blow","floor":6,"key":"SMITH"},{"data":"Searing Blow+1","floor":8,"key":"SMITH"},{"data":"Searing Blow+2","floor":12,"key":"SMITH"},{"data":"Searing Blow+3","floor":15,"key":"SMITH"},{"data":"Searing Blow+4","floor":24,"key":"SMITH"}],"circlet_count":0,"master_deck":["Strike_R","Strike_R","Defend_R+1","Defend_R","Defend_R+1","Bash","Pommel Strike","Searing Blow+5","Ghostly Armor","Neutralize","conspire:ExplosiveBarrier","StSpp:Betrayal","hubris:SharpeningStone","hubris:ReadiedAction+1","Shrug It Off+1"],"relics":["Burning Blood","Ginger","infinitespire:Lucky Rock","reliquary:MedicineBall","aspiration:StickyExplosives_weak","StSpp:XCola","Empty Cage","Simple Rune","reliquary:KinkedSpring"],"acts_visited":["Exordium","TheCity"],"potions_floor_usage":[3,7,16,23],"damage_taken":[{"damage":6,"enemies":"Cultist","floor":1,"turns":4},{"damage":8,"enemies":"Jaw Worm","floor":2,"turns":4},{"damage":9,"enemies":"infinitespire:Voidling","floor":3,"turns":3},{"damage":2,"enemies":"3 Louse","floor":5,"turns":4},{"damage":33,"enemies":"Lagavulin","floor":7,"turns":9},{"damage":9,"enemies":"3 Sentries","floor":10,"turns":8},{"damage":16,"enemies":"Lagavulin","floor":14,"turns":6},{"damage":31,"enemies":"The Guardian","floor":16,"turns":9},{"damage":19,"enemies":"3 Byrds","floor":18,"turns":8},{"damage":10,"enemies":"2 Thieves","floor":19,"turns":4},{"damage":7,"enemies":"Cultist and Chosen","floor":22,"turns":6},{"damage":46,"enemies":"Gremlin Leader","floor":23,"turns":6},{"damage":33,"enemies":"Nightmare","floor":27,"turns":8}],"seed_played":"-3177276611921379634","potions_obtained":[{"floor":2,"key":"SkillPotion"},{"floor":3,"key":"FearPotion"},{"floor":5,"key":"sneckomod:MuddlingPotion"},{"floor":7,"key":"Energy Potion"},{"floor":16,"key":"LiquidMemories"},{"floor":23,"key":"SkillPotion"}],"is_trial":false,"path_per_floor":["M","M","M","$","M","R","E","R","T","E","?","R","?","E","R","B",null,"M","M","?","$","M","E","R","AVR","T","NM"],"character_chosen":"IRONCLAD","items_purchased":["BlessingOfTheForge"],"campfire_rested":0,"item_purchase_floors":[4],"current_hp_per_floor":[80,78,75,75,79,79,52,52,52,49,54,54,54,44,44,19,85,72,68,68,68,67,27,27,27,27,0,0],"gold":198,"neow_bonus":"ONE_RARE_RELIC","is_daily":false,"chose_seed":false,"campfire_upgraded":5,"win_rate":0.0,"timestamp":1612397486,"path_taken":["M","M","M","$","M","R","E","R","T","E","?","R","?","E","R","BOSS","M","M","?","$","?","E","R","AVR","T","NM"],"items_purchased_type":["Potion"],"build_version":"2020-12-22","purchased_purges":2,"victory":false,"max_hp_per_floor":[80,80,80,80,80,80,80,80,80,80,85,85,85,85,85,85,85,85,85,85,85,85,85,85,85,85,85,85],"relic_stats":{"counters":[13,79],"Ginger":[3],"obtain_stats":[{"reliquary:KinkedSpring":25,"Simple Rune":23,"reliquary:MedicineBall":9,"Ginger":0,"infinitespire:Lucky Rock":7,"StSpp:XCola":14,"Empty Cage":17,"Burning Blood":0,"aspiration:StickyExplosives_weak":10},{"reliquary:KinkedSpring":12,"Simple Rune":12,"reliquary:MedicineBall":5,"Ginger":0,"infinitespire:Lucky Rock":5,"StSpp:XCola":7,"Empty Cage":8,"Burning Blood":0,"aspiration:StickyExplosives_weak":6},{"reliquary:KinkedSpring":71,"Simple Rune":71,"reliquary:MedicineBall":24,"Ginger":0,"infinitespire:Lucky Rock":24,"StSpp:XCola":38,"Empty Cage":47,"Burning Blood":0,"aspiration:StickyExplosives_weak":32}],"Burning Blood":72},"card_choices":[{"not_picked":["hubris:ReadiedAction","StSpp:Succumb"],"picked":"Pommel Strike","floor":1},{"not_picked":["Headbutt","Shockwave"],"picked":"Searing Blow","floor":2},{"not_picked":["Wild Strike","Replay:Undeath\u0027s Touch"],"picked":"Evolve","floor":3},{"not_picked":["Havoc","Evolve"],"picked":"Ghostly Armor","floor":5},{"not_picked":["ReplayTheSpireMod:Corrosion Curse","ReplayTheSpireMod:Strike From Hell","StSpp:Sprint"],"picked":"SKIP","floor":7},{"not_picked":["Dark Embrace","Sword Boomerang","Whirlwind"],"picked":"SKIP","floor":10},{"not_picked":["hubris:ReadiedAction","Thunderclap"],"picked":"conspire:ExplosiveBarrier","floor":14},{"not_picked":["Demonic Infusion","Impervious"],"picked":"StSpp:Betrayal","floor":16},{"not_picked":["Warcry","Pummel","Wild Strike"],"picked":"SKIP","floor":18},{"not_picked":["StSpp:Sprint+1","Pommel Strike"],"picked":"hubris:SharpeningStone","floor":19},{"not_picked":["hubris:ReadiedAction+1","hubris:SharpeningStone","Iron Wave"],"picked":"SKIP","floor":22},{"not_picked":["hubris:SharpeningStone","Iron Wave"],"picked":"hubris:ReadiedAction+1","floor":22},{"not_picked":["Heavy Blade","StSpp:Sprint+1"],"picked":"Shrug It Off+1","floor":23}],"player_experience":678431,"relics_obtained":[{"floor":7,"key":"infinitespire:Lucky Rock"},{"floor":9,"key":"reliquary:MedicineBall"},{"floor":10,"key":"aspiration:StickyExplosives_weak"},{"floor":14,"key":"StSpp:XCola"},{"floor":23,"key":"Simple Rune"}],"event_choices":[{"damage_healed":0,"gold_gain":0,"player_choice":"Donut","damage_taken":0,"max_hp_gain":5,"max_hp_loss":0,"event_name":"Big Fish","floor":11,"gold_loss":0},{"cards_removed":["Evolve"],"damage_healed":0,"gold_gain":0,"player_choice":"Took Card","damage_taken":0,"max_hp_gain":0,"max_hp_loss":0,"event_name":"NoteForYourself","floor":13,"gold_loss":0,"cards_obtained":["Neutralize"]},{"cards_removed":["Strike_R"],"damage_healed":0,"gold_gain":0,"player_choice":"Purged","damage_taken":0,"max_hp_gain":0,"max_hp_loss":0,"event_name":"Purifier","floor":20,"gold_loss":0}],"is_beta":false,"boss_relics":[{"not_picked":["infinitespire:Burning Sword","hubris:RunicObelisk"],"picked":"Empty Cage"}],"items_purged_floors":[4,21],"is_endless":false,"potions_floor_spawned":[2,3,5,7,16,19,22,23],"killed_by":"Nightmare","ascension_level":0}}