{"host":"5n1fl7z5i1vf7jan","time":1612411981,"event":{"mods":["BaseMod","Minty Spire (QoL Compilation)","Quick Restart","Relic Stats"],"gold_per_floor":[109,259,18,36,36,76,76,117,117,117,141,164,178,20,20,20,20],"floor_reached":16,"language":"ENG","playtime":390,"items_purged":["Doubt","Decay"],"score":263,"play_id":"25279fa3-f6c9-45fc-b556-90e084a9b79f","local_time":"20210203201301","is_ascension_mode":true,"campfire_choices":[{"data":"Tantrum","floor":10.0,"key":"SMITH"},{"data":"Vigilance","floor":15.0,"key":"SMITH"}],"circlet_count":0,"master_deck":["AscendersBane","Strike_P","Strike_P","Strike_P","Strike_P","Defend_P","Defend_P","Defend_P","Defend_P","Eruption","Vigilance+1","InnerPeace","Tantrum+1","CrushJoints","ThirdEye","Consecrate","Halt","FlurryOfBlows"],"relics":["PureWater","NeowsBlessing","Anchor","Golden Idol","Meat on the Bone","Singing Bowl","Darkstone Periapt"],"acts_visited":["Exordium"],"potions_floor_usage":[16,16],"damage_taken":[{"damage":0.0,"enemies":"Small Slimes","floor":1.0,"turns":2.0},{"damage":0.0,"enemies":"2 Louse","floor":4.0,"turns":1.0},{"damage":0.0,"enemies":"Gremlin Nob","floor":6.0,"turns":1.0},{"damage":17.0,"enemies":"Lagavulin","floor":8.0,"turns":5.0},{"damage":1.0,"enemies":"Cultist","floor":11.0,"turns":4.0},{"damage":0.0,"enemies":"Exordium Thugs","floor":12.0,"turns":2.0},{"damage":0.0,"enemies":"Looter","floor":13.0,"turns":2.0},{"damage":47,"enemies":"Hexaghost","floor":16,"turns":9}],"seed_played":"3608205157253015047","potions_obtained":[{"floor":4.0,"key":"BlessingOfTheForge"},{"floor":8.0,"key":"GamblersBrew"},{"floor":11.0,"key":"ColorlessPotion"}],"is_trial":false,"path_per_floor":["M","?","$","M","?","E","?","E","T","R","M","M","M","$","R","B"],"character_chosen":"WATCHER","items_purchased":["Anchor","FlurryOfBlows"],"campfire_rested":0,"item_purchase_floors":[3,14],"current_hp_per_floor":[61,61,61,61,61,61,61,44,44,44,43,45,45,45,45,0,0],"gold":20,"neow_bonus":"THREE_ENEMY_KILL","is_daily":false,"chose_seed":false,"campfire_upgraded":2,"win_rate":0.0,"timestamp":1612411981,"path_taken":["M","?","$","M","?","E","?","E","T","R","?","M","M","$","R","BOSS"],"items_purchased_type":["Relic","Card"],"build_version":"2020-12-22","purchased_purges":2,"victory":false,"max_hp_per_floor":[68,68,68,68,62,62,62,62,62,62,62,64,64,64,64,64,64],"relic_stats":{"Darkstone Periapt":0,"Singing Bowl":2,"counters":[8,26],"Golden Idol":29,"obtain_stats":[{"Darkstone Periapt":9,"Anchor":3,"NeowsBlessing":0,"Singing Bowl":8,"Golden Idol":5,"PureWater":0,"Meat on the Bone":6},{"Darkstone Periapt":4,"Anchor":1,"NeowsBlessing":0,"Singing Bowl":4,"Golden Idol":2,"PureWater":0,"Meat on the Bone":3},{"Darkstone Periapt":9,"Anchor":2,"NeowsBlessing":0,"Singing Bowl":9,"Golden Idol":3,"PureWater":0,"Meat on the Bone":4}],"Meat on the Bone":0},"card_choices":[{"not_picked":["ClearTheMind","Perseverance"],"picked":"InnerPeace","floor":1.0},{"not_picked":["SignatureMove","MentalFortress"],"picked":"Tantrum","floor":4.0},{"not_picked":["Prostrate","SashWhip"],"picked":"CrushJoints","floor":6.0},{"not_picked":["Study","CrushJoints"],"picked":"ThirdEye","floor":8.0},{"not_picked":["Study","JustLucky"],"picked":"Consecrate","floor":11.0},{"not_picked":["InnerPeace","ThirdEye","Brilliance"],"picked":"Singing Bowl","floor":12.0},{"not_picked":["Swivel","Crescendo"],"picked":"Halt","floor":13.0}],"player_experience":306751,"relics_obtained":[{"floor":6.0,"key":"Meat on the Bone"},{"floor":8.0,"key":"Singing Bowl"},{"floor":9.0,"key":"Darkstone Periapt"}],"event_choices":[{"damage_healed":0.0,"max_hp_gain":0.0,"max_hp_loss":0.0,"gold_gain":150.0,"event_name":"Liars Game","player_choice":"AGREE","floor":2.0,"gold_loss":0.0,"damage_taken":0.0,"cards_obtained":["Doubt"]},{"damage_healed":0.0,"max_hp_gain":0.0,"max_hp_loss":6.0,"gold_gain":0.0,"event_name":"Golden Idol","player_choice":"Lose Max HP","floor":5.0,"gold_loss":0.0,"damage_taken":0.0,"relics_obtained":["Golden Idol"]},{"damage_healed":0.0,"max_hp_gain":0.0,"max_hp_loss":0.0,"gold_gain":0.0,"event_name":"Wheel of Change","player_choice":"Cursed","floor":7.0,"gold_loss":0.0,"damage_taken":0.0,"cards_obtained":["Decay"]}],"is_beta":false,"boss_relics":[],"items_purged_floors":[3,14],"is_endless":false,"potions_floor_spawned":[4,8,11],"killed_by":"Hexaghost","ascension_level":19}}