{"host":"pmmuxs046gii331m","time":1612461778,"event":{"mods":["AchievementEnabler","BaseMod","Colored Powertips","Downfall","Gold Saver","Infinite Spire","Minty Spire (QoL Compilation)","Permanent Neow","Quick Restart","StSLib"],"gold_per_floor":[124,124,143,143,155,187,187,187,264,280,135,152,162,177,177,179,179],"floor_reached":16,"language":"ENG","playtime":1611,"items_purged":["Defend_P"],"score":104,"play_id":"41f85d5a-801d-4ef2-9108-72531a9c5413","local_time":"20210204130258","is_ascension_mode":false,"campfire_choices":[{"data":"SashWhip","floor":7,"key":"SMITH"},{"data":"WreathOfFlame","floor":15,"key":"SMITH"}],"circlet_count":0,"master_deck":["Strike_P","Strike_P","Strike_P","Strike_P","Defend_P+1","Defend_P","Defend_P+1","Eruption","Vigilance+1","FollowUp+1","EmptyBody","SashWhip+1","LikeWater","WreathOfFlame+1"],"relics":["PureWater","War Paint","Gremlin Horn","infinitespire:Midas Blood"],"acts_visited":["Exordium"],"potions_floor_usage":[6],"damage_taken":[{"damage":5,"enemies":"2 Louse","floor":1,"turns":4},{"damage":0,"enemies":"Small Slimes","floor":3,"turns":2},{"damage":0,"enemies":"Cultist","floor":5,"turns":4},{"damage":31,"enemies":"3 Sentries","floor":6,"turns":13},{"damage":0,"enemies":"3 Louse","floor":10,"turns":5},{"damage":0,"enemies":"Exordium Thugs","floor":12,"turns":3},{"damage":0,"enemies":"Looter","floor":13,"turns":3},{"damage":0,"enemies":"3 Louse","floor":14,"turns":3},{"damage":25,"enemies":"Slime Boss","floor":16,"turns":3}],"seed_played":"-2353575133598357769","potions_obtained":[{"floor":1,"key":"Block Potion"},{"floor":6,"key":"Regen Potion"},{"floor":13,"key":"Explosive Potion"}],"is_trial":false,"path_per_floor":["M","?","M","?","M","E","R","?","T","M","$","M","M","M","R","B"],"character_chosen":"WATCHER","items_purchased":["LikeWater"],"campfire_rested":0,"item_purchase_floors":[11],"current_hp_per_floor":[74,67,67,51,51,20,20,20,20,20,20,20,20,20,20,0,0],"gold":179,"neow_bonus":"TEN_PERCENT_HP_BONUS","is_daily":false,"chose_seed":false,"campfire_upgraded":2,"win_rate":0.0,"timestamp":1612461778,"path_taken":["M","?","M","?","M","E","R","?","T","M","$","M","?","M","R","BOSS"],"items_purchased_type":["Card"],"build_version":"2020-12-22","purchased_purges":1,"victory":false,"max_hp_per_floor":[79,79,79,79,79,79,79,79,79,79,79,79,79,79,79,79,79],"card_choices":[{"not_picked":["ThirdEye","TalkToTheHand"],"picked":"FollowUp","floor":1},{"not_picked":["ThirdEye","EmptyMind"],"picked":"EmptyBody","floor":3},{"not_picked":["Evaluate","WreathOfFlame"],"picked":"SashWhip","floor":5},{"not_picked":["JustLucky","ForeignInfluence","WindmillStrike"],"picked":"SKIP","floor":6},{"not_picked":["Conclude","JustLucky","InnerPeace"],"picked":"SKIP","floor":10},{"not_picked":["FlyingSleeves","Consecrate"],"picked":"WreathOfFlame","floor":12},{"not_picked":["FollowUp","Vengeance","Adaptation"],"picked":"SKIP","floor":13},{"not_picked":["Collect","ThirdEye","WindmillStrike"],"picked":"SKIP","floor":14}],"player_experience":459965,"relics_obtained":[{"floor":6,"key":"Gremlin Horn"}],"event_choices":[{"damage_healed":0,"gold_gain":0,"player_choice":"Success","damage_taken":7,"relics_obtained":["War Paint"],"max_hp_gain":0,"max_hp_loss":0,"event_name":"Scrap Ooze","floor":2,"gold_loss":0},{"damage_healed":0,"gold_gain":0,"player_choice":"Entered Light","damage_taken":16,"max_hp_gain":0,"max_hp_loss":0,"event_name":"Shining Light","floor":4,"gold_loss":0,"cards_upgraded":["FollowUp","Defend_P"]},{"damage_healed":0,"gold_gain":0,"player_choice":"Gave Potion","damage_taken":0,"relics_obtained":["infinitespire:Midas Blood"],"max_hp_gain":0,"max_hp_loss":0,"event_name":"WeMeetAgain","floor":8,"gold_loss":0}],"is_beta":false,"boss_relics":[],"items_purged_floors":[11],"is_endless":false,"potions_floor_spawned":[1,6,13],"killed_by":"Slime Boss","ascension_level":0}}