{"host":"x730sfaw5rd1mxd8","time":1612403163,"event":{"mods":["BaseMod","BetterRewards","Colored Powertips","Highlight Path","Minty Spire (QoL Compilation)","Relic Sorter","Relic Stats","Replay The Spire","StSLib"],"gold_per_floor":[110,129,149,176,196,222,233,266,266,294,294,294,294,326,326,421,421,441,458,383,402,422,422,456,468,468,20,31,62,62,62,62,165,165,182,182,200,220,13,39,39,53,77,95,112,142,142,142,142,142,142,142,33,58,58],"floor_reached":56,"language":"ENG","playtime":3105,"items_purged":["Strike_R","Strike_R"],"score":2188,"play_id":"c9e4bef9-3ddd-4089-8d77-06879cc1d32c","local_time":"20210203204603","is_ascension_mode":true,"campfire_choices":[{"data":"Disarm","floor":11,"key":"SMITH"},{"data":"Whirlwind","floor":13,"key":"SMITH"},{"data":"Bash","floor":15,"key":"SMITH"},{"data":"Pot Of Greed","floor":23,"key":"SMITH"},{"data":"Pot Of Greed","floor":30,"key":"SMITH"},{"data":"Pot Of Greed","floor":32,"key":"SMITH"},{"floor":41,"key":"RECALL"},{"data":"Pot Of Greed","floor":47,"key":"SMITH"},{"data":"Disarm","floor":49,"key":"SMITH"},{"data":"Evolve","floor":52,"key":"SMITH"}],"circlet_count":0,"master_deck":["AscendersBane","Defend_R","Defend_R","Defend_R","Defend_R","Bash+1","Fire Breathing+1","Bandage Up+1","Thunderclap+1","Twin Strike+1","Flame Barrier+1","Anger","Disarm+1","Spot Weakness+1","Whirlwind+1","Pot Of Greed+1","Pot Of Greed+1","Sword Boomerang","Shrug It Off","ReplayTheSpireMod:Stacked","Brutality+1","Pot Of Greed+1","Blood for Blood","Burning Pact","Spot Weakness","Pummel","Offering+1","Power Through","Berserk+1","CurseOfTheBell","Brutality+1","Feel No Pain+1","Disarm+1","Evolve+1","Pot Of Greed+1","Limit Break+1","Shrug It Off+1","Fire Breathing","Replay:Undeath\u0027s Touch","Barricade+1","Entrench+1"],"relics":["Burning Blood","Golden Egg","Sling","Magic Flower","Strawberry","Grinning Jar","Shuriken","Odd Mushroom","Akabeko","Painkiller Herb","Self Forming Clay","Pear","TungstenRod","Iron Hammer","The Courier","Calling Bell","Vajra","Blue Candle","Replay:PocketPolymizer","Bottled Lightning","Ancient Tea Set","Replay:Wax Seal","Lantern","Pantograph"],"acts_visited":["Exordium","TheCity","TheBeyond","TheEnding"],"potions_floor_usage":[6,10,14,21,33,38,55,55,55],"damage_taken":[{"damage":7,"enemies":"Jaw Worm","floor":1,"turns":4},{"damage":3,"enemies":"2 Louse","floor":3,"turns":2},{"damage":6,"enemies":"Small Slimes","floor":5,"turns":4},{"damage":20,"enemies":"Gremlin Nob","floor":6,"turns":3},{"damage":12,"enemies":"Gremlin Gang","floor":7,"turns":4},{"damage":31,"enemies":"Lagavulin","floor":8,"turns":5},{"damage":2,"enemies":"The Mushroom Lair","floor":10,"turns":2},{"damage":0,"enemies":"3 Sentries","floor":14,"turns":1},{"damage":2,"enemies":"The Guardian","floor":16,"turns":9},{"damage":13,"enemies":"Shell Parasite","floor":18,"turns":2},{"damage":2,"enemies":"3 Byrds","floor":19,"turns":3},{"damage":19,"enemies":"Snecko","floor":21,"turns":5},{"damage":13,"enemies":"Cultist and Chosen","floor":22,"turns":2},{"damage":31,"enemies":"Slavers","floor":24,"turns":3},{"damage":4,"enemies":"Centurion and Healer","floor":25,"turns":4},{"damage":10,"enemies":"Snake Plant","floor":28,"turns":4},{"damage":5,"enemies":"Gremlin Leader","floor":29,"turns":2},{"damage":45,"enemies":"Automaton","floor":33,"turns":8},{"damage":5,"enemies":"3 Shapes","floor":35,"turns":3},{"damage":15,"enemies":"Orb Walker","floor":37,"turns":3},{"damage":6,"enemies":"4 Shapes","floor":38,"turns":5},{"damage":29,"enemies":"Reptomancer","floor":40,"turns":3},{"damage":15,"enemies":"Sphere and 2 Shapes","floor":42,"turns":5},{"damage":9,"enemies":"Transient","floor":44,"turns":5},{"damage":10,"enemies":"Spire Growth","floor":45,"turns":3},{"damage":12,"enemies":"Giant Head","floor":46,"turns":4},{"damage":53,"enemies":"Time Eater","floor":50,"turns":7},{"damage":29,"enemies":"Shield and Spear","floor":54,"turns":5},{"damage":67,"enemies":"The Heart","floor":55,"turns":6}],"seed_played":"3783675582424334271","potions_obtained":[{"floor":1,"key":"Milkshake"},{"floor":7,"key":"Energy Potion"},{"floor":8,"key":"DuplicationPotion"},{"floor":14,"key":"Dexterity Potion"},{"floor":18,"key":"Elixir"},{"floor":19,"key":"ColorlessPotion"},{"floor":28,"key":"Strength Potion"},{"floor":33,"key":"Milkshake"},{"floor":37,"key":"Swift Potion"},{"floor":40,"key":"Energy Potion"},{"floor":54,"key":"PowerPotion"}],"is_trial":false,"path_per_floor":["M","?","M","T","M","E","M","E","T","?","R","?","R","E","R","B",null,"?","?","T","?","?","T","E","?","T","T","?","E","T","?","T","B",null,"?","?","?","?","T","E","T","?","T","?","?","E","T","?","T","B",null,"T","T","E","B",null],"character_chosen":"IRONCLAD","items_purchased":["Golden Egg","Fire Breathing","Bandage Up","Thunderclap","Twin Strike","Flame Barrier","Sling","TungstenRod","Offering","Bottled Lightning","Entrench"],"campfire_rested":0,"item_purchase_floors":[0,0,0,0,0,0,0,27,27,39,53],"current_hp_per_floor":[77,45,60,67,79,68,74,61,61,68,68,68,68,77,77,87,87,83,87,87,77,82,82,60,74,84,84,92,97,97,97,97,70,90,97,97,92,97,97,83,83,86,86,95,97,97,97,92,92,57,83,83,83,72,34],"gold":58,"neow_bonus":"","is_daily":false,"chose_seed":false,"campfire_upgraded":9,"win_rate":0.0,"timestamp":1612403163,"path_taken":["M","?","M","?","M","E","M","E","T","?","R","?","R","E","R","BOSS","?","?","T","?","?","T","E","?","T","T","?","E","T","?","T","BOSS","?","?","?","?","T","E","T","?","T","?","?","E","T","?","T","BOSS","T","T","E","BOSS"],"items_purchased_type":["Relic","Card","Card","Card","Card","Card","Relic","Relic","Card","Relic","Card"],"build_version":"2020-12-22","purchased_purges":2,"victory":true,"max_hp_per_floor":[80,80,80,87,87,87,87,87,87,87,87,87,87,87,87,87,87,87,87,87,87,87,87,87,87,97,97,97,97,97,97,97,97,97,97,97,97,97,97,97,97,97,97,97,97,97,97,92,92,92,92,92,92,92,92],"relic_stats":{"counters":[444,2046],"Shuriken":[27],"Self Forming Clay":[381],"Blue Candle":[10],"Pantograph":20,"Magic Flower":[114],"obtain_stats":[{"Golden Egg":8,"Replay:Accelerometer":52,"Whetstone":14,"Ginger":6,"Bottled Tornado":44,"Boot":53,"Sling":0,"Old Coin":47,"Blood Vial":20,"Replay:Wanted Poster":34,"Replay:Ringing Soul":54,"Sundial":28,"Replay:Bronze Core":34,"MealTicket":27,"Replay:Bottled Flurry":0,"Kunai":53,"Replay:Wax Seal":43,"Electric Blood":17,"Replay:Bottled Steam":6,"Pear":9,"Blue Candle":30,"Counterbalance":11,"Velvet Choker":19,"Eternal Feather":9,"Akabeko":27,"SlaversCollar":17,"Bird Faced Urn":12,"Pandora\u0027s Box":34,"Mark of Pain":0,"Kintsugi":17,"Abe\u0027s Treasure":17,"Unceasing Top":49,"Regal Pillow":9,"Lantern":14,"Singing Bowl":10,"Torii":0,"Magic Flower":11,"StoneCalendar":14,"Painkiller Herb":17,"Blue Doll":27,"King of Hearts":12,"Bag of Preparation":9,"Cursed Key":34,"Smiling Mask":24,"Ancient Tea Set":40,"Burning Blood":0,"Pet Ghost":23,"Replay:Rubber Ducky":0,"Matryoshka":0,"Shovel":46,"WingedGreaves":8,"Chemical X":41,"Replay:Bottled Eggs":27,"InkBottle":26,"Paper Frog":9,"Potion Belt":48,"Lee\u0027s Waffle":20,"Golden Idol":11,"Self Forming Clay":7,"Thread and Needle":50,"The Courier":14,"PreservedInsect":22,"Omamori":40,"Frozen Egg 2":0,"MawBank":26,"Busted Crown":17,"Ornamental Fan":50,"Orrery":0,"Turnip":46,"Art of War":40,"Garlic":32,"Champion Belt":56,"Bottled Lightning":9,"ReplayTheSpireMod:Lightbulb":0,"Toy Ornithopter":25,"Ice Cream":14,"Divine Protection":42,"Calipers":6,"Gremlin Horn":9,"CeramicFish":43,"Vajra":0,"Sozu":17,"Centennial Puzzle":9,"Strawberry":28,"Honey Jar":17,"Philosopher\u0027s Stone":17,"Iron Hammer":0,"Toxic Egg 2":9,"Girya":19,"Happy Flower":27,"ReplayTheSpireMod:CursedCoin":0,"Dead Branch":13,"Replay:Grab Bag":17,"Oddly Smooth Stone":26,"Charon\u0027s Ashes":39,"Letter Opener":25,"War Paint":8,"Question Card":0,"OrangePellets":53,"Replay:Baseball":38,"ReplayTheSpireMod:Spearhead":24,"ReplayTheSpireMod:Shallot":30,"Shuriken":55,"Bronze Scales":12,"Simple Rune":28,"Onion Ring":45,"Molten Egg 2":7,"ReplayTheSpireMod:TigerMarble":13,"Black Star":17,"Grinning Jar":25,"Pocketwatch":0,"Darkstone Periapt":5,"ReplayFunnel":19,"Iron Core":3,"Replay:PocketPolymizer":34,"Black Blood":17,"Mango":6,"Juzu Bracelet":42,"Incense Burner":12,"Replay:Mystery Machine":0,"ClockworkSouvenir":0,"Dream Catcher":43,"Nunchaku":38,"Replay:Bandana":0,"TheAbacus":0,"Chameleon Ring":24,"Mummified Hand":0,"Pantograph":23,"Gambling Chip":24,"Replay:Bottled Snecko":6,"Red Skull":6,"Runic Pyramid":34,"Gremlin Food":0,"BargainBundle":0,"Quantum Egg":32,"Guide Book":53,"Replay:WaspNest":0,"Orichalcum":48,"Odd Mushroom":10,"Medical Kit":53,"White Beast Statue":0,"Mercury Hourglass":43,"Calling Bell":34,"Anchor":10,"CaptainsWheel":49,"ChewingGum":17,"Another Sword":42,"Snack Pack":8,"Bag of Marbles":12,"Membership Card":0,"TungstenRod":40,"FossilizedHelix":28},{"Golden Egg":68,"Replay:Accelerometer":153,"Whetstone":70,"Ginger":401,"Bottled Tornado":247,"Boot":153,"Sling":360,"Old Coin":88,"Blood Vial":26,"Replay:Wanted Poster":241,"Replay:Ringing Soul":220,"Sundial":108,"Replay:Bronze Core":311,"MealTicket":58,"Replay:Bottled Flurry":251,"Kunai":153,"Replay:Wax Seal":438,"Electric Blood":51,"Replay:Bottled Steam":364,"Pear":347,"Blue Candle":30,"Counterbalance":349,"Velvet Choker":72,"Eternal Feather":255,"Akabeko":138,"SlaversCollar":24,"Bird Faced Urn":22,"Pandora\u0027s Box":208,"Mark of Pain":0,"Kintsugi":352,"Abe\u0027s Treasure":102,"Unceasing Top":120,"Regal Pillow":275,"Lantern":324,"Singing Bowl":21,"Torii":186,"Magic Flower":49,"StoneCalendar":166,"Painkiller Herb":259,"Blue Doll":358,"King of Hearts":277,"Bag of Preparation":68,"Cursed Key":31,"Smiling Mask":106,"Ancient Tea Set":437,"Burning Blood":0,"Pet Ghost":56,"Replay:Rubber Ducky":93,"Matryoshka":93,"Shovel":151,"WingedGreaves":255,"Chemical X":114,"Replay:Bottled Eggs":78,"InkBottle":377,"Paper Frog":226,"Potion Belt":119,"Lee\u0027s Waffle":340,"Golden Idol":5,"Self Forming Clay":97,"Thread and Needle":90,"The Courier":7,"PreservedInsect":11,"Omamori":245,"Frozen Egg 2":14,"MawBank":106,"Busted Crown":8,"Ornamental Fan":120,"Orrery":330,"Turnip":38,"Art of War":36,"Garlic":109,"Champion Belt":92,"Bottled Lightning":129,"ReplayTheSpireMod:Lightbulb":93,"Toy Ornithopter":306,"Ice Cream":23,"Divine Protection":148,"Calipers":294,"Gremlin Horn":20,"CeramicFish":115,"Vajra":221,"Sozu":338,"Centennial Puzzle":5,"Strawberry":13,"Honey Jar":231,"Philosopher\u0027s Stone":167,"Iron Hammer":155,"Toxic Egg 2":192,"Girya":134,"Happy Flower":203,"ReplayTheSpireMod:CursedCoin":155,"Dead Branch":165,"Replay:Grab Bag":279,"Oddly Smooth Stone":57,"Charon\u0027s Ashes":213,"Letter Opener":266,"War Paint":163,"Question Card":221,"OrangePellets":219,"Replay:Baseball":83,"ReplayTheSpireMod:Spearhead":202,"ReplayTheSpireMod:Shallot":206,"Shuriken":91,"Bronze Scales":6,"Simple Rune":78,"Onion Ring":116,"Molten Egg 2":226,"ReplayTheSpireMod:TigerMarble":132,"Black Star":407,"Grinning Jar":137,"Pocketwatch":41,"Darkstone Periapt":18,"ReplayFunnel":103,"Iron Core":188,"Replay:PocketPolymizer":433,"Black Blood":279,"Mango":19,"Juzu Bracelet":87,"Incense Burner":131,"Replay:Mystery Machine":93,"ClockworkSouvenir":123,"Dream Catcher":37,"Nunchaku":83,"Replay:Bandana":123,"TheAbacus":61,"Chameleon Ring":170,"Mummified Hand":155,"Pantograph":12,"Gambling Chip":27,"Replay:Bottled Snecko":161,"Red Skull":47,"Runic Pyramid":142,"Gremlin Food":155,"BargainBundle":251,"Quantum Egg":80,"Guide Book":249,"Replay:WaspNest":93,"Orichalcum":218,"Odd Mushroom":422,"Medical Kit":394,"White Beast Statue":155,"Mercury Hourglass":181,"Calling Bell":433,"Anchor":69,"CaptainsWheel":152,"ChewingGum":279,"Another Sword":181,"Snack Pack":48,"Bag of Marbles":257,"Membership Card":93,"TungstenRod":214,"FossilizedHelix":239},{"Golden Egg":270,"Replay:Accelerometer":693,"Whetstone":276,"Ginger":1860,"Bottled Tornado":1111,"Boot":693,"Sling":1690,"Old Coin":374,"Blood Vial":107,"Replay:Wanted Poster":1084,"Replay:Ringing Soul":1002,"Sundial":475,"Replay:Bronze Core":1396,"MealTicket":230,"Replay:Bottled Flurry":1133,"Kunai":693,"Replay:Wax Seal":2016,"Electric Blood":208,"Replay:Bottled Steam":1707,"Pear":1608,"Blue Candle":123,"Counterbalance":1619,"Velvet Choker":287,"Eternal Feather":1149,"Akabeko":613,"SlaversCollar":100,"Bird Faced Urn":86,"Pandora\u0027s Box":935,"Mark of Pain":0,"Kintsugi":1635,"Abe\u0027s Treasure":449,"Unceasing Top":539,"Regal Pillow":1226,"Lantern":1469,"Singing Bowl":82,"Torii":830,"Magic Flower":200,"StoneCalendar":746,"Painkiller Herb":1169,"Blue Doll":1675,"King of Hearts":1234,"Bag of Preparation":270,"Cursed Key":130,"Smiling Mask":466,"Ancient Tea Set":2011,"Burning Blood":0,"Pet Ghost":224,"Replay:Rubber Ducky":411,"Matryoshka":411,"Shovel":679,"WingedGreaves":1149,"Chemical X":510,"Replay:Bottled Eggs":311,"InkBottle":1760,"Paper Frog":1023,"Potion Belt":538,"Lee\u0027s Waffle":1566,"Golden Idol":17,"Self Forming Clay":425,"Thread and Needle":385,"The Courier":25,"PreservedInsect":40,"Omamori":1101,"Frozen Egg 2":51,"MawBank":466,"Busted Crown":30,"Ornamental Fan":539,"Orrery":1509,"Turnip":156,"Art of War":146,"Garlic":481,"Champion Belt":400,"Bottled Lightning":578,"ReplayTheSpireMod:Lightbulb":411,"Toy Ornithopter":1366,"Ice Cream":93,"Divine Protection":660,"Calipers":1310,"Gremlin Horn":78,"CeramicFish":521,"Vajra":1010,"Sozu":1554,"Centennial Puzzle":17,"Strawberry":48,"Honey Jar":1045,"Philosopher\u0027s Stone":751,"Iron Hammer":713,"Toxic Egg 2":857,"Girya":598,"Happy Flower":908,"ReplayTheSpireMod:CursedCoin":713,"Dead Branch":743,"Replay:Grab Bag":1251,"Oddly Smooth Stone":226,"Charon\u0027s Ashes":957,"Letter Opener":1198,"War Paint":736,"Question Card":1010,"OrangePellets":999,"Replay:Baseball":343,"ReplayTheSpireMod:Spearhead":903,"ReplayTheSpireMod:Shallot":922,"Shuriken":395,"Bronze Scales":20,"Simple Rune":311,"Onion Ring":524,"Molten Egg 2":1023,"ReplayTheSpireMod:TigerMarble":589,"Black Star":1894,"Grinning Jar":609,"Pocketwatch":170,"Darkstone Periapt":65,"ReplayFunnel":454,"Iron Core":838,"Replay:PocketPolymizer":1997,"Black Blood":1251,"Mango":73,"Juzu Bracelet":367,"Incense Burner":585,"Replay:Mystery Machine":411,"ClockworkSouvenir":554,"Dream Catcher":151,"Nunchaku":343,"Replay:Bandana":554,"TheAbacus":244,"Chameleon Ring":764,"Mummified Hand":713,"Pantograph":44,"Gambling Chip":111,"Replay:Bottled Snecko":730,"Red Skull":189,"Runic Pyramid":629,"Gremlin Food":713,"BargainBundle":1133,"Quantum Egg":320,"Guide Book":1122,"Replay:WaspNest":411,"Orichalcum":988,"Odd Mushroom":1954,"Medical Kit":1829,"White Beast Statue":713,"Mercury Hourglass":808,"Calling Bell":1997,"Anchor":273,"CaptainsWheel":682,"ChewingGum":1251,"Another Sword":808,"Snack Pack":196,"Bag of Marbles":1159,"Membership Card":411,"TungstenRod":963,"FossilizedHelix":1074}],"Burning Blood":1304,"TungstenRod":120},"card_choices":[{"not_picked":["Anger","Fire Breathing","Flex"],"picked":"SKIP","floor":1},{"not_picked":["Fire Breathing","Flex"],"picked":"Anger","floor":1},{"not_picked":["Body Slam","Warcry"],"picked":"Disarm","floor":2},{"not_picked":["Anger","Infernal Blade","Ghostly Armor"],"picked":"SKIP","floor":3},{"not_picked":["Cleave","Iron Wave"],"picked":"Spot Weakness","floor":5},{"not_picked":["Clothesline","Iron Wave"],"picked":"Whirlwind","floor":6},{"not_picked":["Thunderclap","Bludgeon"],"picked":"Sword Boomerang","floor":7},{"not_picked":["Dropkick","Iron Wave"],"picked":"Shrug It Off","floor":8},{"not_picked":["Hemokinesis","Body Slam"],"picked":"ReplayTheSpireMod:Stacked","floor":14},{"not_picked":["Limit Break","Eclipse"],"picked":"Brutality","floor":16},{"not_picked":["Armaments","Iron Wave"],"picked":"Blood for Blood","floor":18},{"not_picked":["Infernal Blade","Clash"],"picked":"Burning Pact","floor":19},{"not_picked":["Sentinel","Power Through"],"picked":"Spot Weakness","floor":21},{"not_picked":["Heavy Blade","Reckless Charge"],"picked":"Pummel","floor":22},{"not_picked":["Perfected Strike","Anger+1","Pummel"],"picked":"SKIP","floor":24},{"not_picked":["Metallicize","ReplayTheSpireMod:LeadingStrike","Headbutt"],"picked":"SKIP","floor":25},{"not_picked":["Reckless Charge","Armaments"],"picked":"Power Through","floor":28},{"not_picked":["Burning Pact","Bloodletting","Bludgeon"],"picked":"SKIP","floor":29},{"not_picked":["Demonic Infusion","Impervious"],"picked":"Berserk","floor":33},{"not_picked":["Anger","Metallicize","Perfected Strike+1"],"picked":"SKIP","floor":35},{"not_picked":["Warcry","Burning Pact+1"],"picked":"Feel No Pain+1","floor":37},{"not_picked":["Run Through","Anger","ReplayTheSpireMod:Limb From Limb"],"picked":"SKIP","floor":38},{"not_picked":["Shockwave+1","Replay:Undeath\u0027s Touch+1"],"picked":"Disarm","floor":40},{"not_picked":["Carnage+1","Pommel Strike","Run Through"],"picked":"SKIP","floor":42},{"not_picked":["Warcry","Shrug It Off+1"],"picked":"Evolve","floor":44},{"not_picked":["Twin Strike","Iron Wave"],"picked":"Limit Break","floor":45},{"not_picked":["Iron Wave","Rupture"],"picked":"Shrug It Off+1","floor":46},{"not_picked":["Body Slam","Shrug It Off","Uppercut"],"picked":"SKIP","floor":54}],"player_experience":4079590,"relics_obtained":[{"floor":2,"key":"Magic Flower"},{"floor":4,"key":"Strawberry"},{"floor":6,"key":"Grinning Jar"},{"floor":8,"key":"Shuriken"},{"floor":10,"key":"Odd Mushroom"},{"floor":14,"key":"Akabeko"},{"floor":24,"key":"Self Forming Clay"},{"floor":26,"key":"Pear"},{"floor":29,"key":"Iron Hammer"},{"floor":34,"key":"Vajra"},{"floor":34,"key":"Blue Candle"},{"floor":34,"key":"Replay:PocketPolymizer"},{"floor":40,"key":"Ancient Tea Set"},{"floor":43,"key":"Replay:Wax Seal"},{"floor":46,"key":"Lantern"},{"floor":54,"key":"Pantograph"}],"event_choices":[{"damage_healed":0,"gold_gain":0,"player_choice":"Fought Mushrooms","damage_taken":0,"max_hp_gain":0,"max_hp_loss":0,"event_name":"Mushrooms","floor":10,"gold_loss":0},{"damage_healed":0,"gold_gain":0,"player_choice":"Upgraded","damage_taken":0,"max_hp_gain":0,"max_hp_loss":0,"event_name":"Upgrade Shrine","floor":12,"gold_loss":0,"cards_upgraded":["Spot Weakness"]},{"damage_healed":0,"gold_gain":0,"player_choice":"Opened","damage_taken":0,"relics_obtained":["The Courier"],"max_hp_gain":0,"max_hp_loss":0,"event_name":"The Mausoleum","floor":31,"gold_loss":0},{"damage_healed":0,"gold_gain":0,"player_choice":"1 cards matched","damage_taken":0,"max_hp_gain":0,"max_hp_loss":0,"event_name":"Match and Keep!","floor":36,"gold_loss":0,"cards_obtained":["Brutality"]},{"damage_healed":0,"gold_gain":0,"player_choice":"Max HP","damage_taken":0,"max_hp_gain":0,"max_hp_loss":5,"event_name":"Winding Halls","floor":48,"gold_loss":0}],"is_beta":false,"boss_relics":[{"not_picked":["Snecko Heart","ReplayTheSpireMod:DimensionalGlitch"],"picked":"Painkiller Herb"},{"not_picked":["Empty Cage","Snecko Eye"],"picked":"Calling Bell"}],"items_purged_floors":[20,53],"is_endless":false,"potions_floor_spawned":[1,7,8,14,18,19,28,33,37,40,42,46,54],"ascension_level":10}}