{"host":"n43wxkei7kulhi8o","time":1612398444,"event":{"mods":["BaseMod","Bestiary","Block Reminder","Colored Map","Colored Powertips","Curses Come First","Custom Start","Dark Map","Highlight Path","Minty Spire (QoL Compilation)","Relic Stats","StSLib"],"gold_per_floor":[110,110,110,185,196,227,227,179,257,18,36,62,62,79,79,182,182,202,214,214,224,237,263,165,165,189,200,224,6,6,34,34,34,34],"floor_reached":33,"language":"ENG","playtime":1133,"items_purged":["Pain"],"score":325,"play_id":"23fa9798-c521-42b9-96f5-528e157159eb","local_time":"20210203192724","is_ascension_mode":false,"campfire_choices":[{"data":"Dualcast","floor":15,"key":"SMITH"},{"floor":25,"key":"REST"},{"data":"Glacier","floor":30,"key":"SMITH"},{"data":"Coolheaded","floor":32,"key":"SMITH"}],"circlet_count":0,"master_deck":["Strike_B","Strike_B","Strike_B","Strike_B","Defend_B","Defend_B","Defend_B","Zap+1","Dualcast+1","Leap","Ball Lightning","Glacier+1","Seek","Coolheaded+1","Force Field","Doom and Gloom","Ball Lightning","Decay","Ball Lightning+1"],"relics":["Cracked Core","NeowsBlessing","Pear","HornCleat","Eternal Feather","Ancient Tea Set","Cursed Key","Question Card","Pen Nib","CeramicFish","Strawberry"],"acts_visited":["Exordium","TheCity"],"potions_floor_usage":[14,33],"damage_taken":[{"damage":0,"enemies":"Jaw Worm","floor":1,"turns":1},{"damage":0,"enemies":"2 Louse","floor":5,"turns":1},{"damage":0,"enemies":"Gremlin Nob","floor":6,"turns":1},{"damage":0,"enemies":"Small Slimes","floor":11,"turns":2},{"damage":10,"enemies":"3 Sentries","floor":12,"turns":8},{"damage":0,"enemies":"Exordium Thugs","floor":14,"turns":5},{"damage":34,"enemies":"The Guardian","floor":16,"turns":12},{"damage":3,"enemies":"Chosen","floor":18,"turns":6},{"damage":0,"enemies":"3 Byrds","floor":19,"turns":6},{"damage":5,"enemies":"Snecko","floor":21,"turns":7},{"damage":10,"enemies":"Snake Plant","floor":22,"turns":4},{"damage":51,"enemies":"Book of Stabbing","floor":23,"turns":8},{"damage":7,"enemies":"3 Cultists","floor":27,"turns":5},{"damage":15,"enemies":"Cultist and Chosen","floor":31,"turns":6},{"damage":65,"enemies":"Champ","floor":33,"turns":10}],"seed_played":"-1889034459999370650","potions_obtained":[{"floor":1,"key":"Fruit Juice"},{"floor":6,"key":"PotionOfCapacity"},{"floor":11,"key":"ColorlessPotion"},{"floor":14,"key":"BlessingOfTheForge"},{"floor":21,"key":"Ancient Potion"},{"floor":27,"key":"DuplicationPotion"}],"is_trial":false,"path_per_floor":["M","?","?","?","M","E","?","$","T","$","M","E","?","M","R","B",null,"M","M","?","M","M","E","$","R","T","M","T","$","R","M","R","B"],"character_chosen":"DEFECT","items_purchased":["Ball Lightning","Eternal Feather","Ball Lightning","PowerPotion","Strawberry"],"campfire_rested":1,"item_purchase_floors":[8,10,24,24,29],"current_hp_per_floor":[75,75,75,64,64,74,74,74,74,74,74,64,64,69,75,41,90,87,87,87,82,72,21,21,57,57,50,50,57,66,51,60,0,0],"gold":34,"neow_bonus":"THREE_ENEMY_KILL","is_daily":false,"chose_seed":false,"campfire_upgraded":3,"win_rate":0.0,"timestamp":1612398444,"path_taken":["M","?","?","?","?","E","?","$","T","$","M","E","?","?","R","BOSS","M","M","?","M","?","E","$","R","T","M","?","?","R","M","R","BOSS"],"items_purchased_type":["Card","Relic","Card","Potion","Relic"],"build_version":"2020-12-22","purchased_purges":1,"victory":false,"max_hp_per_floor":[75,75,75,75,75,85,85,85,85,85,85,85,85,90,90,90,90,90,90,90,90,90,90,90,90,90,90,90,97,97,97,97,97,97],"relic_stats":{"counters":[15,82],"CeramicFish":9,"Eternal Feather":33,"Pen Nib":[3],"Cursed Key":2,"Question Card":2,"obtain_stats":[{"Pear":6,"HornCleat":9,"NeowsBlessing":0,"CeramicFish":28,"Strawberry":29,"Eternal Feather":10,"Pen Nib":26,"Cracked Core":0,"Ancient Tea Set":12,"Cursed Key":17,"Question Card":23},{"Pear":3,"HornCleat":3,"NeowsBlessing":0,"CeramicFish":13,"Strawberry":13,"Eternal Feather":3,"Pen Nib":12,"Cracked Core":0,"Ancient Tea Set":5,"Cursed Key":7,"Question Card":12},{"Pear":3,"HornCleat":3,"NeowsBlessing":0,"CeramicFish":66,"Strawberry":66,"Eternal Feather":3,"Pen Nib":61,"Cracked Core":0,"Ancient Tea Set":13,"Cursed Key":30,"Question Card":61}]},"card_choices":[{"not_picked":["Skim","Reinforced Body"],"picked":"Leap","floor":1},{"not_picked":["Turbo","Sunder","Storm"],"picked":"SKIP","floor":5},{"not_picked":["Go for the Eyes","Redo","Rebound"],"picked":"SKIP","floor":6},{"not_picked":["Cold Snap","Go for the Eyes"],"picked":"Glacier","floor":11},{"not_picked":["Fission","Meteor Strike","Reinforced Body"],"picked":"SKIP","floor":12},{"not_picked":["Loop","Steam","Aggregate"],"picked":"SKIP","floor":14},{"not_picked":["Loop","Steam","Aggregate"],"picked":"SKIP","floor":14},{"not_picked":["Reboot","Echo Form"],"picked":"Seek","floor":16},{"not_picked":["Stack","Turbo","Leap"],"picked":"SKIP","floor":18},{"not_picked":["White Noise","Cold Snap+1"],"picked":"Coolheaded","floor":19},{"not_picked":["Amplify","Force Field"],"picked":"Doom and Gloom","floor":21},{"not_picked":["Recycle+1","Reinforced Body","Hologram"],"picked":"SKIP","floor":22},{"not_picked":["Beam Cell","Redo","Reboot"],"picked":"SKIP","floor":23},{"not_picked":["Go for the Eyes","Turbo","Stack","Cold Snap"],"picked":"SKIP","floor":27},{"not_picked":["Cold Snap+1","Sunder","Rebound+1"],"picked":"Ball Lightning+1","floor":31}],"player_experience":672053,"relics_obtained":[{"floor":6,"key":"Pear"},{"floor":9,"key":"HornCleat"},{"floor":12,"key":"Ancient Tea Set"},{"floor":23,"key":"Question Card"},{"floor":26,"key":"Pen Nib"},{"floor":28,"key":"CeramicFish"}],"event_choices":[{"damage_healed":0,"gold_gain":0,"player_choice":"Leave","damage_taken":0,"max_hp_gain":0,"max_hp_loss":0,"event_name":"The Cleric","floor":2,"gold_loss":0},{"damage_healed":0,"gold_gain":0,"player_choice":"Grow","damage_taken":0,"max_hp_gain":0,"max_hp_loss":0,"event_name":"Living Wall","floor":3,"gold_loss":0,"cards_upgraded":["Zap"]},{"damage_healed":0,"gold_gain":75,"player_choice":"Gather Gold","damage_taken":11,"max_hp_gain":0,"max_hp_loss":0,"event_name":"World of Goop","floor":4,"gold_loss":0},{"damage_healed":0,"gold_gain":0,"player_choice":"Ignored","damage_taken":0,"max_hp_gain":0,"max_hp_loss":0,"event_name":"Golden Wing","floor":7,"gold_loss":0},{"damage_healed":0,"gold_gain":0,"player_choice":"Ignored","damage_taken":0,"max_hp_gain":0,"max_hp_loss":0,"event_name":"Liars Game","floor":13,"gold_loss":0},{"damage_healed":0,"gold_gain":0,"cards_transformed":["Defend_B"],"player_choice":"Transformed","damage_taken":0,"max_hp_gain":0,"max_hp_loss":0,"event_name":"Transmorgrifier","floor":20,"gold_loss":0,"cards_obtained":["Force Field"]}],"is_beta":false,"boss_relics":[{"not_picked":["SlaversCollar","Runic Dome"],"picked":"Cursed Key"}],"items_purged_floors":[29],"is_endless":false,"potions_floor_spawned":[1,6,11,14,18,21,27],"killed_by":"Champ","ascension_level":0}}