{"host":"rxqgn04mcfja67mv","time":1612448653,"event":{"mods":["AchievementEnabler","BaseMod","BetterRewards","Grow up Mod","Hermit","Hubris","Minty Spire (QoL Compilation)","Replay The Spire","Shop Mod","StSLib","The Bug Knight"],"gold_per_floor":[115,115,133,133,168,224,264,294,294,294,344,344,382,435,435,551,551,587,78,106,149,149,149,182,182,262,262,296,296,361,419,419,552,552,582,582,640,684,552,635,635,716,766,849,849,920,958,1008,1008,1042,1042,1042,48,112,138],"floor_reached":56,"language":"ENG","playtime":4298,"items_purged":[],"score":1545,"play_id":"e36018e3-94d8-4783-8670-c10b75078b98","local_time":"20210204142413","is_ascension_mode":true,"campfire_choices":[{"floor":10,"key":"RECALL"},{"floor":12,"key":"REST"},{"data":"Draining Mist","floor":15,"key":"SMITH"},{"floor":23,"key":"REST"},{"floor":25,"key":"REST"},{"floor":29,"key":"REST"},{"floor":32,"key":"DIG"},{"floor":41,"key":"REST"},{"floor":45,"key":"REST"},{"floor":49,"key":"DIG"},{"floor":52,"key":"REST"}],"circlet_count":0,"master_deck":["Strike_G","Strike_G","Strike_G","Strike_G","Strike_G","Defend_G","Defend_G","Defend_G+1","Defend_G","Defend_G","Survivor","Neutralize","Riddle With Holes","Dash","Dagger Spray","ReplayTheSpireMod:Scrap Shanks","Accuracy","Deadly Poison","Draining Mist+1","Deadly Poison","Poison Darts","Bane+1","Hidden Blade","Quick Slash","Slice","Deep Breath","Infinite Blades","ReplayTheSpireMod:Necrogeddon","Doppelganger","Backflip","Predator+1","Necronomicurse","Backstab","RitualDagger","Underhanded Strike","ReplayTheSpireMod:The Works","Terror","Replay:Bag of Tricks","Masterful Stab+1","Backstab","Deadly Poison+1","Eviscerate+1","Replay:Poison Smokescreen","Replay:Poison Smokescreen","Infinite Blades","Blade Dance","Deadly Poison","Bane+1","Toxin Wave","Quick Slash+1","Bane+1","ReplayTheSpireMod:Necrogeddon","Infinite Blades","Predator","Draining Mist","Cloak And Dagger","Dagger Throw+1"],"relics":["hubris:RunicObelisk","Replay:Bandana","Smiling Mask","Replay:Ringing Soul","Snake Skull","Odd Mushroom","Fusion Hammer","BargainBundle","Pet Ghost","Necronomicon","Thread and Needle","Letter Opener","hubris:GrandSneckoEye","Anchor","CeramicFish","Replay:Mystery Machine","Akabeko","Replay:Accelerometer","Counterbalance","hubris:AncientText","Cauldron","Quantum Egg"],"acts_visited":["Exordium","TheCity","TheBeyond","TheEnding"],"potions_floor_usage":[3,20,30,40,44,44,48,48,48,55,55,55],"damage_taken":[{"damage":0,"enemies":"Small Slimes","floor":1,"turns":4},{"damage":9,"enemies":"Cultist","floor":3,"turns":5},{"damage":3,"enemies":"2 Louse","floor":5,"turns":4},{"damage":26,"enemies":"Gremlin Nob","floor":6,"turns":5},{"damage":4,"enemies":"Blue Slaver","floor":7,"turns":4},{"damage":0,"enemies":"Large Slime","floor":8,"turns":6},{"damage":17,"enemies":"HollowMod:MossKnight","floor":11,"turns":8},{"damage":10,"enemies":"3 Louse","floor":13,"turns":3},{"damage":15,"enemies":"The Mushroom Lair","floor":14,"turns":4},{"damage":102,"enemies":"Hexaghost","floor":16,"turns":10},{"damage":22,"enemies":"2 Thieves","floor":18,"turns":5},{"damage":2,"enemies":"Chosen","floor":20,"turns":2},{"damage":23,"enemies":"3 Cultists","floor":21,"turns":5},{"damage":24,"enemies":"Snake Plant","floor":24,"turns":3},{"damage":25,"enemies":"Cultist and Chosen","floor":28,"turns":5},{"damage":22,"enemies":"HollowMod:Nosk","floor":30,"turns":4},{"damage":0,"enemies":"Snecko","floor":31,"turns":3},{"damage":73,"enemies":"hubris:MusketHawk","floor":33,"turns":7},{"damage":10,"enemies":"3 Shapes","floor":35,"turns":3},{"damage":13,"enemies":"3 Darklings","floor":37,"turns":5},{"damage":0,"enemies":"Transient","floor":38,"turns":5},{"damage":0,"enemies":"HollowMod:StalkingDevout","floor":40,"turns":4},{"damage":12,"enemies":"Nemesis","floor":42,"turns":5},{"damage":7,"enemies":"Giant Head","floor":44,"turns":5},{"damage":22,"enemies":"Maw","floor":46,"turns":4},{"damage":6,"enemies":"4 Shapes","floor":47,"turns":4},{"damage":0,"enemies":"Transient","floor":48,"turns":5},{"damage":97,"enemies":"Donu and Deca","floor":50,"turns":8},{"damage":111,"enemies":"Shield and Spear","floor":54,"turns":6},{"damage":129,"enemies":"The Heart","floor":55,"turns":6}],"seed_played":"8023078957967401314","potions_obtained":[{"floor":1,"key":"FearPotion"},{"floor":3,"key":"EssenceOfSteel"},{"floor":6,"key":"Swift Potion"},{"floor":13,"key":"DistilledChaos"},{"floor":16,"key":"Fire Potion"},{"floor":18,"key":"Poison Potion"},{"floor":21,"key":"SteroidPotion"},{"floor":31,"key":"FearPotion"},{"floor":35,"key":"Explosive Potion"},{"floor":40,"key":"Poison Potion"},{"floor":47,"key":"Block Potion"},{"floor":53,"key":"Venom Potion"},{"floor":53,"key":"SteroidPotion"},{"floor":53,"key":"Dexterity Potion"},{"floor":53,"key":"CultistPotion"}],"is_trial":false,"path_per_floor":["M","?","M","?","M","E","M","M","T","R","E","R","M","?","R","B",null,"M","$","M","M","?","R","M","R","T","?","M","R","E","M","R","B",null,"M","?","M","M","$","E","R","E","T","E","R","M","M","M","R","B",null,"R","$","E","B",null],"character_chosen":"THE_SILENT","items_purchased":["BargainBundle","Hidden Blade","Quick Slash","Slice","Deep Breath","Infinite Blades","GhostInAJar","ReplayTheSpireMod:Necrogeddon","Pet Ghost","Doppelganger","Replay:Poison Smokescreen","Infinite Blades","Counterbalance","ReplayTheSpireMod:Necrogeddon","Infinite Blades","Predator","hubris:AncientText","Cauldron","Draining Mist","Cloak And Dagger"],"campfire_rested":7,"item_purchase_floors":[19,19,19,19,19,19,19,19,19,19,39,39,53,53,53,53,53,53,53,53],"current_hp_per_floor":[90,100,101,111,118,102,108,118,128,138,134,201,204,202,212,123,262,253,266,277,267,264,337,326,360,370,377,365,406,397,410,420,360,465,468,481,481,494,507,520,553,554,564,570,599,590,597,610,620,533,668,678,691,593,474],"gold":138,"neow_bonus":"BOSS_RELIC","is_daily":false,"chose_seed":false,"campfire_upgraded":1,"win_rate":0.0,"timestamp":1612448653,"path_taken":["M","?","M","?","M","E","M","?","T","R","E","R","M","?","R","BOSS","M","$","M","M","?","R","M","R","T","?","M","R","E","M","R","BOSS","M","?","M","M","$","E","R","E","T","E","R","M","M","?","R","BOSS","R","$","E","BOSS"],"items_purchased_type":["Relic","Card","Card","Card","Card","Card","Potion","Card","Relic","Card","Card","Card","Relic","Card","Card","Card","Relic","Relic","Card","Card"],"build_version":"2020-12-22","purchased_purges":0,"victory":true,"max_hp_per_floor":[90,100,110,120,130,140,150,160,170,180,193,203,216,229,239,252,262,275,288,301,314,327,337,350,360,370,383,396,406,419,432,442,455,465,478,491,504,517,530,543,553,566,576,589,599,612,625,638,648,658,668,678,691,704,714],"card_choices":[{"not_picked":["PiercingWail","Dagger Throw"],"picked":"Sneak Up","floor":1},{"not_picked":["hubris:SlightOfHand","Dodge and Roll"],"picked":"Riddle With Holes","floor":3},{"not_picked":["Acrobatics","Prepared"],"picked":"Dash","floor":5},{"not_picked":["Backflip","Deflect"],"picked":"Dagger Spray","floor":6},{"not_picked":["Prepared","Flying Knee"],"picked":"ReplayTheSpireMod:Scrap Shanks","floor":7},{"not_picked":["Dodge and Roll","Outmaneuver"],"picked":"Accuracy","floor":8},{"not_picked":["Slice","Flying Knee"],"picked":"Deadly Poison","floor":11},{"not_picked":["Sucker Punch","Glass Knife"],"picked":"Draining Mist","floor":13},{"not_picked":["hubris:SlightOfHand","ReplayTheSpireMod:Speed Training"],"picked":"Deadly Poison","floor":14},{"not_picked":["Burst","Doppelganger"],"picked":"Poison Darts","floor":16},{"not_picked":["Deadly Poison+1","Poisoned Stab+1"],"picked":"Bane+1","floor":18},{"not_picked":["Cloak And Dagger","Dagger Spray"],"picked":"Backflip","floor":20},{"not_picked":["Expertise","Prepared+1"],"picked":"Predator+1","floor":21},{"not_picked":["Cloak And Dagger+1","Slice"],"picked":"Backstab","floor":24},{"not_picked":["Fluid Movement","Doppelganger"],"picked":"Underhanded Strike","floor":28},{"not_picked":["Acrobatics","ReplayTheSpireMod:Speed Training"],"picked":"ReplayTheSpireMod:The Works","floor":30},{"not_picked":["Acrobatics","Outmaneuver"],"picked":"Terror","floor":31},{"not_picked":["ReplayTheSpireMod:Necrosis","Die Die Die"],"picked":"Replay:Bag of Tricks","floor":33},{"not_picked":["Sucker Punch","PiercingWail"],"picked":"Masterful Stab+1","floor":35},{"not_picked":["ReplayTheSpireMod:The Works","hubris:Counter"],"picked":"Deadly Poison+1","floor":37},{"not_picked":["Crippling Poison","Dodge and Roll"],"picked":"Eviscerate+1","floor":38},{"not_picked":["Infinite Blades","Setup+1"],"picked":"Blade Dance","floor":40},{"not_picked":["PiercingWail","Leg Sweep+1"],"picked":"Deadly Poison","floor":42},{"not_picked":["Deadly Poison","Leg Sweep"],"picked":"Bane+1","floor":44},{"not_picked":["hubris:SlightOfHand+1","ReplayTheSpireMod:Necrosis"],"picked":"Toxin Wave","floor":46},{"not_picked":["Leg Sweep","Flying Knee"],"picked":"Quick Slash+1","floor":47},{"not_picked":["Dagger Spray","PiercingWail+1"],"picked":"Bane+1","floor":48},{"not_picked":["Quick Slash","Dodge and Roll"],"picked":"Dagger Throw+1","floor":54}],"player_experience":399071,"relics_obtained":[{"floor":6,"key":"Smiling Mask"},{"floor":9,"key":"Replay:Ringing Soul"},{"floor":11,"key":"Snake Skull"},{"floor":14,"key":"Odd Mushroom"},{"floor":22,"key":"Necronomicon"},{"floor":30,"key":"Thread and Needle"},{"floor":32,"key":"Letter Opener"},{"floor":40,"key":"Anchor"},{"floor":42,"key":"CeramicFish"},{"floor":43,"key":"Replay:Mystery Machine"},{"floor":44,"key":"Akabeko"},{"floor":49,"key":"Replay:Accelerometer"},{"floor":54,"key":"Quantum Egg"}],"event_choices":[{"damage_healed":0,"gold_gain":0,"player_choice":"Gave Potion","damage_taken":0,"relics_obtained":["Replay:Bandana"],"max_hp_gain":0,"max_hp_loss":0,"event_name":"WeMeetAgain","floor":4,"gold_loss":0},{"damage_healed":0,"gold_gain":0,"player_choice":"Fought Mushrooms","damage_taken":0,"max_hp_gain":0,"max_hp_loss":0,"event_name":"Mushrooms","floor":14,"gold_loss":0},{"damage_healed":0,"gold_gain":0,"player_choice":"Obtained Book","damage_taken":16,"max_hp_gain":0,"max_hp_loss":0,"event_name":"Cursed Tome","floor":22,"gold_loss":0},{"damage_healed":0,"gold_gain":0,"player_choice":"Joined the Cult","damage_taken":6,"max_hp_gain":0,"max_hp_loss":0,"event_name":"Nest","floor":27,"gold_loss":0,"cards_obtained":["RitualDagger"]},{"damage_healed":0,"gold_gain":0,"cards_transformed":["Sneak Up"],"player_choice":"Transformed","damage_taken":0,"max_hp_gain":0,"max_hp_loss":0,"event_name":"Transmorgrifier","floor":36,"gold_loss":0,"cards_obtained":["Backstab"]}],"is_beta":false,"boss_relics":[{"not_picked":["Empty Cage","hubris:VirtuousBlindfold"],"picked":"Fusion Hammer"},{"not_picked":["HoveringKite","hubris:HollowSoul"],"picked":"hubris:GrandSneckoEye"}],"items_purged_floors":[],"is_endless":false,"potions_floor_spawned":[1,3,6,13,16,18,21,31,35,37,40,47],"ascension_level":3}}