{"host":"v86vpwf004p2esb7","time":1612479433,"event":{"mods":["AchievementEnabler","BaseMod","BetterRewards","Colored Powertips","Minty Spire (QoL Compilation)","Quick Restart","StSLib","Transform Curses"],"gold_per_floor":[119,138,154,164,164,164,164,239,239,239,274,290,324,341,341,439,439,449,449,449,213,228,228,228],"floor_reached":23,"language":"ENG","playtime":1350,"items_purged":[],"score":326,"play_id":"a18d9e89-c1d3-4b9d-b8ad-b73cbc21a4d0","local_time":"20210204145713","is_ascension_mode":false,"campfire_choices":[{"data":"Bane","floor":6,"key":"SMITH"},{"floor":10,"key":"REST"},{"floor":15,"key":"REST"}],"circlet_count":0,"master_deck":["Defend_G","Defend_G","Defend_G","Defend_G","Defend_G","Survivor+1","Neutralize","Dodge and Roll","Footwork","Bane+1","Deflect","Infinite Blades","Blade Dance","Infinite Blades","Deadly Poison+1","Corpse Explosion+1","Deadly Poison+1","Bite","Bite","Bite","Bite","Bite","Footwork","Deadly Poison+1","Backstab"],"relics":["Ring of the Snake","Bag of Marbles","Paper Crane","Ornamental Fan","Toxic Egg 2","HoveringKite","TwistedFunnel"],"acts_visited":["Exordium","TheCity"],"potions_floor_usage":[14,14],"damage_taken":[{"damage":0,"enemies":"2 Louse","floor":1,"turns":3},{"damage":0,"enemies":"Jaw Worm","floor":2,"turns":3},{"damage":0,"enemies":"Small Slimes","floor":3,"turns":4},{"damage":0,"enemies":"3 Louse","floor":4,"turns":7},{"damage":34,"enemies":"Gremlin Nob","floor":11,"turns":6},{"damage":4,"enemies":"Exordium Wildlife","floor":12,"turns":6},{"damage":5,"enemies":"3 Sentries","floor":13,"turns":11},{"damage":0,"enemies":"Exordium Thugs","floor":14,"turns":7},{"damage":15,"enemies":"The Guardian","floor":16,"turns":9},{"damage":36,"enemies":"Spheric Guardian","floor":18,"turns":6},{"damage":10,"enemies":"Shell Parasite","floor":22,"turns":4},{"damage":25,"enemies":"Gremlin Leader","floor":23,"turns":6}],"seed_played":"-7387200704120229892","potions_obtained":[{"floor":2,"key":"SkillPotion"},{"floor":3,"key":"Dexterity Potion"},{"floor":11,"key":"Poison Potion"},{"floor":16,"key":"Dexterity Potion"}],"is_trial":false,"path_per_floor":["M","M","M","M","?","R","?","?","T","R","E","M","E","M","R","B",null,"M","?","?","$","M","E"],"character_chosen":"THE_SILENT","items_purchased":["TwistedFunnel","Footwork","Deadly Poison+1"],"campfire_rested":2,"item_purchase_floors":[21,21,21],"current_hp_per_floor":[70,70,70,70,63,63,49,38,38,59,25,21,16,16,37,22,70,34,21,21,21,15,0,0],"gold":228,"neow_bonus":"","is_daily":false,"chose_seed":false,"campfire_upgraded":1,"win_rate":0.0,"timestamp":1612479433,"path_taken":["M","M","M","M","?","R","?","?","T","R","E","M","E","M","R","BOSS","M","?","?","$","M","E"],"items_purchased_type":["Relic","Card","Card"],"build_version":"2020-12-22","purchased_purges":0,"victory":false,"max_hp_per_floor":[70,70,70,70,70,70,70,70,70,70,70,70,70,70,70,70,70,70,75,52,52,52,52,52],"card_choices":[{"not_picked":["Expertise","Calculated Gamble"],"picked":"Dodge and Roll","floor":1},{"not_picked":["Setup","Backflip"],"picked":"Footwork","floor":2},{"not_picked":["Dodge and Roll","Calculated Gamble"],"picked":"Bane","floor":3},{"not_picked":["Predator","Well Laid Plans"],"picked":"Deflect","floor":4},{"not_picked":["Cloak And Dagger","Endless Agony"],"picked":"Infinite Blades","floor":11},{"not_picked":["Riddle With Holes","Doppelganger"],"picked":"Blade Dance","floor":12},{"not_picked":["Dagger Throw","Tactician+1"],"picked":"Infinite Blades","floor":13},{"not_picked":["Reflex+1","Crippling Poison+1"],"picked":"Deadly Poison+1","floor":14},{"not_picked":["Grand Finale","Night Terror+1"],"picked":"Corpse Explosion+1","floor":16},{"not_picked":["Dagger Spray+1","Blade Dance+1"],"picked":"Deadly Poison+1","floor":18},{"not_picked":["Deflect+1","Dagger Throw"],"picked":"Backstab","floor":22}],"player_experience":253822,"relics_obtained":[{"floor":9,"key":"Paper Crane"},{"floor":11,"key":"Ornamental Fan"},{"floor":13,"key":"Toxic Egg 2"}],"event_choices":[{"damage_healed":0,"gold_gain":0,"player_choice":"Success","damage_taken":7,"relics_obtained":["Bag of Marbles"],"max_hp_gain":0,"max_hp_loss":0,"event_name":"Scrap Ooze","floor":5,"gold_loss":0},{"damage_healed":0,"gold_gain":0,"player_choice":"Entered Light","damage_taken":14,"max_hp_gain":0,"max_hp_loss":0,"event_name":"Shining Light","floor":7,"gold_loss":0,"cards_upgraded":["Survivor","Strike_G"]},{"damage_healed":0,"gold_gain":75,"player_choice":"Gather Gold","damage_taken":11,"max_hp_gain":0,"max_hp_loss":0,"event_name":"World of Goop","floor":8,"gold_loss":0},{"damage_healed":0,"gold_gain":0,"player_choice":"Shed Blood","damage_taken":18,"max_hp_gain":5,"max_hp_loss":0,"event_name":"Forgotten Altar","floor":19,"gold_loss":0},{"damage_healed":0,"gold_gain":0,"player_choice":"Became a vampire","damage_taken":0,"max_hp_gain":0,"max_hp_loss":23,"event_name":"Vampires","floor":20,"gold_loss":0,"cards_obtained":["Bite","Bite","Bite","Bite","Bite"]}],"is_beta":false,"boss_relics":[{"not_picked":["Fusion Hammer","Coffee Dripper"],"picked":"HoveringKite"}],"items_purged_floors":[],"is_endless":false,"potions_floor_spawned":[2,3,11,13,16],"killed_by":"Gremlin Leader","ascension_level":0}}