{"host":"ogbiwxon24ufqu6w","time":1612405764,"event":{"mods":["AchievementEnabler","Aspiration","BaseMod","Beaked The Cultist","Colored Map","Colored Powertips","Conspire","Googly Eyes","Highlight Path","Infinite Spire","Mimic Mod","Minty Spire (QoL Compilation)","Quick Restart","Relic Sorter","Replay The Spire","Shop Mod","StSLib","The IronCluck"],"gold_per_floor":[116,116,41,41,59,90,110,138,186,186,206,216,216,248,248,248,248],"floor_reached":16,"language":"ENG","playtime":500,"items_purged":[],"score":263,"play_id":"4f97c77b-d18c-4ba1-9dad-5b983dc5fbef","local_time":"20210203212924","is_ascension_mode":true,"campfire_choices":[{"data":"Searing Blow","floor":10,"key":"SMITH"},{"floor":15,"key":"REST"}],"circlet_count":0,"master_deck":["AscendersBane","Strike_R","Strike_R","Strike_R","Strike_R","Defend_R","Defend_R","Defend_R","Defend_R","Bash","Run Through","Impervious+1","Inflame","Fire Breathing","Uppercut","Searing Blow+1","Wild Strike","Body Slam","Cleave","Feed"],"relics":["Burning Blood","NeowsBlessing","WingedGreaves","Replay:Mystery Machine","Anchor","Blue Doll"],"acts_visited":["Exordium"],"potions_floor_usage":[14],"damage_taken":[{"damage":0,"enemies":"Jaw Worm","floor":1,"turns":1},{"damage":0,"enemies":"Small Slimes","floor":5,"turns":2},{"damage":0,"enemies":"Gremlin Nob","floor":6,"turns":1},{"damage":3,"enemies":"Cultist","floor":7,"turns":4},{"damage":40,"enemies":"3 Sentries","floor":8,"turns":6},{"damage":13,"enemies":"Blue Slaver","floor":11,"turns":3},{"damage":5,"enemies":"Exordium Wildlife","floor":12,"turns":4},{"damage":27,"enemies":"conspire:MimicChest","floor":14,"turns":6},{"damage":62,"enemies":"The Guardian","floor":16,"turns":9}],"seed_played":"2515025529301876495","potions_obtained":[{"floor":5,"key":"Venom Potion"},{"floor":7,"key":"Reflective Coating"},{"floor":11,"key":"Adrenaline Potion"}],"is_trial":false,"path_per_floor":["M","?","$","?","M","E","M","E","T","R","M","M","?","?","R","B"],"character_chosen":"IRONCLAD","items_purchased":["Inflame"],"campfire_rested":1,"item_purchase_floors":[3],"current_hp_per_floor":[74,74,74,74,75,75,75,41,41,41,34,35,60,39,61,0,0],"gold":248,"neow_bonus":"THREE_ENEMY_KILL","is_daily":false,"chose_seed":false,"campfire_upgraded":1,"win_rate":0.0,"timestamp":1612405764,"path_taken":["M","?","$","?","M","E","M","E","T","R","M","M","?","?","R","BOSS"],"items_purchased_type":["Card"],"build_version":"2020-12-22","purchased_purges":0,"victory":false,"max_hp_per_floor":[75,75,75,75,75,75,75,75,75,75,75,75,75,75,75,75,75],"card_choices":[{"not_picked":["Sword Boomerang","Warcry"],"picked":"Run Through","floor":1},{"not_picked":["Seeing Red","Sword Boomerang"],"picked":"Fire Breathing","floor":5},{"not_picked":["ReplayTheSpireMod:Strike From Hell","Reaper"],"picked":"Uppercut","floor":6},{"not_picked":["Warcry","Cleave"],"picked":"Searing Blow","floor":7},{"not_picked":["conspire:Charge","Bloodletting"],"picked":"Wild Strike","floor":8},{"not_picked":["Headbutt","Metallicize"],"picked":"Body Slam","floor":11},{"not_picked":["Havoc","Thunderclap"],"picked":"Cleave","floor":12},{"not_picked":["Ghostly Armor","Clothesline"],"picked":"Feed","floor":14}],"player_experience":1286331,"relics_obtained":[{"floor":6,"key":"WingedGreaves"},{"floor":8,"key":"Replay:Mystery Machine"},{"floor":9,"key":"Anchor"},{"floor":14,"key":"Blue Doll"}],"event_choices":[{"damage_healed":25,"gold_gain":0,"player_choice":"Banana","damage_taken":0,"max_hp_gain":0,"max_hp_loss":0,"event_name":"Big Fish","floor":13,"gold_loss":0}],"is_beta":false,"boss_relics":[],"items_purged_floors":[],"is_endless":false,"potions_floor_spawned":[5,7,11],"killed_by":"The Guardian","ascension_level":19}}