{"host":"zsnmfqgcm92hlreo","time":1612405381,"event":{"mods":["AchievementEnabler","Act Like it!","BaseMod","Bestiary","Block Reminder","Colored Map","Colored Powertips","Hermit","Jorbs\u0027s Wanderer Trilogy","Minty Spire (QoL Compilation)","Permanent Neow","Quick Restart","Relic Stats","StSLib","Weighted Paths"],"gold_per_floor":[364,514,525,206,206,240,250,284,310,82,82,93,93,93,93,165,165,165,8,8,8,8,8,8,8,8,8,8,8,8,8,8,8,8],"floor_reached":33,"language":"ENG","playtime":1166,"items_purged":["Doubt"],"score":622,"play_id":"3263bb71-31f7-43ba-95f1-a1f3e8a6abc1","local_time":"20210203202301","is_ascension_mode":true,"campfire_choices":[{"floor":11.0,"key":"REST"},{"floor":13.0,"key":"REST"},{"data":"Loop","floor":15.0,"key":"SMITH"},{"floor":24.0,"key":"REST"},{"floor":28,"key":"REST"},{"floor":32,"key":"REST"}],"circlet_count":0,"master_deck":["AscendersBane","Strike_B","Strike_B","Strike_B","Strike_B","Defend_B","Defend_B","Defend_B","Defend_B","Zap","Dualcast","Sweeping Beam","Defragment+1","Capacitor","Coolheaded","Seek","Self Repair","Coolheaded","Ball Lightning","Loop+1","Leap","Reboot","Hologram+1","Machine Learning","Chaos+1","Doom and Gloom","Amplify","Writhe","Self Repair","Barrage","Coolheaded","Loop","BootSequence","Reinforced Body+1"],"relics":["Cracked Core","PreservedInsect","Boot","Dream Catcher","Orichalcum","OrangePellets","Ectoplasm","Orrery","Calipers","Girya","Singing Bowl","Mummified Hand","MealTicket"],"acts_visited":["Exordium","TheCity"],"potions_floor_usage":[27,31,31],"damage_taken":[{"damage":4.0,"enemies":"Jaw Worm","floor":1.0,"turns":3.0},{"damage":10.0,"enemies":"Small Slimes","floor":3.0,"turns":3.0},{"damage":14.0,"enemies":"Gremlin Nob","floor":6.0,"turns":3.0},{"damage":5.0,"enemies":"Cultist","floor":7.0,"turns":4.0},{"damage":22.0,"enemies":"3 Sentries","floor":8.0,"turns":5.0},{"damage":18.0,"enemies":"Large Slime","floor":12.0,"turns":6.0},{"damage":30.0,"enemies":"The Guardian","floor":16.0,"turns":12.0},{"damage":15.0,"enemies":"Spheric Guardian","floor":18.0,"turns":4.0},{"damage":0.0,"enemies":"Chosen","floor":22.0,"turns":3.0},{"damage":49.0,"enemies":"Slavers","floor":23.0,"turns":5.0},{"damage":16.0,"enemies":"Gremlin Leader","floor":25.0,"turns":5.0},{"damage":20,"enemies":"Centurion and Healer","floor":27,"turns":6},{"damage":33,"enemies":"Snake Plant","floor":29,"turns":6},{"damage":19,"enemies":"Slavers","floor":31,"turns":2},{"damage":33,"enemies":"Collector","floor":33,"turns":3}],"seed_played":"-2523518731610127359","potions_obtained":[{"floor":6.0,"key":"Strength Potion"},{"floor":7.0,"key":"SpeedPotion"},{"floor":25.0,"key":"PowerPotion"},{"floor":29,"key":"AttackPotion"}],"is_trial":false,"path_per_floor":["M","?","M","$","?","E","M","E","T","$","R","M","R","?","R","B",null,"M","$","?","?","M","E","R","E","T","M","R","M","$","E","R","B"],"character_chosen":"DEFECT","items_purchased":["Capacitor","PreservedInsect","OrangePellets","Coolheaded","Orrery"],"campfire_rested":5,"item_purchase_floors":[4,4,10,10,19],"current_hp_per_floor":[42,42,32,32,55,41,36,14,14,14,35,24,45,45,45,22,59,44,44,58,58,58,9,30,28,28,22,43,24,24,5,28,0,0],"gold":8,"neow_bonus":"TWO_FIFTY_GOLD","is_daily":false,"chose_seed":false,"campfire_upgraded":1,"win_rate":0.0,"timestamp":1612405381,"path_taken":["M","?","M","$","?","E","M","E","T","?","R","M","R","?","R","BOSS","M","$","?","?","M","E","R","E","T","M","R","M","$","E","R","BOSS"],"items_purchased_type":["Card","Relic","Relic","Card","Relic"],"build_version":"2020-12-22","purchased_purges":1,"victory":false,"max_hp_per_floor":[71,71,71,71,71,71,71,71,71,71,71,71,71,71,71,71,71,71,71,71,71,71,71,71,71,71,71,71,71,71,71,73,73,73],"relic_stats":{"OrangePellets":[2],"Dream Catcher":5,"Singing Bowl":2,"counters":[15,70],"Mummified Hand":[12],"MealTicket":0,"PreservedInsect":182,"Ectoplasm":151,"Orichalcum":[114],"Boot":[10],"obtain_stats":[{"Girya":23,"Calipers":21,"Singing Bowl":25,"PreservedInsect":4,"Orichalcum":9,"Boot":6,"OrangePellets":10,"Dream Catcher":8,"Mummified Hand":26,"Orrery":19,"MealTicket":31,"Ectoplasm":17,"Cracked Core":0},{"Girya":10,"Calipers":8,"Singing Bowl":11,"PreservedInsect":2,"Orichalcum":5,"Boot":3,"OrangePellets":5,"Dream Catcher":5,"Mummified Hand":11,"Orrery":8,"MealTicket":14,"Ectoplasm":7,"Cracked Core":0},{"Girya":48,"Calipers":40,"Singing Bowl":53,"PreservedInsect":6,"Orichalcum":18,"Boot":9,"OrangePellets":18,"Dream Catcher":18,"Mummified Hand":53,"Orrery":40,"MealTicket":67,"Ectoplasm":36,"Cracked Core":0}]},"card_choices":[{"not_picked":["Beam Cell","Leap"],"picked":"Sweeping Beam","floor":1.0},{"not_picked":["Steam Power","Turbo"],"picked":"Defragment","floor":3.0},{"not_picked":["Undo","Skim"],"picked":"Coolheaded","floor":6.0},{"not_picked":["Rebound","Barrage"],"picked":"Seek","floor":7.0},{"not_picked":["Sweeping Beam","All For One"],"picked":"Self Repair","floor":8.0},{"not_picked":["Streamline","Stack"],"picked":"Ball Lightning","floor":11.0},{"not_picked":["Gash","Streamline"],"picked":"Loop","floor":12.0},{"not_picked":["Compile Driver","Gash"],"picked":"Leap","floor":13.0},{"not_picked":["Meteor Strike","All For One"],"picked":"Reboot","floor":16.0},{"not_picked":["Compile Driver","Barrage"],"picked":"Hologram+1","floor":18.0},{"not_picked":["Double Energy+1","Multi-Cast"],"picked":"Machine Learning","floor":19.0},{"not_picked":["Steam Power","Aggregate"],"picked":"Chaos+1","floor":19.0},{"not_picked":["Rebound","Melter"],"picked":"Doom and Gloom","floor":19.0},{"not_picked":["Seek","Barrage"],"picked":"Amplify","floor":19.0},{"not_picked":["Leap","Conserve Battery","Sweeping Beam"],"picked":"SKIP","floor":22.0},{"not_picked":["Ball Lightning","Leap"],"picked":"Self Repair","floor":23.0},{"not_picked":["Leap","Steam"],"picked":"Barrage","floor":25.0},{"not_picked":["Redo","Steam+1"],"picked":"Coolheaded","floor":27},{"not_picked":["Fission","Double Energy"],"picked":"Loop","floor":28},{"not_picked":["Steam","Heatsinks"],"picked":"BootSequence","floor":29},{"not_picked":["Cold Snap","Redo"],"picked":"Reinforced Body+1","floor":31},{"not_picked":["Lockon","Barrage","Turbo+1"],"picked":"Singing Bowl","floor":32}],"player_experience":1016287,"relics_obtained":[{"floor":6.0,"key":"Boot"},{"floor":8.0,"key":"Dream Catcher"},{"floor":9.0,"key":"Orichalcum"},{"floor":23.0,"key":"Girya"},{"floor":25.0,"key":"Singing Bowl"},{"floor":26.0,"key":"Mummified Hand"},{"floor":31,"key":"MealTicket"}],"event_choices":[{"damage_healed":0.0,"max_hp_gain":0.0,"max_hp_loss":0.0,"gold_gain":150.0,"event_name":"Liars Game","player_choice":"AGREE","floor":2.0,"gold_loss":0.0,"damage_taken":0.0,"cards_obtained":["Doubt"]},{"damage_healed":23.0,"max_hp_gain":0.0,"max_hp_loss":0.0,"gold_gain":0.0,"event_name":"Big Fish","player_choice":"Banana","floor":5.0,"gold_loss":0.0,"damage_taken":0.0},{"damage_healed":0.0,"max_hp_gain":0.0,"max_hp_loss":0.0,"gold_gain":0.0,"event_name":"Upgrade Shrine","player_choice":"Upgraded","floor":14.0,"gold_loss":0.0,"damage_taken":0.0,"cards_upgraded":["Defragment"]},{"damage_healed":14.0,"max_hp_gain":0.0,"max_hp_loss":0.0,"gold_gain":0.0,"event_name":"The Library","player_choice":"Heal","floor":20.0,"gold_loss":0.0,"damage_taken":0.0},{"damage_healed":0.0,"max_hp_gain":0.0,"max_hp_loss":0.0,"gold_gain":0.0,"event_name":"The Mausoleum","player_choice":"Opened","floor":21.0,"gold_loss":0.0,"damage_taken":0.0,"relics_obtained":["Calipers"],"cards_obtained":["Writhe"]}],"is_beta":false,"boss_relics":[{"not_picked":["Busted Crown","SacredBark"],"picked":"Ectoplasm"}],"items_purged_floors":[4],"is_endless":false,"potions_floor_spawned":[6,7,8,18,25,29],"killed_by":"Collector","ascension_level":20}}