{"host":"5n1fl7z5i1vf7jan","time":1612411220,"event":{"mods":["BaseMod","Minty Spire (QoL Compilation)","Quick Restart","Relic Stats"],"gold_per_floor":[18,41,41,59,59,59,69,104,184,216,230,250,261,14,14,87,87,104,104,28,28,28],"floor_reached":21,"language":"ENG","playtime":753,"items_purged":["Strike_P"],"score":564,"play_id":"e05c3107-e22c-4714-a4e2-97d14c1dc43f","local_time":"20210203200020","is_ascension_mode":true,"campfire_choices":[{"data":"CarveReality","floor":6.0,"key":"SMITH"},{"floor":15,"key":"REST"}],"circlet_count":0,"master_deck":["AscendersBane","Strike_P","Strike_P","Defend_P","Defend_P","Defend_P","Eruption+1","Vigilance","DevaForm","Halt","CarveReality+1","InnerPeace","FlurryOfBlows+1","Consecrate","ThirdEye","CutThroughFate","MentalFortress","Wish","FlyingSleeves","MentalFortress","MentalFortress"],"relics":["PureWater","Boot","Art of War","White Beast Statue","Whetstone","Akabeko","Velvet Choker"],"acts_visited":["Exordium","TheCity"],"potions_floor_usage":[12,16,21],"damage_taken":[{"damage":0.0,"enemies":"Cultist","floor":1.0,"turns":4.0},{"damage":9.0,"enemies":"2 Louse","floor":4.0,"turns":3.0},{"damage":2.0,"enemies":"Small Slimes","floor":7.0,"turns":3.0},{"damage":19.0,"enemies":"3 Sentries","floor":8.0,"turns":6.0},{"damage":38.0,"enemies":"Gremlin Nob","floor":10.0,"turns":4.0},{"damage":0.0,"enemies":"Red Slaver","floor":11.0,"turns":1.0},{"damage":4,"enemies":"Exordium Thugs","floor":12,"turns":4},{"damage":0,"enemies":"3 Louse","floor":13,"turns":2},{"damage":26,"enemies":"Slime Boss","floor":16,"turns":6},{"damage":8,"enemies":"Shell Parasite","floor":18,"turns":2},{"damage":52,"enemies":"3 Byrds","floor":21,"turns":4}],"seed_played":"5589166382698267671","potions_obtained":[{"floor":4.0,"key":"SkillPotion"},{"floor":5.0,"key":"FairyPotion"},{"floor":10.0,"key":"Swift Potion"},{"floor":11.0,"key":"PowerPotion"},{"floor":12,"key":"GamblersBrew"},{"floor":13,"key":"ColorlessPotion"},{"floor":16,"key":"FearPotion"}],"is_trial":false,"path_per_floor":["M","T","?","M","?","R","M","E","T","E","M","M","M","$","R","B",null,"M","?","$","M"],"character_chosen":"WATCHER","items_purchased":["Akabeko","MentalFortress"],"campfire_rested":1,"item_purchase_floors":[14,20],"current_hp_per_floor":[61,61,61,52,52,52,50,31,31,20,20,16,16,16,36,10,54,46,46,46,0,0],"gold":28,"neow_bonus":"TRANSFORM_TWO_CARDS","is_daily":false,"chose_seed":false,"campfire_upgraded":1,"win_rate":0.0,"timestamp":1612411220,"path_taken":["M","?","?","M","?","R","M","E","T","E","M","M","?","?","R","BOSS","M","?","$","M"],"items_purchased_type":["Relic","Card"],"build_version":"2020-12-22","purchased_purges":1,"victory":false,"max_hp_per_floor":[68,68,68,68,68,68,68,68,68,68,68,68,68,68,68,68,68,68,68,68,68,68],"relic_stats":{"counters":[11,39],"Art of War":[0],"Whetstone":["FlurryOfBlows","Eruption"],"Boot":[17],"obtain_stats":[{"Velvet Choker":17,"Art of War":8,"Whetstone":10,"PureWater":0,"Boot":2,"White Beast Statue":9,"Akabeko":14},{"Velvet Choker":9,"Art of War":4,"Whetstone":5,"PureWater":0,"Boot":1,"White Beast Statue":4,"Akabeko":8},{"Velvet Choker":33,"Art of War":16,"Whetstone":20,"PureWater":0,"Boot":4,"White Beast Statue":16,"Akabeko":27}]},"card_choices":[{"not_picked":["EmptyFist","Meditate"],"picked":"CarveReality","floor":1.0},{"not_picked":["Study","PathToVictory"],"picked":"InnerPeace","floor":4.0},{"not_picked":["Consecrate","Collect"],"picked":"FlurryOfBlows","floor":7.0},{"not_picked":["Swivel","PathToVictory","Nirvana"],"picked":"SKIP","floor":8.0},{"not_picked":["JustLucky","EmptyBody"],"picked":"Consecrate","floor":10.0},{"not_picked":["SpiritShield","EmptyFist"],"picked":"ThirdEye","floor":11.0},{"not_picked":["PathToVictory","EmptyMind"],"picked":"CutThroughFate","floor":12},{"not_picked":["DeceiveReality","BowlingBash"],"picked":"MentalFortress","floor":13},{"not_picked":["Establishment","SpiritShield"],"picked":"Wish","floor":16},{"not_picked":["Prostrate","DeceiveReality"],"picked":"FlyingSleeves","floor":18}],"player_experience":306751,"relics_obtained":[{"floor":2.0,"key":"Boot"},{"floor":8.0,"key":"Art of War"},{"floor":9.0,"key":"White Beast Statue"},{"floor":10.0,"key":"Whetstone"}],"event_choices":[{"damage_healed":0.0,"max_hp_gain":0.0,"max_hp_loss":0.0,"gold_gain":0.0,"event_name":"The Cleric","player_choice":"Leave","floor":3.0,"gold_loss":0.0,"damage_taken":0.0},{"damage_healed":0.0,"max_hp_gain":0.0,"max_hp_loss":0.0,"gold_gain":0.0,"event_name":"Lab","player_choice":"Got Potions","floor":5.0,"gold_loss":0.0,"damage_taken":0.0},{"damage_healed":0,"gold_gain":0,"player_choice":"Copied","damage_taken":0,"max_hp_gain":0,"max_hp_loss":0,"event_name":"Duplicator","floor":19,"gold_loss":0,"cards_obtained":["MentalFortress"]}],"is_beta":false,"boss_relics":[{"not_picked":["Pandora\u0027s Box","Runic Pyramid"],"picked":"Velvet Choker"}],"items_purged_floors":[14],"is_endless":false,"potions_floor_spawned":[4,7,10,11,12,13,16,18],"killed_by":"3 Byrds","ascension_level":19}}