{"host":"rolltorest","time":1612398520,"event":{"mods":["BaseMod","Minty Spire (QoL Compilation)","Relic Stats","Slay the Relics Exporter","StSLib"],"gold_per_floor":[114,114,114,9,9,41,41,76,88,100,137,163,190,39,39,113,113,125,125,125,141,54,54,88,108,108,127,160,195,195,22,22,98,98,118,118,128,40,55,82,82,114,114,114,14,32,57,76,76,76,76,76,76,76,76,76],"floor_reached":55,"language":"ENG","playtime":2362,"items_purged":["Strike_B","Normality"],"score":2593,"play_id":"c802baa7-1d15-4f50-b471-cd93d07d2d16","local_time":"20210203162840","is_ascension_mode":true,"campfire_choices":[{"data":"Biased Cognition","floor":10,"key":"SMITH"},{"data":"Defragment","floor":15,"key":"SMITH"},{"data":"Ghostly","floor":23,"key":"SMITH"},{"floor":32,"key":"REST"},{"data":"Seek","floor":41,"key":"SMITH"},{"floor":44,"key":"RECALL"},{"data":"Capacitor","floor":49,"key":"SMITH"},{"data":"Coolheaded","floor":53,"key":"SMITH"}],"circlet_count":0,"master_deck":["AscendersBane","Defend_B","Defend_B","Defend_B+1","Dualcast","Ball Lightning+1","Sweeping Beam","Defragment+1","Coolheaded","Biased Cognition+1","Capacitor","Recycle+1","Undo","Cold Snap","Defragment+1","Reboot","Loop+1","Core Surge+1","Defragment+1","Coolheaded","Ghostly+1","Ghostly","Ghostly+1","Self Repair","Skim","Barrage","Coolheaded+1","Lockon","Compile Driver","Glacier+1","Seek+1","Capacitor+1","Coolheaded+1","Creative AI"],"relics":["Cracked Core","NeowsBlessing","Centennial Puzzle","MawBank","HornCleat","Bag of Preparation","Astrolabe","Kunai","Mummified Hand","Red Mask","Oddly Smooth Stone","Enchiridion","War Paint","Cursed Key","FossilizedHelix","Ice Cream","Akabeko"],"acts_visited":["Exordium","TheCity","TheBeyond","TheEnding"],"potions_floor_usage":[24,24,55],"damage_taken":[{"damage":0,"enemies":"Small Slimes","floor":1,"turns":1},{"damage":0,"enemies":"Gremlin Nob","floor":6,"turns":1},{"damage":0,"enemies":"3 Sentries","floor":8,"turns":1},{"damage":11,"enemies":"Lagavulin","floor":11,"turns":6},{"damage":0,"enemies":"2 Louse","floor":12,"turns":2},{"damage":0,"enemies":"Cultist","floor":13,"turns":3},{"damage":0,"enemies":"Slime Boss","floor":16,"turns":8},{"damage":16,"enemies":"3 Byrds","floor":18,"turns":4},{"damage":0,"enemies":"Spheric Guardian","floor":21,"turns":5},{"damage":3,"enemies":"Slavers","floor":24,"turns":11},{"damage":1,"enemies":"Shelled Parasite and Fungi","floor":25,"turns":8},{"damage":0,"enemies":"Centurion and Healer","floor":27,"turns":5},{"damage":20,"enemies":"Masked Bandits","floor":28,"turns":6},{"damage":3,"enemies":"Gremlin Leader","floor":29,"turns":7},{"damage":0,"enemies":"Champ","floor":33,"turns":10},{"damage":0,"enemies":"Orb Walker","floor":35,"turns":3},{"damage":0,"enemies":"3 Shapes","floor":37,"turns":5},{"damage":0,"enemies":"Sphere and 2 Shapes","floor":39,"turns":10},{"damage":0,"enemies":"Giant Head","floor":40,"turns":9},{"damage":0,"enemies":"Reptomancer","floor":42,"turns":7},{"damage":0,"enemies":"Transient","floor":46,"turns":6},{"damage":0,"enemies":"Nemesis","floor":47,"turns":9},{"damage":0,"enemies":"Spire Growth","floor":48,"turns":5},{"damage":0,"enemies":"Awakened One","floor":50,"turns":19},{"damage":0,"enemies":"Donu and Deca","floor":51,"turns":10},{"damage":38,"enemies":"Shield and Spear","floor":55,"turns":3}],"seed_played":"-4371488998843861674","potions_obtained":[{"floor":1,"key":"LiquidBronze"},{"floor":6,"key":"EntropicBrew"},{"floor":8,"key":"DuplicationPotion"},{"floor":24,"key":"EntropicBrew"},{"floor":28,"key":"DuplicationPotion"}],"is_trial":false,"path_per_floor":["M","?","?","$","?","E","?","E","T","R","E","M","M","$","R","B",null,"M","?","?","M","$","R","E","M","T","M","?","E","?","$","R","B",null,"M","?","M","$","M","E","R","E","T","R","$","M","E","M","R","B","B",null,"R","$","E"],"character_chosen":"DEFECT","items_purchased":["Sweeping Beam","Defragment","Defragment","Self Repair","War Paint","Seek"],"campfire_rested":1,"item_purchase_floors":[4,4,14,22,31,38],"current_hp_per_floor":[64,57,57,57,36,36,36,36,36,36,25,25,25,25,25,25,60,44,44,35,35,35,35,35,35,35,35,22,26,5,5,15,29,34,35,33,35,35,35,35,35,35,35,35,35,35,35,35,35,35,35,35,35,35,0,0],"gold":76,"neow_bonus":"THREE_ENEMY_KILL","is_daily":false,"chose_seed":false,"campfire_upgraded":6,"win_rate":0.0,"timestamp":1612398520,"path_taken":["M","?","?","$","?","E","?","E","T","R","E","M","M","$","R","BOSS","M","?","?","M","?","R","E","M","T","M","?","E","?","$","R","BOSS","M","?","?","$","M","E","R","E","T","R","$","M","E","M","R","BOSS","BOSS","R","$","E"],"items_purchased_type":["Card","Card","Card","Card","Relic","Card"],"build_version":"2020-12-18","purchased_purges":2,"victory":false,"max_hp_per_floor":[71,71,71,71,71,71,71,71,71,71,71,71,71,71,71,71,71,71,71,35,35,35,35,35,35,35,35,35,35,35,35,35,35,35,35,35,35,35,35,35,35,35,35,35,35,35,35,35,35,35,35,35,35,35,35,35],"relic_stats":{"Centennial Puzzle":[21],"counters":[26,164],"Mummified Hand":[156],"Astrolabe":["Loop","Core Surge","Defragment"],"Bag of Preparation":[44],"Kunai":[26],"War Paint":["Recycle","Ghostly"],"MawBank":72,"Cursed Key":1,"obtain_stats":[{"Ice Cream":42,"NeowsBlessing":0,"Astrolabe":17,"Oddly Smooth Stone":29,"Enchiridion":30,"Bag of Preparation":11,"War Paint":31,"MawBank":8,"Cursed Key":34,"Akabeko":47,"Centennial Puzzle":6,"HornCleat":9,"Mummified Hand":26,"Red Mask":28,"Kunai":24,"Cracked Core":0,"FossilizedHelix":40},{"Ice Cream":20,"NeowsBlessing":0,"Astrolabe":7,"Oddly Smooth Stone":14,"Enchiridion":14,"Bag of Preparation":4,"War Paint":14,"MawBank":3,"Cursed Key":15,"Akabeko":22,"Centennial Puzzle":2,"HornCleat":3,"Mummified Hand":11,"Red Mask":13,"Kunai":10,"Cracked Core":0,"FossilizedHelix":19},{"Ice Cream":112,"NeowsBlessing":0,"Astrolabe":22,"Oddly Smooth Stone":68,"Enchiridion":68,"Bag of Preparation":9,"War Paint":68,"MawBank":3,"Cursed Key":78,"Akabeko":127,"Centennial Puzzle":2,"HornCleat":3,"Mummified Hand":50,"Red Mask":61,"Kunai":42,"Cracked Core":0,"FossilizedHelix":105}]},"card_choices":[{"not_picked":["Darkness","Stack"],"picked":"Ball Lightning","floor":1},{"not_picked":["Sweeping Beam","Go for the Eyes"],"picked":"Coolheaded","floor":6},{"not_picked":["Reinforced Body","Genetic Algorithm"],"picked":"Capacitor","floor":8},{"not_picked":["Force Field","Rebound"],"picked":"Recycle","floor":11},{"not_picked":["Skim","Biased Cognition"],"picked":"Undo","floor":12},{"not_picked":["Chaos","Streamline"],"picked":"Cold Snap","floor":13},{"not_picked":["Fission","Buffer"],"picked":"Reboot","floor":16},{"not_picked":["Blizzard","Streamline"],"picked":"Coolheaded","floor":18},{"not_picked":["Gash+1","Conserve Battery","Undo"],"picked":"SKIP","floor":21},{"not_picked":["Streamline+1","Defragment"],"picked":"Skim","floor":24},{"not_picked":["Buffer","Streamline","Leap"],"picked":"SKIP","floor":25},{"not_picked":["Cold Snap","Stack"],"picked":"Barrage","floor":27},{"not_picked":["Sweeping Beam","Self Repair"],"picked":"Coolheaded","floor":28},{"not_picked":["Auto Shields","Turbo"],"picked":"Lockon","floor":29},{"not_picked":["Stack","Gash"],"picked":"Compile Driver","floor":35},{"not_picked":["Compile Driver","Beam Cell+1"],"picked":"Glacier+1","floor":37},{"not_picked":["Chaos","Gash","Double Energy"],"picked":"SKIP","floor":39},{"not_picked":["All For One","Redo","Gash+1"],"picked":"SKIP","floor":40},{"not_picked":["Redo","Ball Lightning"],"picked":"Capacitor","floor":42},{"not_picked":["Sweeping Beam","Cold Snap"],"picked":"Coolheaded+1","floor":46},{"not_picked":["Steam","White Noise","Steam Power"],"picked":"SKIP","floor":47},{"not_picked":["Double Energy","Doom and Gloom"],"picked":"Creative AI","floor":48}],"player_experience":1825880,"relics_obtained":[{"floor":6,"key":"Centennial Puzzle"},{"floor":8,"key":"MawBank"},{"floor":9,"key":"HornCleat"},{"floor":11,"key":"Bag of Preparation"},{"floor":24,"key":"Kunai"},{"floor":26,"key":"Mummified Hand"},{"floor":28,"key":"Red Mask"},{"floor":29,"key":"Oddly Smooth Stone"},{"floor":30,"key":"Enchiridion"},{"floor":40,"key":"FossilizedHelix"},{"floor":42,"key":"Ice Cream"},{"floor":47,"key":"Akabeko"}],"event_choices":[{"cards_removed":["Strike_B"],"damage_healed":0,"gold_gain":0,"player_choice":"Card Removal","damage_taken":7,"max_hp_gain":0,"max_hp_loss":0,"event_name":"Golden Wing","floor":2,"gold_loss":0},{"damage_healed":0,"gold_gain":0,"player_choice":"Grow","damage_taken":0,"max_hp_gain":0,"max_hp_loss":0,"event_name":"Living Wall","floor":3,"gold_loss":0,"cards_upgraded":["Ball Lightning"]},{"damage_healed":0,"gold_gain":0,"player_choice":"Entered Light","damage_taken":21,"max_hp_gain":0,"max_hp_loss":0,"event_name":"Shining Light","floor":5,"gold_loss":0,"cards_upgraded":["Defragment","Defend_B"]},{"damage_healed":0,"gold_gain":0,"player_choice":"1 cards matched","damage_taken":0,"max_hp_gain":0,"max_hp_loss":0,"event_name":"Match and Keep!","floor":7,"gold_loss":0,"cards_obtained":["Biased Cognition"]},{"cards_removed":["Zap"],"damage_healed":0,"gold_gain":0,"player_choice":"Elegance","damage_taken":0,"max_hp_gain":0,"max_hp_loss":0,"event_name":"Back to Basics","floor":19,"gold_loss":0},{"damage_healed":0,"gold_gain":0,"player_choice":"Became a Ghost","damage_taken":0,"max_hp_gain":0,"max_hp_loss":36,"event_name":"Ghosts","floor":20,"gold_loss":0,"cards_obtained":["Ghostly","Ghostly","Ghostly"]},{"damage_healed":0,"gold_gain":0,"player_choice":"Fought Bandits","damage_taken":0,"max_hp_gain":0,"max_hp_loss":0,"event_name":"Masked Bandits","floor":28,"gold_loss":0},{"damage_healed":0,"gold_gain":0,"player_choice":"Obtained Book","damage_taken":21,"max_hp_gain":0,"max_hp_loss":0,"event_name":"Cursed Tome","floor":30,"gold_loss":0},{"damage_healed":0,"gold_gain":0,"player_choice":"Bought 0 Potions","damage_taken":0,"max_hp_gain":0,"max_hp_loss":0,"event_name":"The Woman in Blue","floor":36,"gold_loss":0}],"is_beta":true,"boss_relics":[{"not_picked":["Empty Cage","SacredBark"],"picked":"Astrolabe"},{"not_picked":["Runic Dome","FrozenCore"],"picked":"Cursed Key"}],"items_purged_floors":[14,45],"is_endless":false,"potions_floor_spawned":[1,6,8,18,21,24,28,29,40,42,47,48],"killed_by":"Shield and Spear","ascension_level":20}}