{"host":"lnlgorucl381deje","time":1612411986,"event":{"mods":["ATMod(°¢èªMod)","AchievementEnabler","Aspiration","BaseMod","Better Altar","Better Match","Better Note","Better Sensory Stone","Better Skull","Better Third Choice","BetterRewards","Block Reminder","Challenge The Spire","Conspire","Dota2Spire","Energized Spire","Googly Eyes","Highlight Path","Hubris","Jedi Mod","Minty Spire (QoL Compilation)","Permanent Neow","Relic Stats","Reliquary","Replay The Spire","RumiaBox-Â¶Ã×æ«µÄÉñÃØºÐ×Ó","Shop Mod","Spicy Shops","StSLib","Transform Curses","¡¾ÒÅÎï¿¨ÅÆ¡¿REMEMod"],"gold_per_floor":[116,130,150,170,183,210,230,230,230,261,261,281,299,3,3,107,107,122,122,134,134,152,152,152],"floor_reached":23,"language":"ZHS","playtime":3751,"items_purged":[],"score":267,"play_id":"c15272a9-999a-49f5-92c5-7fb92c722e6d","local_time":"20210204121306","is_ascension_mode":true,"campfire_choices":[{"data":"Buffer","floor":11,"key":"SMITH"},{"data":"Mirror Shield","floor":15,"key":"SMITH"}],"circlet_count":0,"master_deck":["Strike_B","Strike_B","Strike_B","Strike_B","Defend_B+1","Defend_B","Defend_B","Zap","Dualcast","Buffer+1","AT_FamilyPortrait","Echo Form","hubris:Ukulele","REME_SelfUpgrade","hubris:SpecializedCircuitry","Self Repair","ReplaySort","Consume","Compile Driver","Stack","Melter","jedi:bruteforce","Mirror Shield+1","jedi:gatheringstorm","Static Discharge","Reprogram","Leap","Redo+1"],"relics":["Cracked Core","REME_ComplimentaryCards","AT_ATBox","reliquary:OuijaBoard","conspire:IceCreamScoop","aspiration:FrozenJewel","AT_BladeRuinedKing","Replay:Grab Bag","energizedSpire:MagnifyingGlass","energizedSpire:SpiderWeb","hubris:Backtick","AT_ChloranthyRing"],"acts_visited":["Exordium","TheCity"],"potions_floor_usage":[16,22,23,23],"damage_taken":[{"damage":4.0,"enemies":"Small Slimes","floor":1.0,"turns":4.0},{"damage":1.0,"enemies":"Cultist","floor":2.0,"turns":3.0},{"damage":9.0,"enemies":"Jaw Worm","floor":3.0,"turns":3.0},{"damage":6.0,"enemies":"2 Fungi Beasts","floor":4.0,"turns":4.0},{"damage":10.0,"enemies":"Exordium Thugs","floor":5.0,"turns":5.0},{"damage":0.0,"enemies":"Lagavulin","floor":6.0,"turns":5.0},{"damage":5.0,"enemies":"Looter","floor":7.0,"turns":4.0},{"damage":30,"enemies":"Gremlin Nob","floor":10,"turns":4},{"damage":11,"enemies":"Large Slime","floor":12,"turns":4},{"damage":0,"enemies":"3 Louse","floor":13,"turns":3},{"damage":17,"enemies":"Hexaghost","floor":16,"turns":8},{"damage":0,"enemies":"Spheric Guardian","floor":18,"turns":4},{"damage":24,"enemies":"Shell Parasite","floor":20,"turns":4},{"damage":0,"enemies":"Cultist and Chosen","floor":22,"turns":6},{"damage":75,"enemies":"Slavers","floor":23,"turns":4}],"seed_played":"-8258818881786044353","potions_obtained":[{"floor":2.0,"key":"Dota2Spire:Clarity"},{"floor":6.0,"key":"BlessingOfTheForge"},{"floor":8,"key":"Milkshake"},{"floor":12,"key":"Dexterity Potion"},{"floor":16,"key":"SneckoOil"}],"is_trial":false,"path_per_floor":["M","M","M","M","M","E","M","?","T","E","R","M","M","$","R","B",null,"M","?","M","?","M","E"],"character_chosen":"DEFECT","items_purchased":["AT_BladeRuinedKing","Mirror Shield"],"campfire_rested":0,"item_purchase_floors":[14,14],"current_hp_per_floor":[71,70,61,55,52,66,68,68,68,45,45,41,48,48,48,38,75,75,75,51,51,58,0,0],"gold":152,"neow_bonus":"ONE_RANDOM_RARE_CARD","is_daily":false,"chose_seed":false,"campfire_upgraded":2,"win_rate":0.0,"timestamp":1612411986,"path_taken":["M","M","M","M","M","E","M","?","T","E","R","M","?","$","R","BOSS","M","?","M","?","?","E"],"items_purchased_type":["Relic","Card"],"build_version":"2020-12-22","purchased_purges":0,"victory":false,"max_hp_per_floor":[75,75,75,75,75,75,75,75,75,75,75,75,75,75,75,75,75,75,75,75,75,75,75,75],"relic_stats":{"counters":[15,65],"obtain_stats":[{"reliquary:OuijaBoard":6,"AT_ChloranthyRing":17,"AT_ATBox":0,"hubris:Backtick":17,"Replay:Grab Bag":17,"AT_BladeRuinedKing":14,"energizedSpire:MagnifyingGlass":17,"energizedSpire:SpiderWeb":17,"Cracked Core":0,"conspire:IceCreamScoop":9,"aspiration:FrozenJewel":10,"REME_ComplimentaryCards":0},{"reliquary:OuijaBoard":6,"AT_ChloranthyRing":11,"AT_ATBox":0,"hubris:Backtick":11,"Replay:Grab Bag":11,"AT_BladeRuinedKing":10,"energizedSpire:MagnifyingGlass":11,"energizedSpire:SpiderWeb":11,"Cracked Core":0,"conspire:IceCreamScoop":7,"aspiration:FrozenJewel":8,"REME_ComplimentaryCards":0},{"reliquary:OuijaBoard":24,"AT_ChloranthyRing":47,"AT_ATBox":0,"hubris:Backtick":47,"Replay:Grab Bag":47,"AT_BladeRuinedKing":39,"energizedSpire:MagnifyingGlass":47,"energizedSpire:SpiderWeb":47,"Cracked Core":0,"conspire:IceCreamScoop":28,"aspiration:FrozenJewel":32,"REME_ComplimentaryCards":0}]},"card_choices":[{"not_picked":["Cold Snap","Rebound"],"picked":"hubris:Ukulele","floor":1.0},{"not_picked":["Rebound","Stack"],"picked":"REME_SelfUpgrade","floor":2.0},{"not_picked":["Sweeping Beam","Streamline","Cold Snap"],"picked":"hubris:SpecializedCircuitry","floor":3.0},{"not_picked":["Gash","Streamline"],"picked":"Self Repair","floor":4.0},{"not_picked":["Conserve Battery","Coolheaded"],"picked":"ReplaySort","floor":5.0},{"not_picked":["Reinforced Body","REME_SelfUpgrade"],"picked":"Consume","floor":6.0},{"not_picked":["Panic Button","AT_HeatAcrobatics"],"picked":"Compile Driver","floor":7},{"not_picked":["Scrape","Gash"],"picked":"Stack","floor":10},{"not_picked":["Sweeping Beam","Hologram"],"picked":"Melter","floor":12},{"not_picked":["Conserve Battery","Streamline","jedi:blockon"],"picked":"jedi:bruteforce","floor":13},{"not_picked":["REME_ForAll","ReplayTheSpireMod:Fabricate Wheel"],"picked":"jedi:gatheringstorm","floor":16},{"not_picked":["REME_Compress+1","Barrage+1"],"picked":"Static Discharge","floor":18},{"not_picked":["Sweeping Beam","Panic Button"],"picked":"Leap","floor":20},{"not_picked":["Coolheaded+1","Glacier","jedi:spotbugs"],"picked":"Redo+1","floor":22}],"player_experience":162098,"relics_obtained":[{"floor":6.0,"key":"reliquary:OuijaBoard"},{"floor":9,"key":"conspire:IceCreamScoop"},{"floor":10,"key":"aspiration:FrozenJewel"}],"event_choices":[{"damage_healed":0,"gold_gain":0,"player_choice":"Got Potions","damage_taken":0,"max_hp_gain":0,"max_hp_loss":0,"event_name":"Lab","floor":8,"gold_loss":0},{"damage_healed":0,"gold_gain":0,"player_choice":"Read","damage_taken":0,"max_hp_gain":0,"max_hp_loss":0,"event_name":"The Library","floor":19,"gold_loss":0,"cards_obtained":["Reprogram"]},{"cards_removed":["Defend_B"],"damage_healed":0,"gold_gain":0,"player_choice":"Purged","damage_taken":0,"max_hp_gain":0,"max_hp_loss":0,"event_name":"Purifier","floor":21,"gold_loss":0}],"is_beta":false,"boss_relics":[{"not_picked":["Astrolabe","hubris:BlackHole"],"picked":"Replay:Grab Bag"},{"not_picked":["energizedSpire:RedRose","Sozu"],"picked":"energizedSpire:MagnifyingGlass"},{"not_picked":["Runic Dome","energizedSpire:StickyHand"],"picked":"energizedSpire:SpiderWeb"},{"not_picked":["Calling Bell","Pandora\u0027s Box"],"picked":"hubris:Backtick"}],"items_purged_floors":[],"is_endless":false,"potions_floor_spawned":[2,6,12,16,18],"killed_by":"Slavers","ascension_level":3}}