{"host":"5w7hw1ne5h7avrl9","time":1612462047,"event":{"mods":["AchievementEnabler","BaseMod","Colored Map","Colored Powertips","Displayed Cursed Tome","Googly Eyes","Minty Spire (QoL Compilation)","SuperFastMode"],"gold_per_floor":[12,12,36,13,31,65,65,83,83,98,98,98],"floor_reached":11,"language":"ENG","playtime":405,"items_purged":[],"score":83,"play_id":"20c3eaa6-ce42-4e60-bc77-c18e7d4a3ef6","local_time":"20210204100727","is_ascension_mode":true,"campfire_choices":[{"floor":7,"key":"REST"}],"circlet_count":0,"master_deck":["Strike_B","Strike_B","Strike_B","Strike_B","Defend_B","Defend_B","Defend_B","Defend_B","Zap","Dualcast","Echo Form","Redo","Rainbow","Ball Lightning","Gash","Scrape","Defragment"],"relics":["Cracked Core","Golden Idol","PreservedInsect","Centennial Puzzle"],"acts_visited":["Exordium"],"potions_floor_usage":[6,10],"damage_taken":[{"damage":7,"enemies":"Small Slimes","floor":1,"turns":4},{"damage":9,"enemies":"Jaw Worm","floor":3,"turns":3},{"damage":0,"enemies":"Cultist","floor":5,"turns":2},{"damage":28,"enemies":"Gremlin Nob","floor":6,"turns":4},{"damage":14,"enemies":"Large Slime","floor":8,"turns":5},{"damage":17,"enemies":"Exordium Thugs","floor":10,"turns":4},{"damage":4,"enemies":"Lagavulin","floor":11,"turns":2}],"seed_played":"-7423802829618871539","potions_obtained":[{"floor":3,"key":"BlessingOfTheForge"},{"floor":8,"key":"Ancient Potion"}],"is_trial":false,"path_per_floor":["M","?","M","$","M","E","R","M","T","M","E"],"character_chosen":"DEFECT","items_purchased":["Ball Lightning"],"campfire_rested":1,"item_purchase_floors":[4],"current_hp_per_floor":[68,50,41,41,41,13,35,21,21,4,0,0],"gold":98,"neow_bonus":"THREE_RARE_CARDS","is_daily":false,"chose_seed":false,"campfire_upgraded":0,"win_rate":0.0,"timestamp":1612462047,"path_taken":["M","?","M","$","M","E","R","M","T","M","E"],"items_purchased_type":["Card"],"build_version":"2020-12-22","purchased_purges":0,"victory":false,"max_hp_per_floor":[75,75,75,75,75,75,75,75,75,75,75,75],"card_choices":[{"not_picked":["Creative AI","Rainbow"],"picked":"Echo Form","floor":0},{"not_picked":["Compile Driver","Cold Snap"],"picked":"Redo","floor":1},{"not_picked":["Rebound","Stack"],"picked":"Rainbow","floor":3},{"not_picked":["Cold Snap","Barrage"],"picked":"Gash","floor":5},{"not_picked":["Leap","Steam","Turbo"],"picked":"SKIP","floor":6},{"not_picked":["Steam","Blizzard"],"picked":"Scrape","floor":8},{"not_picked":["Steam","Tempest"],"picked":"Defragment","floor":10}],"player_experience":194384,"relics_obtained":[{"floor":6,"key":"PreservedInsect"},{"floor":9,"key":"Centennial Puzzle"}],"event_choices":[{"damage_healed":0,"gold_gain":0,"player_choice":"Take Damage","damage_taken":18,"relics_obtained":["Golden Idol"],"max_hp_gain":0,"max_hp_loss":0,"event_name":"Golden Idol","floor":2,"gold_loss":0}],"is_beta":false,"boss_relics":[],"items_purged_floors":[],"is_endless":false,"potions_floor_spawned":[3,8],"killed_by":"Lagavulin","ascension_level":2}}