{"host":"takgv9cv6xf64vhq","time":1612445371,"event":{"mods":["BaseMod","Colored Powertips","Conspire","Decade(王小明)","Downfall","Energized Spire","Hermit","Hubris","LagranYue(拉格朗・月)","Marisa（F雨　魔理沙）","Minty Spire (QoL Compilation)","Replay The Spire","StSLib","The Cursed","The Hierophant","The Jungle","The Servant 0.9.4","TheHeartMod"],"gold_per_floor":[116,116,127,127,137,137,150,300,352,352,15,15,33,52,52,52,52],"floor_reached":16,"language":"ZHS","playtime":548,"items_purged":["Regret"],"score":166,"play_id":"f079e43c-19b4-486d-acb6-61147297dbe4","local_time":"20210204212931","is_ascension_mode":true,"campfire_choices":[{"data":"Neutralize","floor":6,"key":"SMITH"},{"data":"Backflip","floor":10,"key":"SMITH"},{"data":"Backflip","floor":12,"key":"SMITH"}],"circlet_count":0,"master_deck":["AscendersBane","Strike_G","Strike_G","Strike_G","Strike_G","Strike_G+1","Defend_G","Defend_G+1","Defend_G","Defend_G","Defend_G","Survivor","Neutralize+1","Replay:Poison Smokescreen","Backflip+1","Backflip+1","Flying Knee","Toxin Wave","Acrobatics"],"relics":["Ring of the Snake","NeowsBlessing","Art of War","Potion Belt","Replay:Ringing Soul"],"acts_visited":["Exordium"],"potions_floor_usage":[16,16],"damage_taken":[{"damage":0,"enemies":"Small Slimes","floor":1,"turns":1},{"damage":0,"enemies":"2 Louse","floor":3,"turns":1},{"damage":0,"enemies":"Jaw Worm","floor":5,"turns":1},{"damage":1,"enemies":"2 Fungi Beasts","floor":7,"turns":6},{"damage":6,"enemies":"Large Slime","floor":13,"turns":10},{"damage":6,"enemies":"Lots of Slimes","floor":14,"turns":5},{"damage":25,"enemies":"Hexaghost","floor":16,"turns":9}],"seed_played":"2071114281442134962","potions_obtained":[{"floor":1,"key":"AttackPotion"},{"floor":5,"key":"AttackPotion"}],"is_trial":false,"path_per_floor":["M","?","M","?","M","R","M","?","T","R","$","R","M","M","R","B"],"character_chosen":"THE_SILENT","items_purchased":["Replay:Ringing Soul"],"campfire_rested":0,"item_purchase_floors":[11],"current_hp_per_floor":[59,39,39,39,39,39,38,38,38,38,38,38,35,32,25,0,0],"gold":52,"neow_bonus":"THREE_ENEMY_KILL","is_daily":false,"chose_seed":false,"campfire_upgraded":3,"win_rate":0.0,"timestamp":1612445371,"path_taken":["M","?","M","?","M","R","M","?","T","R","$","R","M","M","R","BOSS"],"items_purchased_type":["Relic"],"build_version":"2020-12-22","purchased_purges":1,"victory":false,"max_hp_per_floor":[66,66,66,66,66,66,66,66,66,66,66,66,69,72,72,72,72],"card_choices":[{"not_picked":["Sneak Up","Blade Dance"],"picked":"Replay:Poison Smokescreen","floor":1},{"not_picked":["Toxin Wave","conspire:PoisonWeapons"],"picked":"Backflip","floor":3},{"not_picked":["Hidden Blade","Skewer"],"picked":"Backflip","floor":5},{"not_picked":["Prepared","conspire:PoisonWeapons"],"picked":"Flying Knee","floor":7},{"not_picked":["Deadly Poison","Dagger Throw"],"picked":"Toxin Wave","floor":13},{"not_picked":["Bane","Reflex"],"picked":"Acrobatics","floor":14}],"player_experience":400662,"relics_obtained":[{"floor":9,"key":"Potion Belt"}],"event_choices":[{"damage_healed":0,"gold_gain":0,"player_choice":"Entered Light","damage_taken":20,"max_hp_gain":0,"max_hp_loss":0,"event_name":"Shining Light","floor":2,"gold_loss":0,"cards_upgraded":["Strike_G","Defend_G"]},{"damage_healed":0,"gold_gain":0,"player_choice":"Box","damage_taken":0,"relics_obtained":["Art of War"],"max_hp_gain":0,"max_hp_loss":0,"event_name":"Big Fish","floor":4,"gold_loss":0,"cards_obtained":["Regret"]},{"damage_healed":0,"gold_gain":150,"player_choice":"AGREE","damage_taken":0,"max_hp_gain":0,"max_hp_loss":0,"event_name":"Liars Game","floor":8,"gold_loss":0,"cards_obtained":["Doubt"]},{"cards_removed":["Doubt"],"damage_healed":0,"gold_gain":0,"player_choice":"Card Removal","damage_taken":7,"max_hp_gain":0,"max_hp_loss":0,"event_name":"Golden Wing","floor":15,"gold_loss":0}],"is_beta":false,"boss_relics":[],"items_purged_floors":[11],"is_endless":false,"potions_floor_spawned":[1,5],"killed_by":"Hexaghost","ascension_level":16}}