{"host":"m4gb89kpcfic7v2a","time":1612404161,"event":{"mods":["BaseMod","BetterRewards","Minty Spire (QoL Compilation)","Reliquary","StS++","StSLib","The Marked","The Servant 0.9.4"],"gold_per_floor":[112,124,134,56,76,106,106,135,184,194,208,218,218,40,40,137,137,153,163,174,189,208,208,234,234,260,279,279,194,217,217,217,331,331,357,124,0,12,40,40,40],"floor_reached":40,"language":"ENG","playtime":4074,"items_purged":["Strike_S","Defend_S","Strike_S"],"score":631,"play_id":"8e957aec-e228-4917-9bff-8aeadfd4f37d","local_time":"20210203190241","is_ascension_mode":true,"campfire_choices":[{"data":"SilverBlades","floor":7.0,"key":"SMITH"},{"floor":13.0,"key":"REST"},{"data":"SurpressingFire","floor":15.0,"key":"SMITH"},{"floor":23,"key":"REST"},{"data":"KidneyShot","floor":25,"key":"SMITH"},{"floor":32,"key":"REST"}],"circlet_count":0,"master_deck":["Strike_S","Strike_S","Defend_S","Defend_S","KidneyShot+1","Exchange","SilverBlades+1","Starlight+1","ShatteredReality+1","theMarked:ChannelForce","Gouge+1","GearUp","theMarked:TwofoldDefense","SurpressingFire+1","MurderousAura","Potential+1","theMarked:AttractMetal","Beam Cell+1","Endless Agony+1","Demon Form","Quick Slash+1","SurpressingFire","ShatteredReality+1","Parasite"],"relics":["SplendidAttire","Molten Egg 2","Pan","Kunai","PocketWatch","PrismaticShard","reliquary:WeakTea","StSpp:WoodenPendulum","Regal Pillow","CeramicFish","reliquary:Stiletto","Ice Cream","StoneMask","Red Mask"],"acts_visited":["Exordium","TheCity","TheBeyond"],"potions_floor_usage":[22,24,24],"damage_taken":[{"damage":0.0,"enemies":"Cultist","floor":1.0,"turns":3.0},{"damage":15.0,"enemies":"Small Slimes","floor":2.0,"turns":4.0},{"damage":0.0,"enemies":"2 Louse","floor":3.0,"turns":2.0},{"damage":0.0,"enemies":"2 Fungi Beasts","floor":5.0,"turns":2.0},{"damage":18.0,"enemies":"3 Sentries","floor":6.0,"turns":5.0},{"damage":3.0,"enemies":"Lagavulin","floor":8.0,"turns":3.0},{"damage":1.0,"enemies":"Blue Slaver","floor":10.0,"turns":2.0},{"damage":0.0,"enemies":"Looter","floor":11.0,"turns":1.0},{"damage":0.0,"enemies":"Large Slime","floor":12.0,"turns":4.0},{"damage":4.0,"enemies":"Hexaghost","floor":16.0,"turns":6.0},{"damage":5.0,"enemies":"Chosen","floor":18.0,"turns":3.0},{"damage":13.0,"enemies":"2 Thieves","floor":19.0,"turns":2.0},{"damage":29.0,"enemies":"Snake Plant","floor":20.0,"turns":4.0},{"damage":6.0,"enemies":"Sentry and Sphere","floor":21.0,"turns":4.0},{"damage":0,"enemies":"Shelled Parasite and Fungi","floor":22,"turns":2},{"damage":20,"enemies":"Slavers","floor":24,"turns":5},{"damage":0,"enemies":"Chosen and Byrds","floor":27,"turns":5},{"damage":5,"enemies":"Centurion and Healer","floor":30,"turns":4},{"damage":28,"enemies":"Collector","floor":33,"turns":6},{"damage":13,"enemies":"3 Shapes","floor":35,"turns":3},{"damage":12,"enemies":"Orb Walker","floor":38,"turns":3},{"damage":26,"enemies":"Writhing Mass","floor":39,"turns":6},{"damage":32,"enemies":"Reptomancer","floor":40,"turns":2}],"seed_played":"-1193441575567847857","potions_obtained":[{"floor":2.0,"key":"Fire Potion"},{"floor":5.0,"key":"Block Potion"},{"floor":6.0,"key":"StSpp:InhibitionPotion"},{"floor":16.0,"key":"FearPotion"},{"floor":21.0,"key":"BlessingOfTheForge"},{"floor":22,"key":"Fire Potion"},{"floor":35,"key":"StSpp:SecondWindPotion"}],"is_trial":false,"path_per_floor":["M","M","M","$","M","E","R","E","T","M","M","M","R","$","R","B",null,"M","M","M","M","M","R","E","R","T","M","?","?","M","?","R","B",null,"M","$","?","M","M","E"],"character_chosen":"THE_SERVANT","items_purchased":["Molten Egg 2","Pan","Kunai","SilverBlades","PrismaticShard","Gouge+1","SurpressingFire","SurpressingFire","ShatteredReality+1"],"campfire_rested":3,"item_purchase_floors":[0,0,0,0,0,4,14,36,36],"current_hp_per_floor":[65,50,50,50,50,32,32,29,29,28,28,28,62,62,62,58,65,60,47,18,12,12,46,26,26,26,26,26,26,21,10,46,18,70,64,64,64,55,32,0,0],"gold":40,"neow_bonus":"","is_daily":false,"chose_seed":false,"campfire_upgraded":3,"win_rate":0.0,"timestamp":1612404161,"path_taken":["M","M","M","$","M","E","R","E","T","M","M","M","R","$","R","BOSS","M","?","M","M","M","R","E","R","T","M","?","?","M","?","R","BOSS","M","$","?","M","M","E"],"items_purchased_type":["Relic","Relic","Relic","Card","Relic","Card","Card","Card","Card"],"build_version":"2020-12-22","purchased_purges":3,"victory":false,"max_hp_per_floor":[65,65,65,65,65,65,65,65,65,65,65,65,65,65,65,65,65,65,65,65,65,65,65,65,65,65,65,65,65,65,70,70,70,70,73,73,73,74,75,75,75],"card_choices":[{"not_picked":["Hologram","SandsOfTime+1"],"picked":"Starlight+1","floor":1.0},{"not_picked":["Catalyst","Spin+1"],"picked":"ShatteredReality+1","floor":2.0},{"not_picked":["Choke+1","CrushJoints+1"],"picked":"theMarked:ChannelForce","floor":3.0},{"not_picked":["ThirdEye","Halt","theMarked:ChainLightning+1"],"picked":"SKIP","floor":5.0},{"not_picked":["Adaptation","Dagger Spray+1","Sunder+1"],"picked":"SKIP","floor":6.0},{"not_picked":["Steam","Clothesline+1"],"picked":"GearUp","floor":8.0},{"not_picked":["Judgement","JustLucky+1","StSpp:Purify","Moondial","theMarked:Indomitable"],"picked":"SKIP","floor":10.0},{"not_picked":["theMarked:RepellingDischarge","Meditate","StSpp:Renounce","LikeWater"],"picked":"theMarked:TwofoldDefense","floor":11.0},{"not_picked":["theMarked:TwofoldDefense","Blur","PathToVictory","Entrench","theMarked:SwordAndMagic+1"],"picked":"SKIP","floor":12.0},{"not_picked":["theMarked:Challenge","theMarked:Defy+1","Rainbow","StSpp:Patience"],"picked":"MurderousAura","floor":16.0},{"not_picked":["Manipulate+1","StSpp:Renounce","Starlight+1","Clash+1","Contraction+1"],"picked":"SKIP","floor":18.0},{"not_picked":["theMarked:TheMission","Bane+1","Dodge and Roll","StSpp:Renounce","StSpp:PoisonousPunch+1"],"picked":"SKIP","floor":19.0},{"not_picked":["Dodge and Roll+1","Clothesline+1","StSpp:Lure","Rampage+1"],"picked":"Potential+1","floor":20.0},{"not_picked":["Replace","Steam","theMarked:RepellingDischarge","Hemokinesis+1","Sword Boomerang+1"],"picked":"SKIP","floor":21.0},{"not_picked":["Defy","StSpp:Renounce","CrushJoints+1","Bouncing Flask"],"picked":"theMarked:AttractMetal","floor":22},{"not_picked":["theMarked:EmpowerWeapon+1","theMarked:Parry","Catalyst","Malaise","theMarked:Heritage+1"],"picked":"SKIP","floor":24},{"not_picked":["theMarked:Memento+1","Storm+1","Power Through","Revamp+1"],"picked":"Beam Cell+1","floor":27},{"not_picked":["Warcry+1","BestPractice","Bane+1","StSpp:Chanting+1"],"picked":"Endless Agony+1","floor":30},{"not_picked":["Doppelganger","theMarked:Abjuration+1","Phantasmal Killer","theMarked:EternalStudent"],"picked":"Demon Form","floor":33},{"not_picked":["BowlingBash+1","ClearTheMind","StSpp:MindBarrier","Shrug It Off"],"picked":"Quick Slash+1","floor":35},{"not_picked":["Jack Of All Trades","WasteNot","Ricochet+1","EmptyFist+1","Chaos+1"],"picked":"SKIP","floor":38},{"not_picked":["Prepared+1","FlurryOfBlows+1","Backflip+1","Dagger Spray+1","theMarked:HeightenedSenses+1"],"picked":"SKIP","floor":39}],"player_experience":202253,"relics_obtained":[{"floor":6.0,"key":"reliquary:WeakTea"},{"floor":8.0,"key":"StSpp:WoodenPendulum"},{"floor":9.0,"key":"Regal Pillow"},{"floor":24,"key":"CeramicFish"},{"floor":26,"key":"reliquary:Stiletto"}],"event_choices":[{"cards_removed":["Defend_S"],"damage_healed":0,"gold_gain":0,"player_choice":"Elegance","damage_taken":0,"max_hp_gain":0,"max_hp_loss":0,"event_name":"Back to Basics","floor":28,"gold_loss":0},{"damage_healed":0,"gold_gain":0,"player_choice":"Obtained Relic","damage_taken":0,"relics_obtained":["Ice Cream"],"max_hp_gain":0,"max_hp_loss":0,"event_name":"Addict","floor":29,"gold_loss":85},{"damage_healed":0,"gold_gain":0,"player_choice":"Shed Blood","damage_taken":16,"max_hp_gain":5,"max_hp_loss":0,"event_name":"Forgotten Altar","floor":31,"gold_loss":0},{"damage_healed":0,"gold_gain":0,"player_choice":"Paid","damage_taken":0,"relics_obtained":["Red Mask"],"max_hp_gain":0,"max_hp_loss":0,"event_name":"Tomb of Lord Red Mask","floor":37,"gold_loss":124}],"is_beta":false,"boss_relics":[{"not_picked":["reliquary:RedCape","reliquary:Craggleroot"],"picked":"SplendidAttire"},{"not_picked":["StSpp:Magatama","reliquary:KinkedSpring"],"picked":"StoneMask"}],"items_purged_floors":[0,14,36],"is_endless":false,"potions_floor_spawned":[2,5,6,10,16,18,21,22,35],"killed_by":"Reptomancer","ascension_level":2}}