{"host":"x205naxbihvu3p76","time":1612430727,"event":{"mods":["AchievementEnabler","BaseMod","Minty Spire (QoL Compilation)","StSLib","SuperFastMode"],"gold_per_floor":[116,116,116,132,57,90,101,132,209,224,253,253,272,172,172,249,249,269,13,13,30,30,30,63,0,71,71,105,118,118,118,118],"floor_reached":31,"language":"KOR","playtime":557,"items_purged":["Defend_B","Strike_B","Force Field+1"],"score":732,"play_id":"c93ac607-f217-4b09-a071-c094c7be275b","local_time":"20210204182527","is_ascension_mode":true,"campfire_choices":[{"floor":12,"key":"REST"},{"data":"Sunder","floor":15,"key":"SMITH"},{"data":"Beam Cell","floor":23,"key":"SMITH"},{"floor":30,"key":"REST"}],"circlet_count":0,"master_deck":["AscendersBane","Defend_B","Defend_B","Zap+1","Dualcast","BootSequence","Sunder+1","Leap","Sweeping Beam+1","Turbo","Consume+1","Rainbow+1","Conserve Battery","Beam Cell+1","Cold Snap"],"relics":["Cracked Core","NeowsBlessing","Pocketwatch","Lantern","Mercury Hourglass","Whetstone","Astrolabe","Membership Card","MealTicket","InkBottle","White Beast Statue"],"acts_visited":["Exordium","TheCity"],"potions_floor_usage":[8,11,16,16,29,31],"damage_taken":[{"damage":0,"enemies":"Small Slimes","floor":1,"turns":1},{"damage":0,"enemies":"Jaw Worm","floor":4,"turns":1},{"damage":0,"enemies":"3 Sentries","floor":6,"turns":1},{"damage":2,"enemies":"2 Louse","floor":7,"turns":2},{"damage":11,"enemies":"Gremlin Nob","floor":8,"turns":3},{"damage":0,"enemies":"Blue Slaver","floor":10,"turns":2},{"damage":20,"enemies":"Lagavulin","floor":11,"turns":5},{"damage":1,"enemies":"Looter","floor":13,"turns":2},{"damage":0,"enemies":"Slime Boss","floor":16,"turns":5},{"damage":5,"enemies":"2 Thieves","floor":18,"turns":4},{"damage":0,"enemies":"Chosen","floor":21,"turns":4},{"damage":36,"enemies":"Book of Stabbing","floor":24,"turns":5},{"damage":18,"enemies":"Gremlin Leader","floor":28,"turns":5},{"damage":0,"enemies":"Snake Plant","floor":29,"turns":3},{"damage":45,"enemies":"Book of Stabbing","floor":31,"turns":4}],"seed_played":"126137949419447493","potions_obtained":[{"floor":4,"key":"Fruit Juice"},{"floor":8,"key":"Explosive Potion"},{"floor":10,"key":"GamblersBrew"},{"floor":11,"key":"Swift Potion"},{"floor":13,"key":"AttackPotion"},{"floor":18,"key":"Block Potion"},{"floor":29,"key":"FocusPotion"}],"is_trial":false,"path_per_floor":["M","?","?","M","$","E","M","E","T","M","E","R","M","$","R","B",null,"M","$","?","M","?","R","E","?","T","$","E","M","R","E"],"character_chosen":"DEFECT","items_purchased":["Membership Card","PowerPotion"],"campfire_rested":2,"item_purchase_floors":[19,19],"current_hp_per_floor":[64,43,36,36,36,36,34,28,28,28,8,30,29,29,29,29,64,59,59,59,59,59,59,23,23,23,38,20,20,42,0,0],"gold":118,"neow_bonus":"THREE_ENEMY_KILL","is_daily":false,"chose_seed":false,"campfire_upgraded":2,"win_rate":0.0,"timestamp":1612430727,"path_taken":["M","?","?","M","?","E","M","E","T","M","E","R","M","$","R","BOSS","M","$","?","M","?","R","E","?","T","?","E","M","R","E"],"items_purchased_type":["Relic","Potion"],"build_version":"2020-12-22","purchased_purges":3,"victory":false,"max_hp_per_floor":[71,71,71,71,71,71,71,76,76,76,76,76,76,76,76,76,76,76,76,76,76,76,76,76,76,76,76,76,76,76,76,76],"card_choices":[{"not_picked":["Compile Driver","Coolheaded"],"picked":"BootSequence","floor":1},{"not_picked":["Streamline","Chaos"],"picked":"Sunder","floor":4},{"not_picked":["Aggregate","Lockon"],"picked":"Leap","floor":6},{"not_picked":["Melter","Barrage","Leap"],"picked":"SKIP","floor":7},{"not_picked":["Rainbow","Doom and Gloom","Reprogram"],"picked":"SKIP","floor":8},{"not_picked":["Scrape","Redo"],"picked":"Sweeping Beam","floor":10},{"not_picked":["Recycle","Skim"],"picked":"Turbo","floor":11},{"not_picked":["Self Repair","Blizzard","Go for the Eyes"],"picked":"SKIP","floor":13},{"not_picked":["BootSequence","Blizzard"],"picked":"Conserve Battery","floor":18},{"not_picked":["Stack","Ball Lightning+1"],"picked":"Beam Cell","floor":21},{"not_picked":["Streamline","Storm","Rip and Tear"],"picked":"SKIP","floor":24},{"not_picked":["Multi-Cast","Hologram","Conserve Battery"],"picked":"SKIP","floor":28},{"not_picked":["Conserve Battery","Sweeping Beam+1"],"picked":"Cold Snap","floor":29}],"player_experience":1020588,"relics_obtained":[{"floor":6,"key":"Pocketwatch"},{"floor":8,"key":"Lantern"},{"floor":9,"key":"Mercury Hourglass"},{"floor":11,"key":"Whetstone"},{"floor":24,"key":"MealTicket"},{"floor":26,"key":"InkBottle"},{"floor":28,"key":"White Beast Statue"}],"event_choices":[{"damage_healed":0,"gold_gain":0,"player_choice":"Entered Light","damage_taken":21,"max_hp_gain":0,"max_hp_loss":0,"event_name":"Shining Light","floor":2,"gold_loss":0,"cards_upgraded":["Strike_B","Zap"]},{"cards_removed":["Strike_B"],"damage_healed":0,"gold_gain":0,"player_choice":"Card Removal","damage_taken":7,"max_hp_gain":0,"max_hp_loss":0,"event_name":"Golden Wing","floor":3,"gold_loss":0},{"damage_healed":0,"gold_gain":0,"player_choice":"Ignored","damage_taken":0,"max_hp_gain":0,"max_hp_loss":0,"event_name":"The Mausoleum","floor":22,"gold_loss":0},{"damage_healed":0,"gold_gain":0,"player_choice":"Paid Fearfully","damage_taken":0,"max_hp_gain":0,"max_hp_loss":0,"event_name":"Masked Bandits","floor":25,"gold_loss":63}],"is_beta":false,"boss_relics":[{"not_picked":["SlaversCollar","FrozenCore"],"picked":"Astrolabe"}],"items_purged_floors":[5,14,19],"is_endless":false,"potions_floor_spawned":[4,8,10,11,13,18,21,29],"killed_by":"Book of Stabbing","ascension_level":20}}