{"host":"lq2h7q9ca6uwu60x","time":1612416001,"event":{"mods":["Act Like it!","BaseMod","Gensokyo","Minty Spire (QoL Compilation)","StSLib","The Animator"],"gold_per_floor":[269,269,269,299,224,277,309,309,385,385,385,423,446,468,468,473,473],"floor_reached":16,"language":"ZHS","playtime":598,"items_purged":["animator:Strike"],"score":197,"play_id":"2a2f5e20-8bca-4cae-aa9e-48d85d786538","local_time":"20210204132001","is_ascension_mode":true,"campfire_choices":[{"data":"animator:Shuna","floor":8,"key":"SMITH"},{"floor":15,"key":"RECALL"}],"circlet_count":0,"master_deck":["AscendersBane","animator:Strike_Kancolle","animator:Defend_Kancolle","animator:Strike","animator:Strike","animator:Defend","animator:Defend","animator:Defend","animator:Shuna+1","animator:Fredrika"],"relics":["animator:LivingPicture","animator:TheMissingPiece","NeowsBlessing","Singing Bowl","Happy Flower","Meat on the Bone","Gensokyo:OccultBall","Gensokyo:PortableGap"],"acts_visited":["Exordium"],"potions_floor_usage":[],"damage_taken":[{"damage":0.0,"enemies":"Gensokyo:3_Fairies","floor":1.0,"turns":2.0},{"damage":0.0,"enemies":"Gensokyo:2_Kodama","floor":4.0,"turns":1.0},{"damage":0.0,"enemies":"Gensokyo:Mamizou","floor":6.0,"turns":3.0},{"damage":2.0,"enemies":"Gensokyo:Python","floor":7.0,"turns":3.0},{"damage":0,"enemies":"Gensokyo:LivingMonolith","floor":12,"turns":3},{"damage":8,"enemies":"Gensokyo:VengefulSpirit","floor":13,"turns":5},{"damage":34,"enemies":"Gensokyo:Python_and_Kodama","floor":14,"turns":9},{"damage":0,"enemies":"Gensokyo:Reimu","floor":16,"turns":2}],"seed_played":"4453592358445299369","potions_obtained":[{"floor":4.0,"key":"AttackPotion"},{"floor":6.0,"key":"EssenceOfSteel"},{"floor":14,"key":"LiquidMemories"}],"is_trial":false,"path_per_floor":["M","?","?","M","$","E","M","R","T","?","?","M","M","M","R","B"],"character_chosen":"THE_ANIMATOR","items_purchased":[],"campfire_rested":0,"item_purchase_floors":[],"current_hp_per_floor":[59,46,46,48,48,48,46,46,46,46,46,46,40,20,20,20,20],"gold":473,"neow_bonus":"THREE_ENEMY_KILL","is_daily":false,"chose_seed":false,"campfire_upgraded":1,"win_rate":0.0,"timestamp":1612416001,"path_taken":["M","?","?","M","$","E","M","R","T","?","?","?","M","?","R","BOSS"],"items_purchased_type":[],"build_version":"2020-12-22","purchased_purges":1,"victory":false,"max_hp_per_floor":[66,66,66,68,68,68,68,68,68,68,59,59,61,63,63,63,63],"card_choices":[{"not_picked":["animator:MumenRider","animator:Genos","animator:Millim"],"picked":"SKIP","floor":1.0},{"not_picked":["animator:Shion","animator:AcuraAkari","animator:Entoma"],"picked":"Singing Bowl","floor":4.0},{"not_picked":["animator:Bozes","animator:Fredrika"],"picked":"animator:PinaCoLada","floor":6.0},{"not_picked":["animator:GazelDwargon","animator:Shion"],"picked":"animator:Shuna","floor":7},{"not_picked":["animator:Tyuule","animator:Mitsurugi"],"picked":"animator:Fredrika","floor":12},{"not_picked":["animator:Bozes","animator:Mitsurugi","animator:Arpeggio"],"picked":"Singing Bowl","floor":13},{"not_picked":["animator:Layla","animator:Shion","animator:TukaLunaMarceau"],"picked":"Singing Bowl","floor":14}],"player_experience":796058,"relics_obtained":[{"floor":9,"key":"Meat on the Bone"}],"event_choices":[],"is_beta":false,"boss_relics":[],"items_purged_floors":[5],"is_endless":false,"potions_floor_spawned":[4,6,14],"killed_by":"Gensokyo:Reimu","ascension_level":12}}