{"host":"xz7n3qy1zq36rzpg","time":1612396848,"event":{"mods":["BaseMod","Colored Map","Colored Powertips","Highlight Path","Minty Spire (QoL Compilation)","Quick Restart","Shop Mod"],"gold_per_floor":[134,37,52,52,92,122,162,162,187,222,577,27,27,62,62,187,187,202,52,92,112,112],"floor_reached":21,"language":"ENG","playtime":1915,"items_purged":["Strike_B","Defend_B"],"score":191,"play_id":"4c110645-a461-4312-a761-40b37494d13a","local_time":"20210204010048","daily_mods":["Allstar","Purple Cards","Lethality"],"is_ascension_mode":false,"campfire_choices":[{"floor":15,"key":"REST"}],"circlet_count":0,"master_deck":["Strike_B","Strike_B","Strike_B","Defend_B","Defend_B","Defend_B","Zap","Dualcast","Bandage Up","Apotheosis","Secret Weapon","Secret Technique","HandOfGreed","Coolheaded+1","CutThroughFate+1","Hello World+1","Sweeping Beam","DevaForm","EmptyFist+1","InnerPeace","Machine Learning"],"relics":["Cracked Core","Ornamental Fan","Omamori","Old Coin","Lantern","Kunai","Nuclear Battery","Whetstone"],"acts_visited":["Exordium","TheCity"],"potions_floor_usage":[6,11,14,20,20,21],"damage_taken":[{"damage":0,"enemies":"Cultist","floor":1,"turns":2},{"damage":2,"enemies":"2 Louse","floor":3,"turns":3},{"damage":6,"enemies":"Jaw Worm","floor":5,"turns":3},{"damage":9,"enemies":"Gremlin Nob","floor":6,"turns":3},{"damage":12,"enemies":"Large Slime","floor":7,"turns":3},{"damage":16,"enemies":"Red Slaver","floor":10,"turns":3},{"damage":16,"enemies":"3 Sentries","floor":11,"turns":4},{"damage":0,"enemies":"Lots of Slimes","floor":14,"turns":2},{"damage":34,"enemies":"The Guardian","floor":16,"turns":11},{"damage":26,"enemies":"Spheric Guardian","floor":18,"turns":4},{"damage":40,"enemies":"2 Thieves","floor":20,"turns":3},{"damage":18,"enemies":"Sentry and Sphere","floor":21,"turns":3}],"seed_played":"4031875728642390749","potions_obtained":[{"floor":3,"key":"SkillPotion"},{"floor":7,"key":"PowerPotion"},{"floor":11,"key":"FocusPotion"},{"floor":14,"key":"Weak Potion"},{"floor":16,"key":"LiquidBronze"}],"is_trial":false,"path_per_floor":["M","$","M","$","M","E","M","?","T","M","E","$","?","M","R","B",null,"M","$","M","M"],"character_chosen":"DEFECT","items_purchased":["CutThroughFate","Lantern","Kunai","SkillPotion","Whetstone"],"campfire_rested":1,"item_purchase_floors":[2,12,12,12,19],"current_hp_per_floor":[75,75,75,75,69,66,54,39,39,27,17,17,35,35,57,27,75,49,49,13,0,0],"gold":112,"neow_bonus":"","is_daily":true,"chose_seed":false,"campfire_upgraded":0,"win_rate":0.0,"timestamp":1612396848,"path_taken":["M","$","M","$","M","E","?","?","T","M","E","$","?","M","R","BOSS","M","$","M","M"],"items_purchased_type":["Card","Relic","Relic","Potion","Relic"],"build_version":"2020-12-22","purchased_purges":2,"victory":false,"max_hp_per_floor":[75,75,75,75,75,75,75,75,75,75,75,75,75,75,75,75,75,75,75,75,75,75],"card_choices":[{"not_picked":["Conserve Battery","Stack"],"picked":"Coolheaded","floor":1},{"not_picked":["Conserve Battery","Rebound"],"picked":"Hello World","floor":3},{"not_picked":["Sanctity","Gash","Evaluate"],"picked":"SKIP","floor":5},{"not_picked":["Vault","CutThroughFate"],"picked":"Sweeping Beam","floor":6},{"not_picked":["Crescendo","Doom and Gloom","PathToVictory"],"picked":"SKIP","floor":7},{"not_picked":["SashWhip","Scrape"],"picked":"DevaForm","floor":10},{"not_picked":["Conserve Battery","InnerPeace"],"picked":"EmptyFist","floor":11},{"not_picked":["Turbo","InnerPeace","Undo"],"picked":"SKIP","floor":14},{"not_picked":["Turbo","Undo"],"picked":"InnerPeace","floor":14},{"not_picked":["Wish","DevaForm"],"picked":"Machine Learning","floor":16},{"not_picked":["SashWhip","Go for the Eyes+1","Steam+1"],"picked":"SKIP","floor":18},{"not_picked":["Hello World+1","SashWhip","Barrage"],"picked":"SKIP","floor":20}],"player_experience":409593,"relics_obtained":[{"floor":6,"key":"Ornamental Fan"},{"floor":9,"key":"Omamori"},{"floor":11,"key":"Old Coin"}],"event_choices":[{"damage_healed":0,"gold_gain":0,"player_choice":"Entered Light","damage_taken":15,"max_hp_gain":0,"max_hp_loss":0,"event_name":"Shining Light","floor":8,"gold_loss":0,"cards_upgraded":["Hello World","Coolheaded"]},{"damage_healed":18,"gold_gain":0,"player_choice":"Healed and dodged fight","damage_taken":0,"max_hp_gain":0,"max_hp_loss":0,"event_name":"Mushrooms","floor":13,"gold_loss":0,"cards_obtained":["Parasite"]}],"is_beta":false,"boss_relics":[{"not_picked":["Busted Crown","Snecko Eye"],"picked":"Nuclear Battery"}],"items_purged_floors":[2,12],"is_endless":false,"potions_floor_spawned":[3,7,11,14,16,18],"killed_by":"Sentry and Sphere","ascension_level":0}}