{"host":"7jl348xfsxr8glry","time":1612442621,"event":{"mods":["AchievementEnabler","BaseMod","Colored Map","Minty Spire (QoL Compilation)","Random Character Button","Unceasing Turn Reminder"],"gold_per_floor":[111,131,149,149,149,149,163,163,210,210,210,243,263,119,119,217,217,232,232,132,132,132,132,132],"floor_reached":23,"language":"ENG","playtime":2092,"items_purged":["Pain","Strike_B"],"score":208,"play_id":"21b9d98f-dac3-4bfd-96ce-15fc7761b989","local_time":"20210204234341","is_ascension_mode":true,"campfire_choices":[{"floor":6,"key":"RECALL"},{"floor":8,"key":"REST"},{"data":"Static Discharge","floor":11,"key":"SMITH"},{"floor":15,"key":"REST"}],"circlet_count":0,"master_deck":["Strike_B","Strike_B","Defend_B","Defend_B","Defend_B","Defend_B","Zap","Dualcast","Creative AI+1","Ball Lightning","Defragment","Static Discharge+1","Undo","Sweeping Beam","Storm","Amplify","CurseOfTheBell"],"relics":["Cracked Core","WarpedTongs","Potion Belt","Calling Bell","Boot","Matryoshka","Du-Vu Doll"],"acts_visited":["Exordium","TheCity"],"potions_floor_usage":[13,21,23],"damage_taken":[{"damage":2,"enemies":"Jaw Worm","floor":1,"turns":3},{"damage":1,"enemies":"Cultist","floor":2,"turns":4},{"damage":0,"enemies":"Small Slimes","floor":3,"turns":3},{"damage":21,"enemies":"Exordium Thugs","floor":7,"turns":5},{"damage":29,"enemies":"3 Sentries","floor":12,"turns":6},{"damage":25,"enemies":"Gremlin Gang","floor":13,"turns":2},{"damage":25,"enemies":"Hexaghost","floor":16,"turns":6},{"damage":27,"enemies":"Spheric Guardian","floor":18,"turns":5},{"damage":2,"enemies":"Shell Parasite","floor":21,"turns":2},{"damage":43,"enemies":"Slavers","floor":23,"turns":2}],"seed_played":"7430489758172283678","potions_obtained":[{"floor":2,"key":"ColorlessPotion"},{"floor":7,"key":"Weak Potion"},{"floor":16,"key":"SmokeBomb"}],"is_trial":false,"path_per_floor":["M","M","M","?","?","R","M","R","T","?","R","E","M","$","R","B",null,"M","?","$","M","$","E"],"character_chosen":"DEFECT","items_purchased":["Storm"],"campfire_rested":2,"item_purchase_floors":[14],"current_hp_per_floor":[73,72,72,72,72,72,51,73,73,73,73,44,19,19,41,16,75,48,45,45,43,43,0,0],"gold":132,"neow_bonus":"ONE_RANDOM_RARE_CARD","is_daily":false,"chose_seed":false,"campfire_upgraded":1,"win_rate":0.0,"timestamp":1612442621,"path_taken":["M","M","M","?","?","R","?","R","T","?","R","E","?","$","R","BOSS","M","?","$","M","?","E"],"items_purchased_type":["Card"],"build_version":"2020-12-22","purchased_purges":2,"victory":false,"max_hp_per_floor":[75,75,75,75,75,75,75,75,75,75,75,75,75,75,75,75,75,75,75,75,75,75,75,75],"card_choices":[{"not_picked":["Barrage","Tempest","Gash"],"picked":"SKIP","floor":1},{"not_picked":["Beam Cell","Redo"],"picked":"Ball Lightning","floor":2},{"not_picked":["Barrage","Hologram"],"picked":"Defragment","floor":3},{"not_picked":["Capacitor","Recycle"],"picked":"Static Discharge","floor":7},{"not_picked":["Streamline","Gash","Rebound"],"picked":"SKIP","floor":12},{"not_picked":["Hyperbeam","Reprogram"],"picked":"Sweeping Beam","floor":13},{"not_picked":["Seek","Fission"],"picked":"Amplify","floor":16},{"not_picked":["Coolheaded","Go for the Eyes","Stack+1"],"picked":"SKIP","floor":18}],"player_experience":220216,"relics_obtained":[{"floor":12,"key":"Potion Belt"},{"floor":17,"key":"Boot"},{"floor":17,"key":"Matryoshka"},{"floor":17,"key":"Du-Vu Doll"}],"event_choices":[{"damage_healed":0,"gold_gain":0,"player_choice":"Grow","damage_taken":0,"max_hp_gain":0,"max_hp_loss":0,"event_name":"Living Wall","floor":4,"gold_loss":0,"cards_upgraded":["Creative AI"]},{"damage_healed":0,"gold_gain":0,"player_choice":"Rummage","damage_taken":0,"relics_obtained":["WarpedTongs"],"max_hp_gain":0,"max_hp_loss":0,"event_name":"Accursed Blacksmith","floor":5,"gold_loss":0,"cards_obtained":["Pain"]},{"damage_healed":0,"gold_gain":0,"cards_transformed":["Strike_B"],"player_choice":"Transformed","damage_taken":0,"max_hp_gain":0,"max_hp_loss":0,"event_name":"Transmorgrifier","floor":10,"gold_loss":0,"cards_obtained":["Undo"]},{"damage_healed":0,"gold_gain":0,"player_choice":"Punched","damage_taken":3,"max_hp_gain":0,"max_hp_loss":0,"event_name":"Designer","floor":19,"gold_loss":0}],"is_beta":false,"boss_relics":[{"not_picked":["Runic Dome","Busted Crown"],"picked":"Calling Bell"}],"items_purged_floors":[14,20],"is_endless":false,"potions_floor_spawned":[2,7,16],"killed_by":"Slavers","ascension_level":2}}