{"host":"rpu0b34yn88n8zeb","time":1612480177,"event":{"mods":["Act Like it!","BaseMod","CapriCore","Chen","Colored Powertips","Defuse TimeMaze Blight","Koishi","Marisa£¨ìFÓê¡¡Ä§ÀíÉ³£©","Minty Spire (QoL Compilation)","Quick Restart","Reimu£¨²©ÀöÁéÃÎ£©","RumiaBox-Â¶Ã×æ«µÄÉñÃØºÐ×Ó","Shop Mod","Spicy Shops","StSLib","The Immortal","The Servant 0.9.4","Yakumo Yukari mod","Youmu£¨»êÆÇÑýÃÎ£©"],"gold_per_floor":[419,419,379,379,392,397,397,412,412,1411,1411],"floor_reached":10,"language":"ZHS","playtime":396,"items_purged":[],"score":149,"play_id":"ba857eee-afdd-4a7f-9e68-865879171548","local_time":"20210204160937","daily_mods":["Heirloom","Time Dilation","Elite Swarm"],"is_ascension_mode":false,"campfire_choices":[{"data":"Koishi:HeartStoppingHorror","floor":7.0,"key":"SMITH"}],"circlet_count":0,"master_deck":["Koishi:BasicStrike","Koishi:BasicStrike","Koishi:BasicStrike","Koishi:BasicStrike","Koishi:BasicDefend","Koishi:BasicDefend","Koishi:BasicDefend","Koishi:BasicDefend","Koishi:Provoke","Koishi:HauntingSlash","Koishi:PhantomBarrier","Poor:ReiMu","Pain","Koishi:HeartStoppingHorror+1","Poor:ReiMu","Koishi:GrowingPain"],"relics":["Koishi:ImaginaryFriend","Old Coin","PaintedHorse:ReiMu","GodSword1","Baka2","Prayer Wheel","MoreBug","Pantograph"],"acts_visited":["Exordium"],"potions_floor_usage":[],"damage_taken":[{"damage":2.0,"enemies":"Small Slimes","floor":1.0,"turns":4.0},{"damage":0.0,"enemies":"2 Louse","floor":5.0,"turns":2.0},{"damage":13.0,"enemies":"3 Sentries","floor":6.0,"turns":3.0},{"damage":27.0,"enemies":"Lagavulin","floor":8.0,"turns":10.0},{"damage":29,"enemies":"Gremlin Nob","floor":10,"turns":4}],"seed_played":"-6380820346073234297","potions_obtained":[{"floor":1.0,"key":"SteroidPotion"}],"is_trial":true,"path_per_floor":["M","?","?","?","M","E","R","E","T","E"],"character_chosen":"KOISHI","items_purchased":[],"campfire_rested":0,"item_purchase_floors":[],"current_hp_per_floor":[60,60,60,60,60,48,48,24,24,0,0],"gold":1411,"neow_bonus":"","is_daily":false,"chose_seed":false,"campfire_upgraded":1,"win_rate":0.0,"timestamp":1612480177,"path_taken":["M","?","?","?","?","E","R","E","T","E"],"items_purchased_type":[],"build_version":"2020-12-22","purchased_purges":0,"victory":false,"max_hp_per_floor":[60,60,60,60,60,60,60,60,60,60,60],"card_choices":[{"not_picked":["Koishi:StrangeCloudFist","Koishi:TremblingHands"],"picked":"Koishi:PhantomBarrier","floor":1.0},{"not_picked":["Koishi:Prune","Koishi:CatchAndRose","Koishi:ReflexRadar"],"picked":"SKIP","floor":5.0},{"not_picked":["Koishi:SuperEgo","Koishi:RuptureMind"],"picked":"Koishi:HeartStoppingHorror","floor":6.0},{"not_picked":["Koishi:RollingInRichesHeart","Koishi:ConditionedTeleport"],"picked":"Koishi:GrowingPain","floor":8.0}],"player_experience":581576,"relics_obtained":[{"floor":1.0,"key":"Baka"},{"floor":5.0,"key":"Baka2"},{"floor":6.0,"key":"Prayer Wheel"},{"floor":8.0,"key":"MoreBug"},{"floor":9.0,"key":"Pantograph"}],"event_choices":[{"damage_healed":0.0,"max_hp_gain":0.0,"max_hp_loss":0.0,"gold_gain":0.0,"event_name":"Golden Wing","player_choice":"Ignored","floor":2.0,"gold_loss":0.0,"damage_taken":0.0},{"damage_healed":0.0,"max_hp_gain":0.0,"max_hp_loss":0.0,"gold_gain":0.0,"event_name":"yidonshenshe","player_choice":"ÈûÇ®","floor":3.0,"gold_loss":40.0,"damage_taken":0.0,"relics_obtained":["PaintedHorse:ReiMu"]},{"damage_healed":0.0,"max_hp_gain":0.0,"max_hp_loss":0.0,"gold_gain":0.0,"event_name":"WeMeetAgain","player_choice":"Gave Potion","floor":4.0,"gold_loss":0.0,"damage_taken":0.0,"relics_obtained":["GodSword1"]}],"is_beta":false,"boss_relics":[],"items_purged_floors":[],"is_endless":true,"potions_floor_spawned":[1],"killed_by":"Gremlin Nob","ascension_level":0}}