{"host":"xp5rvh2jwe2ejyfm","time":1612481348,"event":{"mods":["2.2 Compatiblity","Aspiration","BaseMod","BetterRewards","Colored Powertips","Conspire","Downfall","GifTheSpireLib","Gremlin Mod","Hermit","Hubris","Jorbs\u0027s Wanderer Trilogy","Minty Spire (QoL Compilation)","Replay The Spire","Robot Space Explorer","Shade Mod","Somnambulant","StSLib","The Bug Knight","The Clintock","The Construct","The Cursed","The Disciple","The Forsaken","The Hierophant","The Necromancer","The Runesmith","The Servant 0.9.4","The Valiant","The Witch","thorton"],"gold_per_floor":[110,110,120,138,151,151,151],"floor_reached":6,"language":"ENG","playtime":275,"items_purged":[],"score":38,"play_id":"6c82bde1-2cbf-44ce-8f89-8a662e50dd05","local_time":"20210204182908","is_ascension_mode":false,"campfire_choices":[],"circlet_count":0,"master_deck":["somnambulantmod: SomnambulantStrike+1","somnambulantmod: SomnambulantStrike+1","somnambulantmod: SomnambulantStrike","somnambulantmod: SomnambulantStrike","somnambulantmod: SomnambulantStrike","somnambulantmod: Defend_Somnambulant","somnambulantmod: Defend_Somnambulant","somnambulantmod: Defend_Somnambulant","somnambulantmod: Defend_Somnambulant","somnambulantmod: Defend_Somnambulant","somnambulantmod: QuickNap","somnambulantmod: PrimingPunch","somnambulantmod: Hush","somnambulantmod: BrainFeeder","somnambulantmod: HeavyLids","somnambulantmod: Nosebleed"],"relics":["somnambulantmod: DreamJournal","NeowsBlessing"],"acts_visited":["Exordium"],"potions_floor_usage":[],"damage_taken":[{"damage":0,"enemies":"2 Louse","floor":1,"turns":1},{"damage":0,"enemies":"Small Slimes","floor":3,"turns":1},{"damage":0,"enemies":"Cultist","floor":4,"turns":1},{"damage":19,"enemies":"Blue Slaver","floor":5,"turns":5},{"damage":37,"enemies":"Lagavulin","floor":6,"turns":10}],"seed_played":"1768645770593743793","potions_obtained":[{"floor":4,"key":"Ancient Potion"}],"is_trial":false,"path_per_floor":["M","?","M","M","M","E"],"character_chosen":"THE_SOMNAMBULANT","items_purchased":[],"campfire_rested":0,"item_purchase_floors":[],"current_hp_per_floor":[70,56,56,56,37,0,0],"gold":151,"neow_bonus":"THREE_ENEMY_KILL","is_daily":false,"chose_seed":false,"campfire_upgraded":0,"win_rate":0.0,"timestamp":1612481348,"path_taken":["M","?","M","M","M","E"],"items_purchased_type":[],"build_version":"2020-12-22","purchased_purges":0,"victory":false,"max_hp_per_floor":[70,70,70,70,70,70,70],"card_choices":[{"not_picked":["somnambulantmod: BadIdea","somnambulantmod: BrainFeeder"],"picked":"somnambulantmod: Hush","floor":1},{"not_picked":["somnambulantmod: UnthoughtKnown","somnambulantmod: HappyThoughts"],"picked":"somnambulantmod: BrainFeeder","floor":3},{"not_picked":["somnambulantmod: LeechFears","somnambulantmod: OpeningUp"],"picked":"somnambulantmod: HeavyLids","floor":4},{"not_picked":["somnambulantmod: Repression","somnambulantmod: TrepanningBlow"],"picked":"somnambulantmod: Nosebleed","floor":5}],"player_experience":421890,"relics_obtained":[],"event_choices":[{"damage_healed":0,"gold_gain":0,"player_choice":"Entered Light","damage_taken":14,"max_hp_gain":0,"max_hp_loss":0,"event_name":"Shining Light","floor":2,"gold_loss":0,"cards_upgraded":["somnambulantmod: SomnambulantStrike","somnambulantmod: SomnambulantStrike"]}],"is_beta":false,"boss_relics":[],"items_purged_floors":[],"is_endless":false,"potions_floor_spawned":[4],"killed_by":"Lagavulin","ascension_level":0}}