{"host":"xi8yg1ddhptuxb9d","time":1612453248,"event":{"mods":["AchievementEnabler","BaseMod","Block Reminder","Minty Spire (QoL Compilation)","Relic Sorter","StSLib"],"gold_per_floor":[111,130,140,140,60,60,94,52,52,64,64,64],"floor_reached":11,"language":"ENG","playtime":337,"items_purged":[],"score":139,"play_id":"8cf4f568-31fb-4bce-9c8d-22ea3c13d907","local_time":"20210204104048","is_ascension_mode":true,"campfire_choices":[{"floor":6.0,"key":"REST"}],"circlet_count":0,"master_deck":["AscendersBane","Strike_G","Strike_G","Strike_G","Strike_G","Strike_G","Defend_G","Defend_G","Defend_G","Defend_G","Defend_G","Survivor","Neutralize","Deadly Poison","Bouncing Flask","Dagger Spray","Infinite Blades","PiercingWail","Blade Dance","Crippling Poison"],"relics":["Ring of the Snake","The Courier","Gremlin Horn"],"acts_visited":["Exordium"],"potions_floor_usage":[7],"damage_taken":[{"damage":9.0,"enemies":"Jaw Worm","floor":1.0,"turns":4.0},{"damage":9.0,"enemies":"Small Slimes","floor":2.0,"turns":4.0},{"damage":8.0,"enemies":"2 Louse","floor":3.0,"turns":4.0},{"damage":12,"enemies":"Lagavulin","floor":7,"turns":6},{"damage":13,"enemies":"Blue Slaver","floor":10,"turns":3},{"damage":38,"enemies":"Gremlin Nob","floor":11,"turns":3}],"seed_played":"5024031260862528914","potions_obtained":[{"floor":1.0,"key":"Poison Potion"}],"is_trial":false,"path_per_floor":["M","M","M","?","$","R","E","$","T","M","E"],"character_chosen":"THE_SILENT","items_purchased":["Infinite Blades","Blade Dance"],"campfire_rested":1,"item_purchase_floors":[5,8],"current_hp_per_floor":[56,47,39,39,39,60,48,48,48,35,0,0],"gold":64,"neow_bonus":"TEN_PERCENT_HP_BONUS","is_daily":false,"chose_seed":false,"campfire_upgraded":0,"win_rate":0.0,"timestamp":1612453248,"path_taken":["M","M","M","?","$","R","E","$","T","M","E"],"items_purchased_type":["Card","Card"],"build_version":"2020-12-22","purchased_purges":0,"victory":false,"max_hp_per_floor":[72,72,72,72,72,72,72,72,72,72,72,72],"card_choices":[{"not_picked":["Reflex","Slice"],"picked":"Deadly Poison","floor":1.0},{"not_picked":["PiercingWail","Backflip"],"picked":"Bouncing Flask","floor":2.0},{"not_picked":["Infinite Blades","Dagger Throw"],"picked":"Dagger Spray","floor":3.0},{"not_picked":["Slice","Dagger Spray"],"picked":"PiercingWail","floor":7},{"not_picked":["Bane","Acrobatics"],"picked":"Crippling Poison","floor":10}],"player_experience":701667,"relics_obtained":[{"floor":7,"key":"The Courier"},{"floor":9,"key":"Gremlin Horn"}],"event_choices":[{"damage_healed":0.0,"max_hp_gain":0.0,"max_hp_loss":0.0,"gold_gain":0.0,"event_name":"Golden Wing","player_choice":"Ignored","floor":4.0,"gold_loss":0.0,"damage_taken":0.0}],"is_beta":false,"boss_relics":[],"items_purged_floors":[],"is_endless":false,"potions_floor_spawned":[1],"killed_by":"Gremlin Nob","ascension_level":18}}