{"host":"vhw5fdvi8l2afono","time":1612424327,"event":{"mods":["100% Spire Juice","Act Like it!","BaseMod","Gensokyo","Minty Spire (QoL Compilation)","Reimu£®≤©¿ˆ¡È√Œ£©","Shop Mod","StSLib","Waifu the Spire","[IsaacMod]“‘»ˆº‚À˛","°æ“≈ŒÔø®≈∆°øREMEMod"],"gold_per_floor":[110,160,110,121,46,46,79,98,98,116,130,162,175,193,193,288,288,298,198,211,222,97,97,97],"floor_reached":23,"language":"ZHS","playtime":1354,"items_purged":["Defend_Lin:ReiMu","Strike_Lin:ReiMu","Strike_Lin:ReiMu"],"score":322,"play_id":"ad9ade8a-8b5a-4fed-bfc1-0ece44255683","local_time":"20210204153847","is_ascension_mode":true,"campfire_choices":[{"data":"Berserk","floor":6.0,"key":"SMITH"},{"floor":15.0,"key":"REST"}],"circlet_count":0,"master_deck":["Strike_Lin:ReiMu","Defend_Lin:ReiMu","Defend_Lin:ReiMu","Defend_Lin:ReiMu","NB:ReiMu","Stagnation:ReiMu","Berserk+1","ShadowOfCrow2:ReiMu","RainPray2:ReiMu","Meditation:ReiMu","MikOfLucky:ReiMu","MountainWay:ReiMu","PrepareRite:ReiMu","SafetyPray:ReiMu","Crusade:ReiMu","DependentForm:ReiMu","Conquer:ReiMu+1","YinYangSange:ReiMu+1"],"relics":["REME_ComplimentaryCards","HushsDoor","DonationBox:ReiMu","DeathBook","REME_LimitBreaker","Orichalcum","FadedRune:ReiMu","Ginger","Ancient Tea Set","CrownOfHeavens:ReiMu"],"acts_visited":["Exordium","TheCity"],"potions_floor_usage":[23,23],"damage_taken":[{"damage":0.0,"enemies":"2 Louse","floor":1.0,"turns":3.0},{"damage":10.0,"enemies":"Hiden Room Battle","floor":2.0,"turns":3.0},{"damage":5.0,"enemies":"Cultist","floor":4.0,"turns":4.0},{"damage":15.0,"enemies":"Gremlin Nob","floor":7.0,"turns":5.0},{"damage":13.0,"enemies":"Jaw Worm","floor":8.0,"turns":4.0},{"damage":2.0,"enemies":"Large Slime","floor":10.0,"turns":5.0},{"damage":3.0,"enemies":"2 Fungi Beasts","floor":11.0,"turns":5.0},{"damage":0.0,"enemies":"Lagavulin","floor":12.0,"turns":5.0},{"damage":1.0,"enemies":"Exordium Thugs","floor":13.0,"turns":4.0},{"damage":0.0,"enemies":"Red Slaver","floor":14.0,"turns":4.0},{"damage":1.0,"enemies":"Hexaghost","floor":16.0,"turns":15.0},{"damage":1.0,"enemies":"Shell Parasite","floor":18.0,"turns":5.0},{"damage":12.0,"enemies":"Spheric Guardian","floor":20.0,"turns":9.0},{"damage":13.0,"enemies":"Snake Plant","floor":21.0,"turns":5.0},{"damage":27,"enemies":"Slavers","floor":23,"turns":3}],"seed_played":"-7520997798083834947","potions_obtained":[{"floor":2.0,"key":"SkillPotion"},{"floor":7.0,"key":"Strength Potion"},{"floor":8.0,"key":"MagicPotion:ReiMu"},{"floor":12.0,"key":"Fire Potion"},{"floor":14.0,"key":"SpeedPotion"},{"floor":16.0,"key":"CultistPotion"},{"floor":20.0,"key":"Fruit Juice"}],"is_trial":false,"path_per_floor":["M","?","?","M","$","R","E","M","T","M","M","E","M","M","R","B",null,"M","$","M","M","$","E"],"character_chosen":"REIMU","items_purchased":[],"campfire_rested":1,"item_purchase_floors":[],"current_hp_per_floor":[59,49,49,44,44,44,29,16,16,14,11,11,10,10,29,28,56,55,55,48,35,35,8,8],"gold":97,"neow_bonus":"BOSS_RELIC","is_daily":false,"chose_seed":false,"campfire_upgraded":1,"win_rate":0.0,"timestamp":1612424327,"path_taken":["M","?","?","M","$","R","E","M","T","M","M","E","M","M","R","BOSS","M","$","M","M","$","E"],"items_purchased_type":[],"build_version":"2020-12-22","purchased_purges":3,"victory":false,"max_hp_per_floor":[65,65,65,65,65,65,65,65,65,65,65,65,65,65,65,65,65,65,65,70,70,70,70,70],"card_choices":[{"not_picked":["Dreaming2:ReiMu","TightArray:ReiMu"],"picked":"Bomb","floor":1.0},{"not_picked":["WonderfulDomain:ReiMu","SafetyPray:ReiMu"],"picked":"ShadowOfCrow2:ReiMu","floor":2.0},{"not_picked":["Amulet:ReiMu","TightArray:ReiMu"],"picked":"RainPray2:ReiMu","floor":4.0},{"not_picked":["Intuition:ReiMu","EmergencyTakeOff:ReiMu"],"picked":"Meditation:ReiMu","floor":7.0},{"not_picked":["TightArray:ReiMu","SubcavityInstant:ReiMu"],"picked":"MikOfLucky:ReiMu","floor":8.0},{"not_picked":["MountainWay:ReiMu","EmergencyTakeOff:ReiMu","FineLineFantasy:ReiMu"],"picked":"SKIP","floor":10.0},{"not_picked":["EmergencyTakeOff:ReiMu","FineLineFantasy:ReiMu"],"picked":"MountainWay:ReiMu","floor":10.0},{"not_picked":["DoubleButterfly:ReiMu","Enchanting:ReiMu"],"picked":"PrepareRite:ReiMu","floor":11.0},{"not_picked":["HakureiPhantom:ReiMu","DoubleButterfly:ReiMu"],"picked":"SafetyPray:ReiMu","floor":12.0},{"not_picked":["CollectionFlower2:ReiMu","ShadowOfCrow2:ReiMu"],"picked":"Crusade:ReiMu","floor":13.0},{"not_picked":["Enchanting:ReiMu","WonderfulDomain:ReiMu","CollectionFlower2:ReiMu"],"picked":"SKIP","floor":14.0},{"not_picked":["Determination:ReiMu","Free:ReiMu"],"picked":"DependentForm:ReiMu","floor":16.0},{"not_picked":["Enchanting:ReiMu+1","SpiritualOutbreak2:ReiMu","MikOfLucky:ReiMu"],"picked":"SKIP","floor":18.0},{"not_picked":["Enchanting:ReiMu","SafetyPray:ReiMu+1"],"picked":"Conquer:ReiMu+1","floor":20.0},{"not_picked":["OrbThrow:ReiMu","SafetyPray:ReiMu"],"picked":"YinYangSange:ReiMu+1","floor":21.0}],"player_experience":247912,"relics_obtained":[{"floor":2.0,"key":"REME_LimitBreaker"},{"floor":2.0,"key":"Orichalcum"},{"floor":7.0,"key":"FadedRune:ReiMu"},{"floor":9.0,"key":"Ginger"},{"floor":12.0,"key":"Ancient Tea Set"}],"event_choices":[{"damage_healed":0.0,"max_hp_gain":0.0,"max_hp_loss":0.0,"gold_gain":0.0,"event_name":"HidenRoomEvent","player_choice":"Fight","floor":2.0,"gold_loss":0.0,"damage_taken":0.0},{"cards_removed":["Strike_Lin:ReiMu"],"damage_healed":0.0,"max_hp_gain":0.0,"max_hp_loss":0.0,"gold_gain":0.0,"event_name":"The Cleric","player_choice":"Card Removal","floor":3.0,"gold_loss":50.0,"damage_taken":0.0}],"is_beta":false,"boss_relics":[{"not_picked":["Philosopher\u0027s Stone","Coffee Dripper"],"picked":"CrownOfHeavens:ReiMu"},{"not_picked":[]}],"items_purged_floors":[5,19,22],"is_endless":false,"potions_floor_spawned":[2,7,8,12,14,16,20],"killed_by":"Slavers","ascension_level":8}}