{"host":"rmt60uil2jppa14k","time":1612473524,"event":{"mods":["AchievementEnabler","BaseMod","Minty Spire (QoL Compilation)","Quick Restart","StSLib"],"gold_per_floor":[113,113,2,2,13,13,13,43,66,66,78,94,94,94,94,189,189,205,223,236,335,335,335,335],"floor_reached":23,"language":"ENG","playtime":627,"items_purged":[],"score":214,"play_id":"13afd7e6-cc14-4f7a-a514-f2839773fcba","local_time":"20210204211844","is_ascension_mode":false,"campfire_choices":[{"data":"Zap","floor":7,"key":"SMITH"},{"data":"Lockon","floor":10,"key":"SMITH"},{"floor":15,"key":"REST"}],"circlet_count":0,"master_deck":["Strike_B","Strike_B","Strike_B","Strike_B","Defend_B","Defend_B+1","Defend_B","Defend_B","Zap+1","Dualcast+1","Leap","Loop+1","Lockon+1","Gash","Heatsinks","BootSequence","Auto Shields","Echo Form","Turbo+1","Sweeping Beam","Cold Snap+1"],"relics":["Cracked Core","NeowsBlessing","Blue Candle","MealTicket","Juzu Bracelet"],"acts_visited":["Exordium","TheCity"],"potions_floor_usage":[16,16,16,20,20,20],"damage_taken":[{"damage":0,"enemies":"Small Slimes","floor":1,"turns":1},{"damage":0,"enemies":"Jaw Worm","floor":5,"turns":1},{"damage":0,"enemies":"Lagavulin","floor":8,"turns":1},{"damage":4,"enemies":"2 Louse","floor":11,"turns":2},{"damage":4,"enemies":"Blue Slaver","floor":12,"turns":4},{"damage":18,"enemies":"Hexaghost","floor":16,"turns":8},{"damage":14,"enemies":"Chosen","floor":18,"turns":5},{"damage":10,"enemies":"Shell Parasite","floor":19,"turns":7},{"damage":32,"enemies":"Snecko","floor":20,"turns":9},{"damage":30,"enemies":"Slavers","floor":23,"turns":2}],"seed_played":"7155698586075191485","potions_obtained":[{"floor":8,"key":"Dexterity Potion"},{"floor":11,"key":"LiquidMemories"},{"floor":14,"key":"PotionOfCapacity"},{"floor":14,"key":"PowerPotion"},{"floor":19,"key":"DuplicationPotion"},{"floor":20,"key":"EntropicBrew"}],"is_trial":false,"path_per_floor":["M","?","$","?","M","?","R","E","T","R","M","M","?","?","R","B",null,"M","M","M","?","?","E"],"character_chosen":"DEFECT","items_purchased":["Loop","Lockon"],"campfire_rested":1,"item_purchase_floors":[3,3],"current_hp_per_floor":[75,75,75,60,60,60,60,60,60,60,56,52,45,45,67,49,75,61,51,24,24,24,0,0],"gold":335,"neow_bonus":"THREE_ENEMY_KILL","is_daily":false,"chose_seed":false,"campfire_upgraded":2,"win_rate":0.0,"timestamp":1612473524,"path_taken":["M","?","$","?","M","?","R","E","T","R","M","M","?","?","R","BOSS","M","M","M","?","?","E"],"items_purchased_type":["Card","Card"],"build_version":"2020-12-22","purchased_purges":0,"victory":false,"max_hp_per_floor":[75,75,75,75,75,75,75,75,75,75,75,75,75,75,75,75,75,75,75,80,80,80,80,80],"card_choices":[{"not_picked":["Hologram","Darkness"],"picked":"Leap","floor":1},{"not_picked":["Steam","White Noise"],"picked":"Gash","floor":5},{"not_picked":["Barrage","Force Field"],"picked":"Heatsinks","floor":8},{"not_picked":["Go for the Eyes","Beam Cell"],"picked":"BootSequence","floor":11},{"not_picked":["Loop","Barrage"],"picked":"Auto Shields","floor":12},{"not_picked":["Reboot","Hyperbeam"],"picked":"Echo Form","floor":16},{"not_picked":["Beam Cell+1","Coolheaded+1"],"picked":"Turbo+1","floor":18},{"not_picked":["Force Field","Skim"],"picked":"Sweeping Beam","floor":19},{"not_picked":["Force Field","Fusion"],"picked":"Cold Snap+1","floor":20}],"player_experience":133805,"relics_obtained":[{"floor":8,"key":"Blue Candle"},{"floor":9,"key":"MealTicket"}],"event_choices":[{"damage_healed":0,"gold_gain":0,"player_choice":"Leave","damage_taken":0,"max_hp_gain":0,"max_hp_loss":0,"event_name":"The Cleric","floor":2,"gold_loss":0},{"damage_healed":0,"gold_gain":0,"player_choice":"Entered Light","damage_taken":15,"max_hp_gain":0,"max_hp_loss":0,"event_name":"Shining Light","floor":4,"gold_loss":0,"cards_upgraded":["Dualcast","Defend_B"]},{"damage_healed":0,"gold_gain":0,"player_choice":"Grow","damage_taken":0,"max_hp_gain":0,"max_hp_loss":0,"event_name":"Living Wall","floor":6,"gold_loss":0,"cards_upgraded":["Loop"]},{"damage_healed":0,"gold_gain":0,"player_choice":"Success","damage_taken":7,"relics_obtained":["Juzu Bracelet"],"max_hp_gain":0,"max_hp_loss":0,"event_name":"Scrap Ooze","floor":13,"gold_loss":0},{"damage_healed":0,"gold_gain":0,"player_choice":"Got Potions","damage_taken":0,"max_hp_gain":0,"max_hp_loss":0,"event_name":"Lab","floor":14,"gold_loss":0},{"damage_healed":0,"gold_gain":99,"player_choice":"Stole From Cult","damage_taken":0,"max_hp_gain":0,"max_hp_loss":0,"event_name":"Nest","floor":21,"gold_loss":0},{"damage_healed":0,"gold_gain":0,"player_choice":"Ignored","damage_taken":0,"max_hp_gain":0,"max_hp_loss":0,"event_name":"Ghosts","floor":22,"gold_loss":0}],"is_beta":false,"boss_relics":[{"not_picked":["Runic Dome","Sozu","Velvet Choker"]}],"items_purged_floors":[],"is_endless":false,"potions_floor_spawned":[8,11,19,20],"killed_by":"Slavers","ascension_level":0}}