{"host":"r91i8wii3z9p67t1","time":1612414821,"event":{"mods":["BaseMod","Minty Spire (QoL Compilation)","Relic Stats","Replay The Spire","StSLib"],"gold_per_floor":[118,118,203,213,226,226,260,260,284,296,69,99,99,116,116,218,218,235,253,0,0,0,0,16,49,49,81,81,43,82,82,82,186,186,209,220,220,220,229,229,229,255,255,282,292,292,309,318,318,318,318],"floor_reached":50,"language":"ZHT","playtime":3342,"items_purged":[],"score":857,"play_id":"e4fa2bf0-5acc-45e1-81e2-a5d8e87b9325","local_time":"20210204130021","is_ascension_mode":true,"campfire_choices":[{"data":"Consecrate","floor":6.0,"key":"SMITH"},{"floor":8.0,"key":"REST"},{"data":"Replay:AtTheReady","floor":15.0,"key":"SMITH"},{"data":"Devotion","floor":23.0,"key":"SMITH"},{"data":"Vigilance","floor":40.0,"key":"SMITH"},{"data":"Replay:DivineShield","floor":46.0,"key":"SMITH"},{"floor":49.0,"key":"DIG"}],"circlet_count":0,"master_deck":["Strike_P+1","Strike_P+1","Strike_P+1","Strike_P+1","Defend_P+1","Defend_P+1","Defend_P+1","Defend_P+1","Eruption+1","Vigilance+1","Defend_P+1","Bash","EmptyMind","Prostrate+1","CutThroughFate","Prostrate","Consecrate+1","Replay:AtTheReady+1","Replay:Battleflow","Wireheading","EmptyFist","Devotion+1","Replay:DivineShield+1","Swivel","Consecrate+1","EmptyBody","InnerPeace+1","MentalFortress","Prostrate","Crescendo","Replay:LoomingThreat+1","CrushJoints","Writhe","Hallucinations"],"relics":["PureWater","Omamori","PreservedInsect","Juzu Bracelet","Vajra","Honey Jar","Singing Bowl","Smiling Mask","White Beast Statue","Garlic","CeramicFish","Ancient Tea Set","ReplayFunnel","ReplayTheSpireMod:DimensionalGlitch","Snack Pack","The Courier","Kunai","Replay:Bottled Eggs","ReplayTheSpireMod:Ring of Challenge","Damaru"],"acts_visited":["Exordium","TheCity","TheBeyond"],"potions_floor_usage":[50,50],"damage_taken":[{"damage":1.0,"enemies":"2 Louse","floor":1.0,"turns":4.0},{"damage":3.0,"enemies":"Jaw Worm","floor":4.0,"turns":5.0},{"damage":0.0,"enemies":"Cultist","floor":5.0,"turns":2.0},{"damage":40.0,"enemies":"3 Sentries","floor":7.0,"turns":13.0},{"damage":14.0,"enemies":"Large Slime","floor":10.0,"turns":8.0},{"damage":9.0,"enemies":"Exordium Thugs","floor":14.0,"turns":5.0},{"damage":62.0,"enemies":"Fading Forest","floor":16.0,"turns":11.0},{"damage":4.0,"enemies":"Chosen","floor":18.0,"turns":4.0},{"damage":6.0,"enemies":"2 Thieves","floor":19.0,"turns":4.0},{"damage":2.0,"enemies":"Shelled Parasite and Fungi","floor":24.0,"turns":4.0},{"damage":7.0,"enemies":"Replay:Snechameleon","floor":25.0,"turns":5.0},{"damage":10.0,"enemies":"Slavers","floor":27.0,"turns":5.0},{"damage":9.0,"enemies":"Gremlin Leader","floor":30.0,"turns":7.0},{"damage":6.0,"enemies":"Champ","floor":33.0,"turns":11.0},{"damage":16.0,"enemies":"3 Shapes","floor":35.0,"turns":5.0},{"damage":1.0,"enemies":"Orb Walker","floor":36.0,"turns":5.0},{"damage":34.0,"enemies":"Reptomancer","floor":42.0,"turns":6.0},{"damage":0.0,"enemies":"Nemesis","floor":44.0,"turns":7.0},{"damage":0.0,"enemies":"Jaw Worm Horde","floor":45.0,"turns":3.0},{"damage":65.0,"enemies":"Sphere and 2 Shapes","floor":47.0,"turns":6.0},{"damage":20,"enemies":"Donu and Deca","floor":50,"turns":3}],"seed_played":"-6952161372546432457","potions_obtained":[{"floor":1.0,"key":"PowerPotion"},{"floor":5.0,"key":"FearPotion"},{"floor":7.0,"key":"Elixir"},{"floor":24.0,"key":"Weak Potion"},{"floor":27.0,"key":"FearPotion"},{"floor":30.0,"key":"Explosive Potion"},{"floor":33.0,"key":"EntropicBrew"},{"floor":35.0,"key":"Adrenaline Potion"},{"floor":44.0,"key":"Fire Potion"}],"is_trial":false,"path_per_floor":["M","?","?","M","M","R","E","R","T","M","$","?","?","M","R","B",null,"M","M","$","?","?","R","M","E","T","E","?","$","E","?","R","B",null,"M","M","?","?","?","R","T","E","T","E","M","R","M","?","R","B"],"character_chosen":"WATCHER","items_purchased":["Vajra","Wireheading","Singing Bowl","Prostrate"],"campfire_rested":1,"item_purchase_floors":[11,11,20,29],"current_hp_per_floor":[78,78,78,75,75,75,35,60,60,46,46,46,67,58,58,14,68,64,58,58,58,58,58,56,51,51,43,43,43,36,36,63,57,83,69,70,72,72,97,97,97,66,66,69,73,73,12,12,12,0,0],"gold":318,"neow_bonus":"TWENTY_PERCENT_HP_BONUS","is_daily":false,"chose_seed":false,"campfire_upgraded":5,"win_rate":0.0,"timestamp":1612414821,"path_taken":["M","?","?","M","M","R","E","R","T","M","?","?","?","M","R","BOSS","M","M","$","?","?","R","M","E","T","E","?","?","E","?","R","BOSS","M","M","?","?","?","R","?","E","T","E","M","R","M","?","R","BOSS"],"items_purchased_type":["Relic","Card","Relic","Card"],"build_version":"2020-12-22","purchased_purges":0,"victory":false,"max_hp_per_floor":[86,86,86,86,86,86,86,86,86,86,86,86,86,86,86,86,86,86,86,86,86,86,86,86,88,88,90,90,90,92,92,92,92,92,94,96,98,98,98,98,98,100,100,102,104,104,106,106,106,106,106],"relic_stats":{"Singing Bowl":20,"counters":[21,123],"CeramicFish":54,"PreservedInsect":229,"Juzu Bracelet":2,"Kunai":[6],"Smiling Mask":0,"obtain_stats":[{"ReplayFunnel":31,"Singing Bowl":20,"CeramicFish":28,"Vajra":11,"Damaru":49,"PreservedInsect":7,"The Courier":42,"Omamori":3,"Juzu Bracelet":9,"Smiling Mask":25,"Ancient Tea Set":30,"White Beast Statue":26,"Honey Jar":17,"Garlic":27,"Snack Pack":41,"Kunai":43,"PureWater":0,"Replay:Bottled Eggs":44,"ReplayTheSpireMod:Ring of Challenge":48,"ReplayTheSpireMod:DimensionalGlitch":34},{"ReplayFunnel":13,"Singing Bowl":9,"CeramicFish":12,"Vajra":5,"Damaru":20,"PreservedInsect":4,"The Courier":17,"Omamori":1,"Juzu Bracelet":4,"Smiling Mask":11,"Ancient Tea Set":13,"White Beast Statue":11,"Honey Jar":7,"Garlic":12,"Snack Pack":16,"Kunai":17,"PureWater":0,"Replay:Bottled Eggs":18,"ReplayTheSpireMod:Ring of Challenge":20,"ReplayTheSpireMod:DimensionalGlitch":14},{"ReplayFunnel":77,"Singing Bowl":56,"CeramicFish":70,"Vajra":32,"Damaru":120,"PreservedInsect":24,"The Courier":104,"Omamori":4,"Juzu Bracelet":24,"Smiling Mask":65,"Ancient Tea Set":77,"White Beast Statue":65,"Honey Jar":48,"Garlic":70,"Snack Pack":98,"Kunai":104,"PureWater":0,"Replay:Bottled Eggs":111,"ReplayTheSpireMod:Ring of Challenge":120,"ReplayTheSpireMod:DimensionalGlitch":88}]},"card_choices":[{"not_picked":["WindmillStrike","Perseverance"],"picked":"EmptyMind","floor":1.0},{"not_picked":["Replay:ManipulateFuture","Sanctity"],"picked":"Prostrate","floor":3.0},{"not_picked":["EmptyFist","FlyingSleeves"],"picked":"CutThroughFate","floor":3.0},{"not_picked":["Worship","Replay:ManipulateFuture"],"picked":"Prostrate","floor":4.0},{"not_picked":["Halt","BattleHymn"],"picked":"Consecrate","floor":5.0},{"not_picked":["FlyingSleeves","Study"],"picked":"Replay:AtTheReady","floor":7.0},{"not_picked":["BowlingBash","Vengeance"],"picked":"Replay:Battleflow","floor":10.0},{"not_picked":["CrushJoints","Vault"],"picked":"EmptyFist","floor":14.0},{"not_picked":["Judgement","ConjureBlade"],"picked":"Devotion","floor":16.0},{"not_picked":["BowlingBash","Nirvana","CarveReality"],"picked":"Replay:DivineShield","floor":18.0},{"not_picked":["ClearTheMind","Replay:BluntJabs","CrushJoints+1"],"picked":"Swivel","floor":19.0},{"not_picked":["BowlingBash","CrushJoints","ForeignInfluence"],"picked":"EmptyBody","floor":24.0},{"not_picked":["InnerPeace+1","Replay:LoomingThreat","Judgement","CarveReality"],"picked":"Singing Bowl","floor":25.0},{"not_picked":["FollowUp","ClearTheMind","MentalFortress","Replay:ManipulateFuture"],"picked":"Singing Bowl","floor":27.0},{"not_picked":["EmptyMind+1","WreathOfFlame","Study","Crescendo"],"picked":"Singing Bowl","floor":30.0},{"not_picked":["Wish","Replay:AllIn","ConjureBlade"],"picked":"Replay:LoomingThreat","floor":33.0},{"not_picked":["CrushJoints","Sanctity+1","CutThroughFate","Replay:BluntJabs+1"],"picked":"Singing Bowl","floor":35.0},{"not_picked":["ThirdEye","Replay:AtTheReady+1","Collect","EmptyBody+1"],"picked":"Singing Bowl","floor":36.0},{"not_picked":["Purity","ReplayTheSpireMod:Uncanny Aura","ReplayTheSpireMod:Private Reserves","PanicButton"],"picked":"Singing Bowl","floor":37.0},{"not_picked":["SignatureMove","CutThroughFate","Conclude","MasterReality"],"picked":"Singing Bowl","floor":42.0},{"not_picked":["Replay:ManipulateFuture+1","CrushJoints","Prostrate+1","Blasphemy"],"picked":"Singing Bowl","floor":44.0},{"not_picked":["Replay:ManipulateFuture","Crescendo+1","EmptyMind+1","Evaluate"],"picked":"Singing Bowl","floor":45.0},{"not_picked":["Adaptation","ReachHeaven+1","SignatureMove","JustLucky"],"picked":"Singing Bowl","floor":47.0}],"player_experience":969417,"relics_obtained":[{"floor":3.0,"key":"Omamori"},{"floor":7.0,"key":"PreservedInsect"},{"floor":9.0,"key":"Juzu Bracelet"},{"floor":25.0,"key":"Smiling Mask"},{"floor":26.0,"key":"White Beast Statue"},{"floor":27.0,"key":"Garlic"},{"floor":30.0,"key":"Ancient Tea Set"},{"floor":41.0,"key":"Snack Pack"},{"floor":42.0,"key":"The Courier"},{"floor":43.0,"key":"Kunai"},{"floor":44.0,"key":"Replay:Bottled Eggs"},{"floor":48.0,"key":"ReplayTheSpireMod:Ring of Challenge"},{"floor":49.0,"key":"Damaru"}],"event_choices":[{"damage_healed":0.0,"max_hp_gain":0.0,"max_hp_loss":0.0,"gold_gain":0.0,"event_name":"Living Wall","player_choice":"Grow","floor":2.0,"gold_loss":0.0,"damage_taken":0.0,"cards_upgraded":["Eruption"]},{"damage_healed":0.0,"max_hp_gain":0.0,"max_hp_loss":0.0,"gold_gain":30.0,"event_name":"Dead Adventurer","player_choice":"Searched \u00271\u0027 times","floor":12.0,"gold_loss":0.0,"damage_taken":0.0},{"damage_healed":21.0,"max_hp_gain":0.0,"max_hp_loss":0.0,"gold_gain":0.0,"event_name":"Mushrooms","player_choice":"Healed and dodged fight","floor":13.0,"gold_loss":0.0,"damage_taken":0.0,"cards_obtained":["Parasite"]},{"damage_healed":0.0,"max_hp_gain":0.0,"max_hp_loss":0.0,"gold_gain":0.0,"event_name":"Duplicator","player_choice":"Copied","floor":21.0,"gold_loss":0.0,"damage_taken":0.0,"cards_obtained":["Consecrate"]},{"damage_healed":0.0,"max_hp_gain":0.0,"max_hp_loss":0.0,"gold_gain":0.0,"event_name":"Back to Basics","player_choice":"Simplicity","floor":22.0,"gold_loss":0.0,"damage_taken":0.0,"cards_upgraded":["Strike_P","Strike_P","Strike_P","Strike_P","Defend_P","Defend_P","Defend_P","Defend_P","Defend_P"]},{"damage_healed":0.0,"max_hp_gain":0.0,"max_hp_loss":0.0,"gold_gain":0.0,"event_name":"WeMeetAgain","player_choice":"Gave Potion","floor":28.0,"gold_loss":0.0,"damage_taken":0.0,"relics_obtained":["CeramicFish"]},{"damage_healed":0.0,"max_hp_gain":0.0,"max_hp_loss":0.0,"gold_gain":0.0,"event_name":"SensoryStone","player_choice":"Memory 1","floor":37.0,"gold_loss":0.0,"damage_taken":0.0},{"damage_healed":0.0,"max_hp_gain":0.0,"max_hp_loss":0.0,"gold_gain":0.0,"event_name":"Mysterious Sphere","player_choice":"Ignored","floor":38.0,"gold_loss":0.0,"damage_taken":0.0},{"damage_healed":25.0,"max_hp_gain":0.0,"max_hp_loss":0.0,"gold_gain":0.0,"event_name":"Winding Halls","player_choice":"Writhe","floor":39.0,"gold_loss":0.0,"damage_taken":0.0,"cards_obtained":["Writhe"]}],"is_beta":false,"boss_relics":[{"not_picked":["Snecko Eye","Philosopher\u0027s Stone"],"picked":"Honey Jar"},{"not_picked":["Ring of Chaos","Astrolabe"],"picked":"ReplayTheSpireMod:DimensionalGlitch"}],"items_purged_floors":[],"is_endless":false,"potions_floor_spawned":[1,5,7,24,27,30,33,35,36,42,44,45,47],"killed_by":"Donu and Deca","ascension_level":7}}