{"host":"osk2oboccoevp2u5","time":1612463594,"event":{"mods":["AchievementEnabler","Alarm Clock","BaseMod","Colored Powertips","Disable Question Mark Monsters","Displayed Cursed Tome","Key Reminder","Minty Spire (QoL Compilation)","Potion Indicator Mod","Quick Restart","Rare Cards Sparkle","Reorder Act Four","StSLib","The Bug Knight","Useless Jewels Mod"],"gold_per_floor":[113,113,128,128,128,159,159,175,175,193,368,40,40,40,40,40,40],"floor_reached":16,"language":"ENG","playtime":645,"items_purged":["Doubt"],"score":98,"play_id":"805089b4-3393-428f-bcd6-71dc53d57095","local_time":"20210204143314","is_ascension_mode":false,"campfire_choices":[{"floor":7.0,"key":"REST"},{"floor":13,"key":"REST"},{"data":"HollowMod:FocusHealStart","floor":15,"key":"SMITH"}],"circlet_count":0,"master_deck":["HollowMod:NailStrikeStart+1","HollowMod:NailStrikeStart","HollowMod:NailStrikeStart","HollowMod:QuickDashStart","HollowMod:QuickDashStart","HollowMod:QuickDashStart+1","HollowMod:QuickDashStart","HollowMod:FocusHealStart+1","HollowMod:PogoStrike+1","HollowMod:DescendingDark","HollowMod:DescendingDark","HollowMod:DescendingDark","HollowMod:WraithStrike","HollowMod:MonarchWings"],"relics":["HollowMod:VesselMask","Mummified Hand","keyreminder:keyreminder","InkBottle","Gremlin Horn"],"acts_visited":["Exordium"],"potions_floor_usage":[],"damage_taken":[{"damage":1.0,"enemies":"Jaw Worm","floor":1.0,"turns":5.0},{"damage":2.0,"enemies":"2 Louse","floor":3.0,"turns":2.0},{"damage":17.0,"enemies":"Gremlin Nob","floor":6.0,"turns":3.0},{"damage":8.0,"enemies":"Small Slimes","floor":8.0,"turns":2.0},{"damage":7.0,"enemies":"Blue Slaver","floor":10.0,"turns":5.0},{"damage":72,"enemies":"Hexaghost","floor":16,"turns":10}],"seed_played":"8087667842823972324","potions_obtained":[{"floor":1.0,"key":"Strength Potion"},{"floor":3.0,"key":"EssenceOfSteel"}],"is_trial":false,"path_per_floor":["M","?","M","?","?","E","R","M","T","M","?","$","R","?","R","B"],"character_chosen":"THE_BUGKNIGHT","items_purchased":["Gremlin Horn"],"campfire_rested":2,"item_purchase_floors":[12],"current_hp_per_floor":[74,74,72,57,50,33,55,47,47,46,46,46,68,61,61,1,1],"gold":40,"neow_bonus":"THREE_CARDS","is_daily":false,"chose_seed":false,"campfire_upgraded":1,"win_rate":0.0,"timestamp":1612463594,"path_taken":["M","?","M","?","?","E","R","M","T","M","?","$","R","?","R","BOSS"],"items_purchased_type":["Relic"],"build_version":"2020-12-22","purchased_purges":1,"victory":false,"max_hp_per_floor":[75,75,75,75,75,75,75,75,75,75,75,75,75,75,75,75,75],"card_choices":[{"not_picked":["HollowMod:AbyssShriek","HollowMod:CornifersMapStart"],"picked":"HollowMod:DescendingDark","floor":0.0},{"not_picked":["HollowMod:PerfectDash","HollowMod:GoodIntentions"],"picked":"HollowMod:DescendingDark","floor":1.0},{"not_picked":["HollowMod:InfectedCysts","HollowMod:SoulStrike"],"picked":"HollowMod:DescendingDark","floor":3.0},{"not_picked":["HollowMod:CoiledNail","HollowMod:ShadowDash"],"picked":"HollowMod:WraithStrike","floor":6.0},{"not_picked":["HollowMod:CoiledNail","HollowMod:RecoilStrike","HollowMod:GoodIntentions"],"picked":"SKIP","floor":8.0},{"not_picked":["HollowMod:InfectionAssault","HollowMod:SiblingsShadow"],"picked":"HollowMod:MonarchWings","floor":10}],"player_experience":932154,"relics_obtained":[{"floor":6.0,"key":"Mummified Hand"},{"floor":9.0,"key":"InkBottle"}],"event_choices":[{"damage_healed":0.0,"max_hp_gain":0.0,"max_hp_loss":0.0,"gold_gain":0.0,"event_name":"Living Wall","player_choice":"Grow","floor":2.0,"gold_loss":0.0,"damage_taken":0.0,"cards_upgraded":["HollowMod:PogoStrike"]},{"damage_healed":0.0,"max_hp_gain":0.0,"max_hp_loss":0.0,"gold_gain":0.0,"event_name":"Shining Light","player_choice":"Entered Light","floor":4.0,"gold_loss":0.0,"damage_taken":15.0,"cards_upgraded":["HollowMod:QuickDashStart","HollowMod:NailStrikeStart"]},{"cards_removed":["HollowMod:NailStrikeStart"],"damage_healed":0.0,"max_hp_gain":0.0,"max_hp_loss":0.0,"gold_gain":0.0,"event_name":"Golden Wing","player_choice":"Card Removal","floor":5.0,"gold_loss":0.0,"damage_taken":7.0},{"damage_healed":0,"gold_gain":175,"player_choice":"AGREE","damage_taken":0,"max_hp_gain":0,"max_hp_loss":0,"event_name":"Liars Game","floor":11,"gold_loss":0,"cards_obtained":["Doubt"]},{"damage_healed":0,"gold_gain":0,"player_choice":"Damaged","damage_taken":7,"max_hp_gain":0,"max_hp_loss":0,"event_name":"Wheel of Change","floor":14,"gold_loss":0}],"is_beta":false,"boss_relics":[],"items_purged_floors":[12],"is_endless":false,"potions_floor_spawned":[1,3],"killed_by":"Hexaghost","ascension_level":0}}