{"host":"m6e09adb7fik7oct","time":1612459987,"event":{"mods":["AchievementEnabler","BaseMod","Better Altar","Better Note","Better Sensory Stone","Better Third Choice","BetterRewards","Block Reminder","Colored Map","Displayed Cursed Tome","Energized Spire","Evolution","Infinite Spire","Ironclad Rager","Key Reminder","Mad Scientist","Minty Spire (QoL Compilation)","Quick Restart","RNG Fix","Relic Stats","Reorder Act Four","Replay The Spire","StSLib","The Construct","The Jungle","The Marked","Trackpad","Transform Curses","Unceasing Turn Reminder","Wandering Minibosses","everything is the same but u backflip on backflip"],"gold_per_floor":[144,189,234,279,324,414,414,459,459,54,26,71,71,17,17,317,317,362,407,19,64,64,64,64],"floor_reached":23,"language":"ENG","playtime":2984,"items_purged":[],"score":245,"play_id":"624b4c3c-e165-4409-9feb-ed0807a1e4cd","local_time":"20210204123307","daily_mods":["Insanity","ControlledChaos","Midas"],"is_ascension_mode":false,"campfire_choices":[{"floor":7.0,"key":"REST"}],"circlet_count":0,"master_deck":["construct:Versatility","construct:Forcefield","construct:Analyze","construct:QuickAttack","construct:Backup","construct:Isolate","construct:SaveState","construct:Forcefield","construct:Anticipate","construct:Stasis","construct:VentSteam","construct:Overcharge","construct:SyphonStrike","construct:Isolate","construct:SyphonStrike","construct:FocusedBeam","construct:Anticipate","construct:VentSteam","construct:ClusterMines","construct:Accumulate","construct:ReactiveShield","construct:Backup","construct:Reinforce","construct:ShiftStrike","construct:Isolate","construct:ForceCore","construct:Analyze","construct:SyphonStrike","construct:MetalShell","construct:ShiftGuard","construct:SuppressiveFire","construct:ClusterMines","construct:Tumble","construct:Boost","construct:Stasis","construct:Impenetrable","construct:Forcefield","construct:Autoturret","construct:Anticipate","construct:Accumulate","construct:FlakBarrage","construct:Construct_Overclock","construct:MetalShell","construct:ShiftStrike","construct:FierceBash","construct:SweepLaser","construct:HardReboot","construct:SaveState","construct:Reinforce","construct:Antimatter","construct:UnbalancingBlast","construct:PowerUp","Apotheosis+1","construct:Synchronize","construct:HeavyBolt","construct:FierceBash","construct:MassProduction","Panache","construct:SpinDrive","construct:Enhance"],"relics":["construct:Cogwheel","Frozen Eye","EVO:Axolotl","infinitespire:Broken Mirror","StoneCalendar","Replay:Rubber Ducky","Thread and Needle","energizedSpire:CursedPentagram","Membership Card","Lantern","trackpad:IceCube"],"acts_visited":["Exordium","TheCity"],"potions_floor_usage":[],"damage_taken":[{"damage":0.0,"enemies":"Small Slimes","floor":1.0,"turns":4.0},{"damage":7.0,"enemies":"Cultist","floor":2.0,"turns":5.0},{"damage":5.0,"enemies":"2 Louse","floor":3.0,"turns":3.0},{"damage":22.0,"enemies":"Gremlin Gang","floor":4.0,"turns":5.0},{"damage":17.0,"enemies":"Exordium Thugs","floor":5.0,"turns":6.0},{"damage":29.0,"enemies":"Replay:BlueRogue","floor":6.0,"turns":5.0},{"damage":28.0,"enemies":"Lots of Slimes","floor":8.0,"turns":3.0},{"damage":1,"enemies":"2 Fungi Beasts","floor":12,"turns":4},{"damage":3,"enemies":"Slime Boss","floor":16,"turns":7},{"damage":7,"enemies":"Spheric Guardian","floor":18,"turns":4},{"damage":11,"enemies":"Shell Parasite","floor":19,"turns":5},{"damage":16,"enemies":"Centurion and Healer","floor":21,"turns":6},{"damage":51,"enemies":"Nightmare","floor":23,"turns":6}],"seed_played":"2514053361250750194","potions_obtained":[{"floor":3.0,"key":"SneckoOil"},{"floor":4.0,"key":"Strength Potion"},{"floor":12,"key":"Elixir"}],"is_trial":false,"path_per_floor":["M","M","M","M","M","E","R","M","T","$","?","M","T","$","R_BF","B",null,"M","M","$","M","?","NM"],"character_chosen":"THE_CONSTRUCT_MOD","items_purchased":["Replay:Rubber Ducky","Apotheosis","construct:Synchronize","construct:FierceBash","Membership Card","Lantern","trackpad:IceCube","Panache"],"campfire_rested":1,"item_purchase_floors":[10,10,10,14,20,20,20,20],"current_hp_per_floor":[85,78,73,51,34,5,30,2,2,2,2,1,1,1,26,23,85,78,67,67,51,51,0,0],"gold":64,"neow_bonus":"","is_daily":true,"chose_seed":false,"campfire_upgraded":0,"win_rate":0.0,"timestamp":1612459987,"path_taken":["M","?","?","M","M","E","R","M","T","?","?","M","?","$","R_BF","BOSS","M","M","$","M","?","NM"],"items_purchased_type":["Relic","Card","Card","Card","Relic","Relic","Relic","Card"],"build_version":"2020-12-22","purchased_purges":0,"victory":false,"max_hp_per_floor":[85,85,85,85,85,85,85,85,85,85,85,85,85,85,85,85,85,85,85,85,85,85,85,85],"relic_stats":{"counters":[13,63],"StoneCalendar":[43],"obtain_stats":[{"Frozen Eye":0,"Lantern":20,"energizedSpire:CursedPentagram":17,"trackpad:IceCube":20,"infinitespire:Broken Mirror":6,"construct:Cogwheel":0,"StoneCalendar":9,"Thread and Needle":13,"EVO:Axolotl":0,"Membership Card":20,"Replay:Rubber Ducky":10},{"Frozen Eye":0,"Lantern":11,"energizedSpire:CursedPentagram":9,"trackpad:IceCube":11,"infinitespire:Broken Mirror":6,"construct:Cogwheel":0,"StoneCalendar":7,"Thread and Needle":8,"EVO:Axolotl":0,"Membership Card":11,"Replay:Rubber Ducky":7},{"Frozen Eye":0,"Lantern":51,"energizedSpire:CursedPentagram":42,"trackpad:IceCube":51,"infinitespire:Broken Mirror":28,"construct:Cogwheel":0,"StoneCalendar":31,"Thread and Needle":35,"EVO:Axolotl":0,"Membership Card":51,"Replay:Rubber Ducky":31}]},"card_choices":[{"not_picked":["construct:Versatility","construct:Analyze"],"picked":"construct:Reinforce","floor":1.0},{"not_picked":["construct:Versatility","construct:SyphonStrike"],"picked":"construct:Antimatter","floor":2.0},{"not_picked":["construct:Versatility","construct:Overcharge","construct:CriticalHit"],"picked":"SKIP","floor":3.0},{"not_picked":["construct:Backfire","construct:ShiftStrike"],"picked":"construct:UnbalancingBlast","floor":4.0},{"not_picked":["construct:BatteryAcid","construct:Enhance"],"picked":"construct:PowerUp","floor":5.0},{"not_picked":["construct:SyphonStrike","construct:ShieldGenerator","construct:Reinforce"],"picked":"SKIP","floor":6.0},{"not_picked":["construct:FlakBarrage","construct:CriticalHit","construct:SuppressiveFire"],"picked":"SKIP","floor":8.0},{"not_picked":["construct:HardReboot","construct:SuppressiveFire"],"picked":"construct:HeavyBolt","floor":12},{"not_picked":["construct:GoldenBullet","construct:Reserves"],"picked":"construct:MassProduction","floor":16},{"not_picked":["construct:Anticipate","construct:Forcefield","construct:SweepLaser+1"],"picked":"SKIP","floor":18},{"not_picked":["construct:FierceBash+1","construct:HeavyBolt","construct:Autoturret+1"],"picked":"SKIP","floor":19},{"not_picked":["construct:Enhance","construct:Autoturret","construct:VentSteam"],"picked":"SKIP","floor":21}],"player_experience":363261,"relics_obtained":[{"floor":6.0,"key":"infinitespire:Broken Mirror"},{"floor":9.0,"key":"StoneCalendar"},{"floor":13,"key":"Thread and Needle"}],"event_choices":[{"damage_healed":0.0,"max_hp_gain":0.0,"max_hp_loss":0.0,"gold_gain":0.0,"event_name":"betterThird:BetterGoop","player_choice":"Left","floor":11.0,"gold_loss":28.0,"damage_taken":0.0},{"damage_healed":0,"gold_gain":0,"cards_transformed":["construct:Backfire","construct:Backfire"],"player_choice":"Became Test Subject","damage_taken":0,"max_hp_gain":0,"max_hp_loss":0,"event_name":"Drug Dealer","floor":22,"gold_loss":0,"cards_obtained":["construct:SpinDrive","construct:Enhance"]}],"is_beta":false,"boss_relics":[{"not_picked":["SacredBark","Honey Jar"],"picked":"energizedSpire:CursedPentagram"}],"items_purged_floors":[],"is_endless":false,"potions_floor_spawned":[3,4,12,18],"killed_by":"Nightmare","ascension_level":0}}