{"host":"x5w9zppki4gdwvc7","time":1612429176,"event":{"mods":["AchievementEnabler","BaseMod","Colored Powertips","DeckTracker","Minty Spire (QoL Compilation)"],"gold_per_floor":[119,137,155,155,155,155,198,198,198,198,53,228,244,262,262,386,386,405,135,135,135,168,168,188,252,302,302,302,302],"floor_reached":28,"language":"ENG","playtime":1319,"items_purged":["Doubt"],"score":283,"play_id":"7438dd6b-3866-4292-a43b-a9d639a1878c","local_time":"20210204095936","is_ascension_mode":true,"campfire_choices":[{"data":"Flame Barrier","floor":6,"key":"SMITH"},{"data":"Armaments","floor":8,"key":"SMITH"},{"data":"Shrug It Off","floor":10,"key":"SMITH"},{"floor":15,"key":"REST"},{"data":"Body Slam","floor":23,"key":"SMITH"},{"floor":27,"key":"REST"}],"circlet_count":0,"master_deck":["Strike_R","Strike_R","Strike_R","Strike_R","Strike_R","Defend_R","Defend_R","Defend_R","Defend_R","Bash","Exhume","Searing Blow","Flame Barrier+1","Shrug It Off+1","Injury","Armaments+1","Body Slam+1","Shrug It Off","Juggernaut","HandOfGreed","Inflame"],"relics":["Burning Blood","Unceasing Top","Golden Idol","Anchor","Letter Opener","Busted Crown","Nloth\u0027s Gift","Incense Burner","Smiling Mask"],"acts_visited":["Exordium","TheCity"],"potions_floor_usage":[25,25,28],"damage_taken":[{"damage":7,"enemies":"Jaw Worm","floor":1,"turns":4},{"damage":0,"enemies":"Small Slimes","floor":2,"turns":3},{"damage":3,"enemies":"2 Louse","floor":3,"turns":3},{"damage":33,"enemies":"3 Sentries","floor":7,"turns":12},{"damage":19,"enemies":"Gremlin Gang","floor":13,"turns":5},{"damage":10,"enemies":"Large Slime","floor":14,"turns":9},{"damage":51,"enemies":"The Guardian","floor":16,"turns":19},{"damage":18,"enemies":"Chosen","floor":18,"turns":5},{"damage":11,"enemies":"3 Byrds","floor":22,"turns":5},{"damage":32,"enemies":"Shelled Parasite and Fungi","floor":24,"turns":7},{"damage":28,"enemies":"Slavers","floor":25,"turns":7},{"damage":42,"enemies":"Gremlin Leader","floor":28,"turns":5}],"seed_played":"-1196592882868699328","potions_obtained":[{"floor":3,"key":"SpeedPotion"},{"floor":13,"key":"Block Potion"},{"floor":16,"key":"LiquidMemories"},{"floor":22,"key":"ColorlessPotion"},{"floor":24,"key":"CultistPotion"}],"is_trial":false,"path_per_floor":["M","M","M","?","?","R","E","R","T","R","$","?","M","M","R","B",null,"M","$","?","?","M","R","M","E","T","R","E"],"character_chosen":"IRONCLAD","items_purchased":["Bag of Marbles","HandOfGreed"],"campfire_rested":2,"item_purchase_floors":[11,19],"current_hp_per_floor":[79,80,80,73,73,73,46,46,46,46,46,46,33,29,53,8,80,68,68,68,68,63,63,37,15,15,39,0,0],"gold":302,"neow_bonus":"ONE_RANDOM_RARE_CARD","is_daily":false,"chose_seed":false,"campfire_upgraded":4,"win_rate":0.0,"timestamp":1612429176,"path_taken":["M","M","M","?","?","R","E","R","T","R","$","?","M","M","R","BOSS","M","$","?","?","M","R","?","E","T","R","E"],"items_purchased_type":["Relic","Card"],"build_version":"2020-12-22","purchased_purges":1,"victory":false,"max_hp_per_floor":[80,80,80,80,80,80,80,80,80,80,80,80,80,80,80,80,80,80,80,80,80,80,80,80,80,80,80,80,80],"card_choices":[{"not_picked":["Perfected Strike","Carnage"],"picked":"Searing Blow","floor":1},{"not_picked":["Headbutt","Seeing Red"],"picked":"Flame Barrier","floor":2},{"not_picked":["Sword Boomerang","Entrench"],"picked":"Shrug It Off","floor":3},{"not_picked":["Spot Weakness","Perfected Strike"],"picked":"Armaments","floor":7},{"not_picked":["Searing Blow","Anger"],"picked":"Body Slam","floor":13},{"not_picked":["Perfected Strike","Flex"],"picked":"Shrug It Off","floor":14},{"not_picked":["Double Tap","Feed"],"picked":"Juggernaut","floor":16},{"not_picked":["Spot Weakness+1"],"picked":"SKIP","floor":18},{"not_picked":["Clash"],"picked":"SKIP","floor":22},{"not_picked":[],"picked":"Inflame","floor":24},{"not_picked":["Warcry+1"],"picked":"SKIP","floor":25}],"player_experience":453907,"relics_obtained":[{"floor":7,"key":"Anchor"},{"floor":9,"key":"Letter Opener"},{"floor":25,"key":"Incense Burner"},{"floor":26,"key":"Smiling Mask"}],"event_choices":[{"damage_healed":0,"gold_gain":0,"player_choice":"Success","damage_taken":7,"relics_obtained":["Unceasing Top"],"max_hp_gain":0,"max_hp_loss":0,"event_name":"Scrap Ooze","floor":4,"gold_loss":0},{"damage_healed":0,"gold_gain":0,"player_choice":"Take Wound","damage_taken":0,"relics_obtained":["Golden Idol"],"max_hp_gain":0,"max_hp_loss":0,"event_name":"Golden Idol","floor":5,"gold_loss":0,"cards_obtained":["Injury"]},{"damage_healed":0,"gold_gain":175,"player_choice":"AGREE","damage_taken":0,"max_hp_gain":0,"max_hp_loss":0,"event_name":"Liars Game","floor":12,"gold_loss":0,"cards_obtained":["Doubt"]},{"damage_healed":0,"gold_gain":0,"player_choice":"Ignored","damage_taken":0,"max_hp_gain":0,"max_hp_loss":0,"event_name":"Ghosts","floor":20,"gold_loss":0},{"damage_healed":0,"gold_gain":0,"player_choice":"Traded Relic","damage_taken":0,"relics_obtained":["Nloth\u0027s Gift"],"max_hp_gain":0,"max_hp_loss":0,"event_name":"N\u0027loth","floor":21,"relics_lost":["Bag of Marbles"],"gold_loss":0}],"is_beta":false,"boss_relics":[{"not_picked":["SacredBark","Calling Bell"],"picked":"Busted Crown"}],"items_purged_floors":[19],"is_endless":false,"potions_floor_spawned":[3,13,16,22,24],"killed_by":"Gremlin Leader","ascension_level":4}}