{"host":"ugys05tpep779cl6","time":1612425070,"event":{"mods":["AchievementEnabler","Aspiration","BaseMod","Beaked The Cultist","CatGirl Mod","Colored Powertips","HololiveMod","Lobotomy","Minty Spire (QoL Compilation)","Quick Restart","Replay The Spire","Spicy Shops","StSLib","The Druid"],"gold_per_floor":[112,112,112,126,144,175,175,195,195],"floor_reached":8,"language":"ENG","playtime":348,"items_purged":[],"score":112,"play_id":"77d5ada4-34b5-4c40-8aa6-74fc55764361","local_time":"20210204085110","is_ascension_mode":true,"campfire_choices":[{"data":"theDruid:PlagueClaw","floor":7.0,"key":"SMITH"}],"circlet_count":0,"master_deck":["AscendersBane","theDruid:Strike_O","theDruid:Strike_O","theDruid:Strike_O","theDruid:Defend_O","theDruid:Defend_O","theDruid:Defend_O","theDruid:Defend_O","theDruid:BriarArmor","theDruid:WildSlash","theDruid:PlagueClaw+1","theDruid:BristlingDefense"],"relics":["theDruid:CrownOfTheWilds","aspiration:Nostalgia","beaked:MendingPlumage","Tiny Chest"],"acts_visited":["Exordium"],"potions_floor_usage":[8],"damage_taken":[{"damage":1.0,"enemies":"2 Louse","floor":1.0,"turns":4.0},{"damage":5.0,"enemies":"Small Slimes","floor":4.0,"turns":4.0},{"damage":1.0,"enemies":"Jaw Worm","floor":5.0,"turns":4.0},{"damage":89.0,"enemies":"Lagavulin","floor":6.0,"turns":10.0},{"damage":39,"enemies":"3 Sentries","floor":8,"turns":8}],"seed_played":"-4396586122920594241","potions_obtained":[{"floor":6.0,"key":"ColorlessPotion"}],"is_trial":false,"path_per_floor":["M","?","?","M","M","E","R","E"],"character_chosen":"DRUID","items_purchased":[],"campfire_rested":0,"item_purchase_floors":[],"current_hp_per_floor":[68,73,73,73,73,13,13,0,0],"gold":195,"neow_bonus":"NOSTALGIA","is_daily":false,"chose_seed":false,"campfire_upgraded":1,"win_rate":0.0,"timestamp":1612425070,"path_taken":["M","?","?","?","?","E","R","E"],"items_purchased_type":[],"build_version":"2020-12-22","purchased_purges":0,"victory":false,"max_hp_per_floor":[68,73,73,73,73,73,73,73,73],"card_choices":[{"not_picked":["theDruid:ExposingSlash","theDruid:TwilightsCall","theDruid:InsectSwarm"],"picked":"SKIP","floor":1.0},{"not_picked":["theDruid:FeralPlants","theDruid:BristlingBulwark"],"picked":"theDruid:PlagueClaw","floor":4.0},{"not_picked":["theDruid:Prowl","theDruid:AstralShield","theDruid:Gore"],"picked":"SKIP","floor":5.0},{"not_picked":["theDruid:Pathfinder","theDruid:BackupSupplies"],"picked":"theDruid:BristlingDefense","floor":6.0}],"player_experience":1194177,"relics_obtained":[{"floor":6.0,"key":"Tiny Chest"}],"event_choices":[{"damage_healed":0.0,"max_hp_gain":5.0,"max_hp_loss":0.0,"gold_gain":0.0,"event_name":"Big Fish","player_choice":"Donut","floor":2.0,"gold_loss":0.0,"damage_taken":0.0},{"cards_removed":["theDruid:Strike_O"],"damage_healed":0.0,"max_hp_gain":0.0,"max_hp_loss":0.0,"gold_gain":0.0,"event_name":"Living Wall","player_choice":"Forget","floor":3.0,"gold_loss":0.0,"damage_taken":0.0}],"is_beta":false,"boss_relics":[],"items_purged_floors":[],"is_endless":false,"potions_floor_spawned":[6],"killed_by":"3 Sentries","ascension_level":20}}