{"host":"x5w9zppki4gdwvc7","time":1612423591,"event":{"mods":["AchievementEnabler","BaseMod","Colored Powertips","DeckTracker","Minty Spire (QoL Compilation)","SuperFastMode"],"gold_per_floor":[118,193,262,272,49,49,62,94,120,120,135,150,150,178,178,275,275,294,294,393,393,412,412,442,442,467,467,497,508,508,70,70,170,170,189,199,149,149,195,195,222,234,269,292,304,316,346,384,396,408,408],"floor_reached":50,"language":"ENG","playtime":1797,"items_purged":["Strike_R","Shame","True Grit"],"score":678,"play_id":"76078a5b-c387-4f0c-87ca-d91431e8eaf8","local_time":"20210204082631","is_ascension_mode":true,"campfire_choices":[{"data":"Pommel Strike","floor":6.0,"key":"SMITH"},{"data":"True Grit","floor":10.0,"key":"SMITH"},{"floor":13.0,"key":"REST"},{"floor":15.0,"key":"REST"},{"data":"Feed","floor":23.0,"key":"SMITH"},{"floor":27.0,"key":"REST"},{"data":"Clothesline","floor":30,"key":"SMITH"},{"data":"Trip","floor":32,"key":"SMITH"},{"data":"Limit Break","floor":40,"key":"SMITH"},{"data":"Inflame","floor":42,"key":"SMITH"},{"data":"Immolate","floor":46,"key":"SMITH"},{"data":"Judgement","floor":49,"key":"SMITH"}],"circlet_count":0,"master_deck":["Bash+1","Pommel Strike+1","True Grit+1","Feed+1","Anger+1","Rage+1","Necronomicurse","Clothesline+1","Trip+1","Judgement+1","Immolate+1","Offering","Headbutt","Metallicize","Reckless Charge","Limit Break+1","Inflame+1","Double Energy+1"],"relics":["Burning Blood","Whetstone","Nunchaku","Red Skull","Smiling Mask","Velvet Choker","Meat on the Bone","Bronze Scales","Necronomicon","MealTicket","Dream Catcher","PreservedInsect","PrismaticShard","Pandora\u0027s Box","Centennial Puzzle","MawBank","Boot","The Courier"],"acts_visited":["Exordium","TheCity","TheBeyond"],"potions_floor_usage":[33,33,33,50,50,50],"damage_taken":[{"damage":7.0,"enemies":"Jaw Worm","floor":1.0,"turns":3.0},{"damage":19.0,"enemies":"Small Slimes","floor":4.0,"turns":4.0},{"damage":0.0,"enemies":"2 Louse","floor":7.0,"turns":3.0},{"damage":16.0,"enemies":"Gremlin Nob","floor":8.0,"turns":3.0},{"damage":16.0,"enemies":"Large Slime","floor":11.0,"turns":7.0},{"damage":11.0,"enemies":"Looter","floor":12.0,"turns":3.0},{"damage":27.0,"enemies":"3 Sentries","floor":14.0,"turns":6.0},{"damage":21.0,"enemies":"Slime Boss","floor":16.0,"turns":7.0},{"damage":43.0,"enemies":"2 Thieves","floor":18.0,"turns":4.0},{"damage":19.0,"enemies":"Spheric Guardian","floor":22.0,"turns":5.0},{"damage":44.0,"enemies":"Book of Stabbing","floor":24.0,"turns":5.0},{"damage":27,"enemies":"Slavers","floor":28,"turns":4},{"damage":3,"enemies":"Cultist and Chosen","floor":29,"turns":5},{"damage":55,"enemies":"Champ","floor":33,"turns":9},{"damage":9,"enemies":"Orb Walker","floor":35,"turns":3},{"damage":27,"enemies":"3 Shapes","floor":36,"turns":2},{"damage":27,"enemies":"Nemesis","floor":41,"turns":3},{"damage":11,"enemies":"Jaw Worm Horde","floor":44,"turns":2},{"damage":14,"enemies":"Transient","floor":47,"turns":5},{"damage":20,"enemies":"Giant Head","floor":48,"turns":5},{"damage":65,"enemies":"Awakened One","floor":50,"turns":4}],"seed_played":"-7958908532548119569","potions_obtained":[{"floor":7.0,"key":"FearPotion"},{"floor":11.0,"key":"Strength Potion"},{"floor":12.0,"key":"AttackPotion"},{"floor":16.0,"key":"SneckoOil"},{"floor":18.0,"key":"BlessingOfTheForge"},{"floor":28,"key":"ElixirPotion"},{"floor":29,"key":"BloodPotion"},{"floor":33,"key":"Fire Potion"},{"floor":35,"key":"Strength Potion"},{"floor":36,"key":"Swift Potion"},{"floor":41,"key":"AttackPotion"}],"is_trial":false,"path_per_floor":["M","?","?","M","$","R","M","E","T","R","M","M","R","E","R","B",null,"M","?","?","?","M","R","E","?","T","R","E","M","R","$","R","B",null,"M","M","$","?","T","R","E","R","T","M","$","R","M","E","R","B"],"character_chosen":"IRONCLAD","items_purchased":["Whetstone","PreservedInsect","Trip","PrismaticShard"],"campfire_rested":3,"item_purchase_floors":[5,31,31,31],"current_hp_per_floor":[79,68,68,55,55,55,61,51,51,51,41,36,60,39,63,48,80,46,46,46,46,48,48,22,6,6,31,26,45,45,60,60,41,94,91,70,85,85,85,85,64,64,64,59,74,74,66,64,64,0,0],"gold":408,"neow_bonus":"UPGRADE_CARD","is_daily":false,"chose_seed":false,"campfire_upgraded":9,"win_rate":0.0,"timestamp":1612423591,"path_taken":["M","?","?","M","$","R","M","E","T","R","M","M","R","E","R","BOSS","M","?","?","?","M","R","E","?","T","R","E","M","R","?","R","BOSS","M","M","?","?","?","R","E","R","T","M","$","R","M","E","R","BOSS"],"items_purchased_type":["Relic","Relic","Card","Relic"],"build_version":"2020-12-22","purchased_purges":3,"victory":false,"max_hp_per_floor":[80,80,80,80,80,80,80,80,80,80,80,80,80,80,80,80,80,83,83,83,83,86,86,86,86,86,86,90,94,94,94,94,94,94,94,94,94,94,94,94,94,94,94,94,94,94,94,94,94,94,94],"card_choices":[{"not_picked":["Sword Boomerang","Ghostly Armor"],"picked":"Pommel Strike","floor":1.0},{"not_picked":["Spot Weakness","Havoc","Sword Boomerang"],"picked":"SKIP","floor":4.0},{"not_picked":["Pommel Strike","Blood for Blood"],"picked":"True Grit","floor":7.0},{"not_picked":["Thunderclap","Headbutt","Pummel"],"picked":"SKIP","floor":8.0},{"not_picked":["Burning Pact","Havoc","Sever Soul"],"picked":"SKIP","floor":11.0},{"not_picked":["Exhume","Rupture","Clothesline"],"picked":"SKIP","floor":12.0},{"not_picked":["Bludgeon","Hemokinesis","Perfected Strike"],"picked":"SKIP","floor":14.0},{"not_picked":["Immolate","Double Tap"],"picked":"Feed","floor":16.0},{"not_picked":["Armaments","Havoc","Heavy Blade"],"picked":"SKIP","floor":18.0},{"not_picked":["Clothesline","Battle Trance+1"],"picked":"Anger+1","floor":22.0},{"not_picked":["Infernal Blade","Dual Wield+1"],"picked":"Rage+1","floor":24.0},{"not_picked":["Spot Weakness+1","Clash","True Grit"],"picked":"SKIP","floor":28},{"not_picked":["Ghostly Armor","True Grit"],"picked":"Clothesline","floor":29},{"not_picked":["The Bomb","Wish"],"picked":"Judgement","floor":33},{"not_picked":["Quick Slash","All Out Attack+1"],"picked":"Inflame","floor":35},{"not_picked":["Pommel Strike","Purity+1","Armaments"],"picked":"SKIP","floor":36},{"not_picked":["True Grit","Whirlwind","Clothesline"],"picked":"SKIP","floor":41},{"not_picked":["Dropkick","Rebound","Deep Breath"],"picked":"SKIP","floor":44},{"not_picked":["Wild Strike+1","Carnage"],"picked":"Double Energy+1","floor":47},{"not_picked":["Pummel+1","Catalyst","Blade Dance"],"picked":"SKIP","floor":48}],"player_experience":448828,"relics_obtained":[{"floor":8.0,"key":"Nunchaku"},{"floor":9.0,"key":"Red Skull"},{"floor":14.0,"key":"Smiling Mask"},{"floor":24.0,"key":"Bronze Scales"},{"floor":25.0,"key":"Necronomicon"},{"floor":26.0,"key":"MealTicket"},{"floor":28,"key":"Dream Catcher"},{"floor":39,"key":"Centennial Puzzle"},{"floor":41,"key":"MawBank"},{"floor":43,"key":"Boot"},{"floor":48,"key":"The Courier"}],"event_choices":[{"damage_healed":0.0,"max_hp_gain":0.0,"max_hp_loss":0.0,"gold_gain":75.0,"event_name":"World of Goop","player_choice":"Gather Gold","floor":2.0,"gold_loss":0.0,"damage_taken":11.0},{"damage_healed":0.0,"max_hp_gain":0.0,"max_hp_loss":0.0,"gold_gain":69.0,"event_name":"Golden Wing","player_choice":"Gained Gold","floor":3.0,"gold_loss":0.0,"damage_taken":0.0},{"damage_healed":0.0,"max_hp_gain":0.0,"max_hp_loss":0.0,"gold_gain":0.0,"event_name":"Addict","player_choice":"Stole Relic","floor":19.0,"gold_loss":0.0,"damage_taken":0.0,"relics_obtained":["Meat on the Bone"],"cards_obtained":["Shame"]},{"damage_healed":0.0,"max_hp_gain":0.0,"max_hp_loss":0.0,"gold_gain":99.0,"event_name":"Nest","player_choice":"Stole From Cult","floor":20.0,"gold_loss":0.0,"damage_taken":0.0},{"damage_healed":0.0,"max_hp_gain":0.0,"max_hp_loss":0.0,"gold_gain":0.0,"event_name":"Ghosts","player_choice":"Ignored","floor":21.0,"gold_loss":0.0,"damage_taken":0.0},{"damage_healed":0.0,"max_hp_gain":0.0,"max_hp_loss":0.0,"gold_gain":0.0,"event_name":"Cursed Tome","player_choice":"Obtained Book","floor":25.0,"gold_loss":0.0,"damage_taken":16.0},{"cards_removed":["Flex"],"damage_healed":0,"gold_gain":0,"player_choice":"Removed Skill","damage_taken":0,"max_hp_gain":0,"max_hp_loss":0,"event_name":"Falling","floor":38,"gold_loss":0}],"is_beta":false,"boss_relics":[{"not_picked":["Ectoplasm","Runic Pyramid"],"picked":"Velvet Choker"},{"not_picked":["Coffee Dripper","Black Blood"],"picked":"Pandora\u0027s Box"}],"items_purged_floors":[5,31,37],"is_endless":false,"potions_floor_spawned":[7,11,12,16,18,28,29,33,35,36,41,44],"killed_by":"Awakened One","ascension_level":4}}