{"host":"vyjryxuuuxkt43k4","time":1612450836,"event":{"mods":["AchievementEnabler","BaseMod","Colored Map","DeckTracker","Keyboard Shortcuts","Minty Spire (QoL Compilation)","Permanent Neow","Quick Restart","Rare Cards Sparkle","Relic Stats","StSLib","SuperFastMode","everything is the same but u backflip on backflip"],"gold_per_floor":[118,132,132,63,73,73,87,87,87,87,117,144,177,26,26,99,99,111,211,54,72,72,72,86,103,103,103,132,132,163,175,175,249,249,261,261,4,4,17,17,30,30,30,50,69,69,0,0,0,0],"floor_reached":51,"language":"KOR","playtime":2383,"items_purged":["Defend_B"],"score":1143,"play_id":"d2d1be80-8b0e-4100-9efb-1ed9dd27e6a5","local_time":"20210205000036","is_ascension_mode":true,"campfire_choices":[{"data":"Double Energy","floor":6.0,"key":"SMITH"},{"data":"White Noise","floor":8.0,"key":"SMITH"},{"data":"Zap","floor":10.0,"key":"SMITH"},{"floor":15.0,"key":"REST"},{"floor":27.0,"key":"REST"},{"floor":32.0,"key":"REST"},{"data":"Skim","floor":40.0,"key":"SMITH"},{"data":"Hologram","floor":42.0,"key":"SMITH"},{"floor":49,"key":"REST"}],"circlet_count":0,"master_deck":["AscendersBane","Strike_B","Strike_B+1","Strike_B","Strike_B","Defend_B","Dualcast","Thunder Strike","Double Energy+1","White Noise+1","Electrodynamics","Rebound+1","FTL","Skim+1","Reinforced Body","Echo Form","Redo+1","Chill","Biased Cognition","Stack","Conserve Battery","Coolheaded","Core Surge","White Noise+1","Heatsinks+1","Hologram+1","Defragment+1","Impatience","Auto Shields"],"relics":["Cracked Core","PreservedInsect","StrikeDummy","Odd Mushroom","Whetstone","Medical Kit","Nuclear Battery","Chemical X","Frozen Egg 2","Anchor","Pear","Sozu","Bag of Marbles","Lantern","Red Mask"],"acts_visited":["Exordium","TheCity","TheBeyond"],"potions_floor_usage":[50],"damage_taken":[{"damage":5.0,"enemies":"Small Slimes","floor":1.0,"turns":4.0},{"damage":1.0,"enemies":"Cultist","floor":2.0,"turns":4.0},{"damage":12.0,"enemies":"Jaw Worm","floor":5.0,"turns":2.0},{"damage":7.0,"enemies":"Looter","floor":7.0,"turns":3.0},{"damage":36.0,"enemies":"Gremlin Nob","floor":11.0,"turns":4.0},{"damage":16.0,"enemies":"The Mushroom Lair","floor":12.0,"turns":3.0},{"damage":15.0,"enemies":"Lagavulin","floor":13.0,"turns":5.0},{"damage":17.0,"enemies":"Slime Boss","floor":16.0,"turns":7.0},{"damage":17.0,"enemies":"2 Thieves","floor":18.0,"turns":2.0},{"damage":2.0,"enemies":"Chosen","floor":21.0,"turns":3.0},{"damage":12.0,"enemies":"Shelled Parasite and Fungi","floor":24.0,"turns":4.0},{"damage":8.0,"enemies":"Centurion and Healer","floor":25.0,"turns":8.0},{"damage":8.0,"enemies":"Gremlin Leader","floor":28.0,"turns":4.0},{"damage":14.0,"enemies":"Slavers","floor":30.0,"turns":7.0},{"damage":0.0,"enemies":"Cultist and Chosen","floor":31.0,"turns":4.0},{"damage":53.0,"enemies":"Collector","floor":33.0,"turns":10.0},{"damage":35.0,"enemies":"3 Darklings","floor":35.0,"turns":5.0},{"damage":8.0,"enemies":"Orb Walker","floor":39.0,"turns":3.0},{"damage":0.0,"enemies":"Maw","floor":41.0,"turns":7.0},{"damage":37.0,"enemies":"Spire Growth","floor":44.0,"turns":7.0},{"damage":11.0,"enemies":"Jaw Worm Horde","floor":45.0,"turns":4.0},{"damage":40,"enemies":"Donu and Deca","floor":50,"turns":8}],"seed_played":"8697306020150700119","potions_obtained":[{"floor":1.0,"key":"FocusPotion"},{"floor":2.0,"key":"BlessingOfTheForge"},{"floor":3.0,"key":"FairyPotion"},{"floor":12.0,"key":"Fruit Juice"},{"floor":16.0,"key":"SpeedPotion"},{"floor":18.0,"key":"ColorlessPotion"},{"floor":24.0,"key":"EssenceOfSteel"},{"floor":25.0,"key":"AttackPotion"},{"floor":30.0,"key":"SpeedPotion"},{"floor":33.0,"key":"Regen Potion"}],"is_trial":false,"path_per_floor":["M","M","?","$","M","R","M","R","T","R","E","?","E","$","R","B",null,"M","?","$","M","$","?","M","M","T","R","E","?","E","M","R","B",null,"M","?","$","?","M","R","M","R","T","M","M","?","?","?","R","B",null],"character_chosen":"DEFECT","items_purchased":["Electrodynamics","Medical Kit","Chemical X","Heatsinks+1","Bag of Marbles"],"campfire_rested":4,"item_purchase_floors":[4,14,20,37,37],"current_hp_per_floor":[59,58,58,58,46,46,39,39,39,39,3,16,1,1,23,6,59,42,42,42,40,40,40,28,20,20,42,34,34,30,30,55,2,65,30,30,30,75,67,67,67,67,67,30,19,19,19,19,41,16],"gold":0,"neow_bonus":"ONE_RANDOM_RARE_CARD","is_daily":false,"chose_seed":false,"campfire_upgraded":5,"win_rate":0.0,"timestamp":1612450836,"path_taken":["M","M","?","$","?","R","M","R","T","R","E","?","E","$","R","BOSS","M","?","$","?","$","?","M","M","T","R","E","?","E","?","R","BOSS","M","?","$","?","M","R","M","R","T","M","M","?","?","?","R","BOSS"],"items_purchased_type":["Card","Relic","Relic","Card","Relic"],"build_version":"2020-12-22","purchased_purges":1,"victory":true,"max_hp_per_floor":[71,71,71,71,71,71,71,71,71,71,71,76,76,76,76,76,76,76,76,76,76,76,76,76,76,76,76,76,76,86,86,86,86,86,86,86,86,75,75,75,75,75,75,75,75,75,75,75,75,75],"relic_stats":{"Sozu":1,"counters":[22,108],"PreservedInsect":139,"Whetstone":["Strike_B","Rebound"],"Chemical X":[16],"Medical Kit":[5],"obtain_stats":[{"Lantern":43,"Pear":30,"PreservedInsect":9,"Whetstone":13,"Odd Mushroom":12,"Frozen Egg 2":26,"Medical Kit":14,"Nuclear Battery":17,"Sozu":34,"Anchor":28,"Bag of Marbles":37,"Red Mask":47,"Chemical X":20,"Cracked Core":0,"StrikeDummy":11},{"Lantern":19,"Pear":14,"PreservedInsect":4,"Whetstone":7,"Odd Mushroom":6,"Frozen Egg 2":12,"Medical Kit":7,"Nuclear Battery":8,"Sozu":16,"Anchor":13,"Bag of Marbles":17,"Red Mask":21,"Chemical X":9,"Cracked Core":0,"StrikeDummy":5},{"Lantern":89,"Pear":60,"PreservedInsect":13,"Whetstone":25,"Odd Mushroom":20,"Frozen Egg 2":49,"Medical Kit":25,"Nuclear Battery":32,"Sozu":74,"Anchor":53,"Bag of Marbles":79,"Red Mask":100,"Chemical X":34,"Cracked Core":0,"StrikeDummy":17}]},"card_choices":[{"not_picked":["Melter","Tempest"],"picked":"Double Energy","floor":1.0},{"not_picked":["Redo","Stack"],"picked":"White Noise","floor":2.0},{"not_picked":["Streamline","Leap"],"picked":"Rebound","floor":5.0},{"not_picked":["Compile Driver","Darkness"],"picked":"FTL","floor":7.0},{"not_picked":["Hello World","Darkness","Barrage"],"picked":"SKIP","floor":11.0},{"not_picked":["Undo","Turbo"],"picked":"Skim","floor":12.0},{"not_picked":["Cold Snap","Rip and Tear"],"picked":"Reinforced Body","floor":13.0},{"not_picked":["Fission","Seek"],"picked":"Echo Form","floor":16.0},{"not_picked":["Streamline+1","Go for the Eyes"],"picked":"Redo+1","floor":18.0},{"not_picked":["Coolheaded","Sweeping Beam+1"],"picked":"Chill","floor":21.0},{"not_picked":["Steam Power","Chaos"],"picked":"Stack","floor":24.0},{"not_picked":["Streamline+1","Compile Driver"],"picked":"Conserve Battery","floor":25.0},{"not_picked":["Streamline","Darkness","Amplify"],"picked":"SKIP","floor":28.0},{"not_picked":["Barrage+1","Force Field"],"picked":"Coolheaded","floor":30.0},{"not_picked":["FTL","Conserve Battery","Blizzard"],"picked":"SKIP","floor":31.0},{"not_picked":["Electrodynamics+1","Seek"],"picked":"Core Surge","floor":33.0},{"not_picked":["Ball Lightning","Beam Cell"],"picked":"White Noise+1","floor":35.0},{"not_picked":["Go for the Eyes","Beam Cell","Sweeping Beam"],"picked":"SKIP","floor":39.0},{"not_picked":["Leap","Chill"],"picked":"Hologram","floor":41.0},{"not_picked":["Hello World+1","Rebound","Conserve Battery"],"picked":"SKIP","floor":44.0},{"not_picked":["Coolheaded+1","Conserve Battery"],"picked":"Defragment+1","floor":45.0},{"not_picked":["Trip","Enlightenment"],"picked":"Impatience","floor":46}],"player_experience":712447,"relics_obtained":[{"floor":9.0,"key":"PreservedInsect"},{"floor":11.0,"key":"StrikeDummy"},{"floor":12.0,"key":"Odd Mushroom"},{"floor":13.0,"key":"Whetstone"},{"floor":26.0,"key":"Frozen Egg 2"},{"floor":28.0,"key":"Anchor"},{"floor":30.0,"key":"Pear"},{"floor":43.0,"key":"Lantern"}],"event_choices":[{"damage_healed":0.0,"max_hp_gain":0.0,"max_hp_loss":0.0,"gold_gain":0.0,"event_name":"Lab","player_choice":"Got Potions","floor":3.0,"gold_loss":0.0,"damage_taken":0.0},{"damage_healed":0.0,"max_hp_gain":0.0,"max_hp_loss":0.0,"gold_gain":0.0,"event_name":"Mushrooms","player_choice":"Fought Mushrooms","floor":12.0,"gold_loss":0.0,"damage_taken":0.0},{"damage_healed":0.0,"max_hp_gain":0.0,"max_hp_loss":0.0,"gold_gain":100.0,"event_name":"Golden Shrine","player_choice":"Pray","floor":19.0,"gold_loss":0.0,"damage_taken":0.0},{"damage_healed":0.0,"max_hp_gain":0.0,"max_hp_loss":0.0,"gold_gain":0.0,"event_name":"The Library","player_choice":"Read","floor":23.0,"gold_loss":0.0,"damage_taken":0.0,"cards_obtained":["Biased Cognition"]},{"cards_removed":["Defend_B"],"damage_healed":0.0,"max_hp_gain":0.0,"max_hp_loss":0.0,"gold_gain":0.0,"event_name":"Bonfire Elementals","player_choice":"Offered Basic","floor":29.0,"gold_loss":0.0,"damage_taken":0.0},{"cards_removed":["Zap"],"damage_healed":0.0,"max_hp_gain":0.0,"max_hp_loss":0.0,"gold_gain":0.0,"event_name":"Falling","player_choice":"Removed Skill","floor":36.0,"gold_loss":0.0,"damage_taken":0.0},{"damage_healed":75.0,"max_hp_gain":0.0,"max_hp_loss":11.0,"gold_gain":0.0,"event_name":"The Moai Head","player_choice":"Heal","floor":38.0,"gold_loss":0.0,"damage_taken":0.0},{"damage_healed":0,"gold_gain":0,"player_choice":"Memory 1","damage_taken":0,"max_hp_gain":0,"max_hp_loss":0,"event_name":"SensoryStone","floor":46,"gold_loss":0},{"damage_healed":0,"gold_gain":0,"player_choice":"Paid","damage_taken":0,"relics_obtained":["Red Mask"],"max_hp_gain":0,"max_hp_loss":0,"event_name":"Tomb of Lord Red Mask","floor":47,"gold_loss":69},{"damage_healed":0,"gold_gain":0,"cards_transformed":["Defend_B"],"player_choice":"Transformed","damage_taken":0,"max_hp_gain":0,"max_hp_loss":0,"event_name":"Transmorgrifier","floor":48,"gold_loss":0,"cards_obtained":["Auto Shields"]}],"is_beta":false,"boss_relics":[{"not_picked":["Pandora\u0027s Box","Ectoplasm"],"picked":"Nuclear Battery"},{"not_picked":["SlaversCollar","Fusion Hammer"],"picked":"Sozu"}],"items_purged_floors":[37],"is_endless":false,"potions_floor_spawned":[1,2,12,16,18,24,25,30,33,39],"ascension_level":14}}