{"host":"qfukm2ph4038hnof","time":1612432127,"event":{"mods":["AchievementEnabler","Act Like it!","BaseMod","Colored Powertips","Friendly Minions","GifTheSpireLib","Highlight Path","KinomotoSakuraMod(ƒæ÷Æ±æ”£)","KomeijiMod","Lobotomy","LobotomyExtend","Marisa£®ÏF”Í°°ƒß¿Ì…≥£©","Minty Spire (QoL Compilation)","Onozuka Komachi Mod","Quick Restart","Rare Cards Sparkle","Reimu£®≤©¿ˆ¡È√Œ£©","Relic Stats","Remilia£®¿Ÿ√◊¿Ú—«£©","The Administrix","The Servant 0.9.4","Yakumo Yukari mod","Youmu£®ªÍ∆«—˝√Œ£©","Yuyuko","°æπ¶ƒ‹Mod°øªÏ„Á÷Æª∑–ﬁ∏¥≤π∂°"],"gold_per_floor":[19,119,129,147,174,193,218,218,218,19,30,30,49,49,49,152,202,219,237,247,265,265,297,311,22,47,47,73,73,73,90,90,175,175,189,205,52,66,82,82,82,82,106,116,160,210,221,236,236,236],"floor_reached":51,"language":"ZHS","playtime":2160,"items_purged":["ClowCardTheThunder"],"score":743,"play_id":"88d65723-e04c-4b20-9952-2bee0542bebe","local_time":"20210204174847","is_ascension_mode":false,"campfire_choices":[{"data":"ClowCardTheFirey","floor":8,"key":"SMITH"},{"data":"ClowCardTheWatery","floor":12,"key":"SMITH"},{"data":"ClowCardTheArrow","floor":15,"key":"SMITH"},{"data":"ClowCardTheArrow","floor":29,"key":"SMITH"},{"data":"ClowCardThePower","floor":32,"key":"SMITH"},{"data":"ClowCardTheFirey","floor":40,"key":"SMITH"},{"data":"ClowCardTheTwin","floor":42,"key":"SMITH"},{"floor":49,"key":"REST"}],"circlet_count":0,"master_deck":["SakuraCardTheBig+","SakuraCardTheArrow+","ClowCardTheSword","ClowCardTheSword","ClowCardTheSword","ClowCardTheSword","ClowCardTheShield","ClowCardTheShield","ClowCardTheShield","ClowCardTheShield+1","SpellCardSeal","SpellCardRelease","ClowCardTheArrow+1","ClowCardTheCloud","ClowCardTheFirey+1","ClowCardTheSand","ClowCardThePower+1","ClowCardTheWatery+1","ClowCardTheArrow+1","ClowCardTheShot","ClowCardTheStorm","ClowCardTheLock","Writhe","ClowCardTheShot","ClowCardTheVoice","ClowCardTheTwin+1","ClowCardTheLock","ClowCardTheFirey+1","ClowCardTheArrow+1","ClowCardTheNothing"],"relics":["KSMOD_SealedBook","KSMOD_SealedWand","KSMOD_MoonBell","LetterFromLob","Bag of Preparation","Pen Nib","FossilizedHelix","Chemical X","Tiny House","AntiCross","Vajra","KSMOD_Yue","Lantern","Mango","Busted Crown","Letter Opener","Boot","Lizard Tail"],"acts_visited":["Exordium","TheCity","TheBeyond"],"potions_floor_usage":[16,16,19,20,21,21,33,33,33,46,46,50,50,50,50,50],"damage_taken":[{"damage":0,"enemies":"Cultist","floor":1,"turns":4},{"damage":5,"enemies":"Small Slimes","floor":3,"turns":2},{"damage":1,"enemies":"Jaw Worm","floor":4,"turns":2},{"damage":4,"enemies":"Large Slime","floor":6,"turns":4},{"damage":31,"enemies":"Lagavulin","floor":7,"turns":4},{"damage":0,"enemies":"Exordium Thugs","floor":11,"turns":2},{"damage":0,"enemies":"3 Louse","floor":13,"turns":2},{"damage":28,"enemies":"Hexaghost","floor":16,"turns":4},{"damage":0,"enemies":"Shell Parasite","floor":18,"turns":1},{"damage":0,"enemies":"2 Thieves","floor":19,"turns":2},{"damage":0,"enemies":"Snecko","floor":20,"turns":2},{"damage":0,"enemies":"Snake Plant","floor":21,"turns":3},{"damage":20,"enemies":"Slavers","floor":23,"turns":2},{"damage":11,"enemies":"Cultist and Chosen","floor":24,"turns":2},{"damage":0,"enemies":"Gremlin Leader","floor":28,"turns":3},{"damage":0,"enemies":"Chosen and Byrds","floor":31,"turns":1},{"damage":35,"enemies":"Champ","floor":33,"turns":4},{"damage":0,"enemies":"3 Darklings","floor":35,"turns":2},{"damage":15,"enemies":"3 Shapes","floor":36,"turns":1},{"damage":0,"enemies":"Writhing Mass","floor":38,"turns":1},{"damage":34,"enemies":"4 Shapes","floor":39,"turns":2},{"damage":0,"enemies":"3 Darklings","floor":44,"turns":1},{"damage":0,"enemies":"KSMOD_TheNothingMonster","floor":45,"turns":1},{"damage":0,"enemies":"Mind Bloom Boss Battle","floor":46,"turns":1},{"damage":0,"enemies":"Spire Growth","floor":47,"turns":1},{"damage":22,"enemies":"Sphere and 2 Shapes","floor":48,"turns":2},{"damage":28,"enemies":"Awakened One","floor":50,"turns":3}],"seed_played":"4462007587239559630","potions_obtained":[{"floor":1,"key":"Energy Potion"},{"floor":3,"key":"Explosive Potion"},{"floor":11,"key":"DuplicationPotion"},{"floor":16,"key":"Block Potion"},{"floor":17,"key":"EssenceOfSteel"},{"floor":19,"key":"Swift Potion"},{"floor":20,"key":"SpeedPotion"},{"floor":24,"key":"ColorlessPotion"},{"floor":28,"key":"SkillPotion"},{"floor":35,"key":"LiquidMemories"},{"floor":45,"key":"Fire Potion"},{"floor":46,"key":"Strength Potion"},{"floor":48,"key":"EntropicBrew"}],"is_trial":false,"path_per_floor":["M","?","M","M","T","M","E","R","T","$","M","R","M","?","R","B",null,"M","M","M","M","?","E","M","$","T","?","E","R","$","M","R","B",null,"M","M","$","M","M","R","T","R","T","M","?","?","M","M","R","B",null],"character_chosen":"KINOMOTOSAKURA","items_purchased":["ClowCardThePower","Chemical X","KSMOD_Yue","ClowCardTheFirey"],"campfire_rested":1,"item_purchase_floors":[10,10,25,37],"current_hp_per_floor":[70,70,66,65,65,61,30,30,30,30,31,31,31,46,46,22,75,75,75,75,75,75,55,44,44,44,44,58,58,58,58,58,24,89,89,74,74,74,40,40,40,40,40,40,40,40,40,19,45,18],"gold":236,"neow_bonus":"ONE_RARE_RELIC","is_daily":false,"chose_seed":false,"campfire_upgraded":7,"win_rate":0.0,"timestamp":1612432127,"path_taken":["M","?","M","?","?","M","E","R","T","$","M","R","M","?","R","BOSS","M","M","M","M","?","E","M","$","T","?","E","R","$","M","R","BOSS","M","M","?","M","?","R","?","R","T","?","?","?","M","M","R","BOSS"],"items_purchased_type":["Card","Relic","Relic","Card"],"build_version":"2020-12-22","purchased_purges":1,"victory":true,"max_hp_per_floor":[70,70,70,70,70,70,70,70,70,70,70,70,70,70,70,70,75,75,75,75,75,75,75,75,75,75,75,89,89,89,89,89,89,89,89,89,89,89,89,89,89,89,89,89,89,89,89,89,89,89],"relic_stats":{"Lizard Tail":0,"Busted Crown":18,"counters":[27,59],"Pen Nib":[8],"Bag of Preparation":[48],"Chemical X":[1],"Letter Opener":[5],"Boot":[0],"obtain_stats":[{"Lantern":26,"Tiny House":17,"KSMOD_Yue":25,"KSMOD_SealedBook":0,"Vajra":23,"Mango":28,"Pen Nib":7,"Bag of Preparation":5,"Letter Opener":41,"KSMOD_MoonBell":0,"Boot":43,"Lizard Tail":46,"Busted Crown":34,"AntiCross":22,"KSMOD_SealedWand":0,"LetterFromLob":1,"Chemical X":10,"FossilizedHelix":9},{"Lantern":14,"Tiny House":8,"KSMOD_Yue":14,"KSMOD_SealedBook":0,"Vajra":13,"Mango":15,"Pen Nib":5,"Bag of Preparation":3,"Letter Opener":21,"KSMOD_MoonBell":0,"Boot":21,"Lizard Tail":24,"Busted Crown":17,"AntiCross":12,"KSMOD_SealedWand":0,"LetterFromLob":1,"Chemical X":5,"FossilizedHelix":5},{"Lantern":36,"Tiny House":24,"KSMOD_Yue":36,"KSMOD_SealedBook":0,"Vajra":34,"Mango":39,"Pen Nib":16,"Bag of Preparation":8,"Letter Opener":50,"KSMOD_MoonBell":0,"Boot":50,"Lizard Tail":53,"Busted Crown":44,"AntiCross":32,"KSMOD_SealedWand":0,"LetterFromLob":4,"Chemical X":16,"FossilizedHelix":16}]},"card_choices":[{"not_picked":["ClowCardTheLoop","ClowCardTheStorm"],"picked":"ClowCardTheArrow","floor":1},{"not_picked":["ClowCardTheLibra","ClowCardTheErase"],"picked":"ClowCardTheArrow","floor":3},{"not_picked":["ClowCardTheBubbles","ClowCardTheChange"],"picked":"ClowCardTheCloud","floor":4},{"not_picked":["ClowCardTheMirror","ClowCardTheErase"],"picked":"ClowCardTheFirey","floor":6},{"not_picked":["ClowCardTheFight","ClowCardTheIllusion"],"picked":"ClowCardTheSand","floor":7},{"not_picked":["ClowCardTheWood","ClowCardTheWindy"],"picked":"ClowCardTheWatery","floor":11},{"not_picked":["ClowCardTheMist","ClowCardTheSand"],"picked":"ClowCardTheWatery","floor":13},{"not_picked":["ClowCardTheThrough","ClowCardTheCreate"],"picked":"ClowCardTheThunder","floor":16},{"not_picked":["ClowCardTheMirror","ClowCardTheCloud"],"picked":"ClowCardTheArrow","floor":17},{"not_picked":["ClowCardTheRain+1","ClowCardTheWood+1"],"picked":"ClowCardTheShot","floor":18},{"not_picked":["ClowCardTheMaze","ClowCardTheDream"],"picked":"ClowCardTheStorm","floor":19},{"not_picked":["ClowCardTheLittle","ClowCardTheIllusion"],"picked":"ClowCardTheLock","floor":20},{"not_picked":["ClowCardTheWatery","ClowCardTheShadow"],"picked":"ClowCardTheBig","floor":21},{"not_picked":["ClowCardTheVoice","ClowCardTheCreate"],"picked":"ClowCardTheShot","floor":23},{"not_picked":["ClowCardTheMaze+1","ClowCardTheChange","ClowCardTheFloat"],"picked":"SKIP","floor":24},{"not_picked":["ClowCardTheFreeze","ClowCardTheSand","ClowCardTheBubbles"],"picked":"SKIP","floor":28},{"not_picked":["ClowCardTheFloat","ClowCardTheBig","ClowCardTheCloud"],"picked":"SKIP","floor":31},{"not_picked":["ClowCardTheReturn","ClowCardTheDark"],"picked":"ClowCardTheTwin","floor":33},{"not_picked":[],"picked":"ClowCardTheLock","floor":35},{"not_picked":["ClowCardTheLock+1"],"picked":"SKIP","floor":36},{"not_picked":["ClowCardTheLock"],"picked":"SKIP","floor":38},{"not_picked":[],"picked":"ClowCardTheArrow+1","floor":39},{"not_picked":["ClowCardTheMirror+1"],"picked":"SKIP","floor":44},{"not_picked":["ClowCardTheFight"],"picked":"SKIP","floor":47},{"not_picked":["ClowCardTheFly+1"],"picked":"SKIP","floor":48}],"player_experience":8674,"relics_obtained":[{"floor":1,"key":"LetterFromLob"},{"floor":5,"key":"Bag of Preparation"},{"floor":7,"key":"Pen Nib"},{"floor":9,"key":"FossilizedHelix"},{"floor":23,"key":"Vajra"},{"floor":26,"key":"Lantern"},{"floor":28,"key":"Mango"},{"floor":41,"key":"Letter Opener"},{"floor":43,"key":"Boot"},{"floor":46,"key":"Lizard Tail"}],"event_choices":[{"damage_healed":0,"gold_gain":100,"player_choice":"Pray","damage_taken":0,"max_hp_gain":0,"max_hp_loss":0,"event_name":"Golden Shrine","floor":2,"gold_loss":0},{"damage_healed":0,"gold_gain":0,"player_choice":"Opened","damage_taken":0,"relics_obtained":["AntiCross"],"max_hp_gain":0,"max_hp_loss":0,"event_name":"The Mausoleum","floor":22,"gold_loss":0,"cards_obtained":["Writhe"]},{"damage_healed":0,"gold_gain":0,"cards_transformed":["ClowCardTheWatery"],"player_choice":"Transformed","damage_taken":0,"max_hp_gain":0,"max_hp_loss":0,"event_name":"Transmorgrifier","floor":27,"gold_loss":0,"cards_obtained":["ClowCardTheVoice"]},{"damage_healed":0,"gold_gain":0,"player_choice":"Fight","damage_taken":0,"max_hp_gain":0,"max_hp_loss":0,"event_name":"MindBloom","floor":46,"gold_loss":0}],"is_beta":false,"boss_relics":[{"not_picked":["Runic Dome","Empty Cage"],"picked":"Tiny House"},{"not_picked":["Snecko Eye","Cursed Key"],"picked":"Busted Crown"}],"items_purged_floors":[37],"is_endless":false,"potions_floor_spawned":[1,3,11,16,19,20,24,28,35,45,46,48],"ascension_level":0}}