{"host":"guv5thfpx4d8ikzb","time":1612450454,"event":{"mods":["2.2 Compatiblity","AchievementEnabler","BaseMod","Block Reminder","Colored Map","Colored Powertips","Minty Spire (QoL Compilation)","Permanent Neow","Quick Restart","Relic Stats","Replay The Spire","StSLib"],"gold_per_floor":[109,125,145,161,171,205,205,16,16,69,106,106,144,163,163,272,272,282,186,186,222,82,91,120,164,164,164,173,201,232,266,275,389,389,409,166,216,216,216,225,256,265,345,380,389,418,427,446,455,455,464,473,47,84,84],"floor_reached":56,"language":"ENG","playtime":4174,"items_purged":["Strike_B","Strike_B","Defend_B","Defend_B"],"score":1876,"play_id":"15594e91-429e-4713-bce5-fa592b69abf5","local_time":"20210204095414","is_ascension_mode":true,"campfire_choices":[{"data":"Tempest","floor":7.0,"key":"SMITH"},{"data":"Chill","floor":7.0,"key":"SMITH"},{"data":"Sweeping Beam","floor":12.0,"key":"SMITH"},{"data":"Leap","floor":12.0,"key":"SMITH"},{"data":"Self Repair","floor":15.0,"key":"SMITH"},{"data":"Lockon","floor":15.0,"key":"SMITH"},{"data":"Reinforced Body","floor":23.0,"key":"SMITH"},{"data":"Reinforced Body","floor":23.0,"key":"SMITH"},{"data":"Loop","floor":28.0,"key":"SMITH"},{"data":"ReplayTheSpireMod:GoodbyeWorld","floor":28.0,"key":"SMITH"},{"data":"Coolheaded","floor":32.0,"key":"SMITH"},{"data":"Glacier","floor":32.0,"key":"SMITH"},{"floor":40.0,"key":"RECALL"},{"data":"FIFO Queue","floor":42.0,"key":"SMITH"},{"data":"Crystallizer","floor":42.0,"key":"SMITH"},{"data":"Compile Driver","floor":45.0,"key":"SMITH"},{"data":"Go for the Eyes","floor":45.0,"key":"SMITH"},{"data":"Storm","floor":49,"key":"SMITH"},{"data":"Aggregate","floor":49,"key":"SMITH"},{"data":"Storm","floor":52,"key":"SMITH"},{"data":"Auto Shields","floor":52,"key":"SMITH"}],"circlet_count":0,"master_deck":["AbeCurse","Tempest+1","Compile Driver+1","Lockon+1","Chill+1","Reinforced Body+1","Echo Form+1","Fission+1","Defragment+1","Ball Lightning+1","Cold Snap+1","Coolheaded+1","Machine Learning+1","Reinforced Body+1","Self Repair+1","ReplayRNGCard+1","Crystallizer+1","BasicCrystalCard+1","Biased Cognition+1","Glacier+1","Glacier+1","ReplayTheSpireMod:GoodbyeWorld+1","Defragment+1","Loop+1","Amplify+1","Coolheaded+1","Meteor Strike+1","FIFO Queue+1","ReplaySort+1","Defragment+1","Reboot+1","Crystallizer+1","Electrodynamics+1","Echo Form+1","Aggregate+1","ReplayTheSpireMod:GoodbyeWorld+1","ReplayTheSpireMod:GoodbyeWorld+1","Coolheaded+1","Hologram+1"],"relics":["Abe\u0027s Treasure","Replay:Arrowhead","Prayer Wheel","Golden Egg","Dream Catcher","CeramicFish","Question Card","Pantograph","Happy Flower","Calipers","Philosopher\u0027s Stone","BargainBundle","Replay:PocketPolymizer","MealTicket","CultistMask","Potion Belt","DataDisk","TungstenRod","Omamori","ReplayTheSpireMod:Ring of Collecting","Regal Pillow","Ice Cream","Coffee Dripper","ReplayTheSpireMod:CursedCoin","Strawberry","Mango","Singing Bowl","Pear","Du-Vu Doll","ReplayTheSpireMod:Lightbulb","ClockworkSouvenir","Chameleon Ring"],"acts_visited":["Exordium","TheCity","TheBeyond","TheEnding"],"potions_floor_usage":[55,55],"damage_taken":[{"damage":0.0,"enemies":"Cultist","floor":1.0,"turns":3.0},{"damage":7.0,"enemies":"Jaw Worm","floor":2.0,"turns":3.0},{"damage":4.0,"enemies":"2 Louse","floor":3.0,"turns":2.0},{"damage":4.0,"enemies":"Looter","floor":4.0,"turns":3.0},{"damage":11.0,"enemies":"Exordium Thugs","floor":5.0,"turns":4.0},{"damage":12.0,"enemies":"Replay:BlueRogue","floor":6.0,"turns":6.0},{"damage":12.0,"enemies":"Gremlin Nob","floor":11.0,"turns":4.0},{"damage":9.0,"enemies":"3 Sentries","floor":13.0,"turns":6.0},{"damage":0.0,"enemies":"Large Slime","floor":14.0,"turns":4.0},{"damage":0.0,"enemies":"Hexaghost","floor":16.0,"turns":7.0},{"damage":0.0,"enemies":"Chosen","floor":18.0,"turns":3.0},{"damage":1.0,"enemies":"3 Byrds","floor":21.0,"turns":4.0},{"damage":6.0,"enemies":"Centurion and Healer","floor":24.0,"turns":5.0},{"damage":14.0,"enemies":"Slavers","floor":25.0,"turns":5.0},{"damage":8.0,"enemies":"Book of Stabbing","floor":29.0,"turns":4.0},{"damage":0.0,"enemies":"Sentry and Sphere","floor":30.0,"turns":5.0},{"damage":20.0,"enemies":"Slavers","floor":31.0,"turns":5.0},{"damage":0.0,"enemies":"Collector","floor":33.0,"turns":7.0},{"damage":10.0,"enemies":"3 Shapes","floor":35.0,"turns":5.0},{"damage":0.0,"enemies":"Mind Bloom Boss Battle","floor":37.0,"turns":4.0},{"damage":18.0,"enemies":"Nemesis","floor":41.0,"turns":5.0},{"damage":15.0,"enemies":"R_Hoarder","floor":44.0,"turns":6.0},{"damage":10.0,"enemies":"Giant Head","floor":46.0,"turns":5.0},{"damage":9,"enemies":"3 Darklings","floor":48,"turns":4},{"damage":38,"enemies":"Awakened One","floor":50,"turns":8},{"damage":8,"enemies":"Shield and Spear","floor":54,"turns":5},{"damage":0,"enemies":"The Heart","floor":55,"turns":11}],"seed_played":"-3042146844878206697","potions_obtained":[{"floor":3.0,"key":"Weak Potion"},{"floor":4.0,"key":"SkillPotion"},{"floor":5.0,"key":"Strength Potion"},{"floor":18.0,"key":"PotionOfCapacity"},{"floor":21.0,"key":"FocusPotion"},{"floor":24.0,"key":"Fruit Juice"},{"floor":35.0,"key":"FocusPotion"},{"floor":41.0,"key":"FearPotion"},{"floor":44.0,"key":"Energy Potion"}],"is_trial":false,"path_per_floor":["M","M","M","M","M","E","R","$","T","?","E","R","E","M","R","B",null,"M","$","?","M","$","R","M","E","T","?","R","E","M","E","R","B",null,"M","$","?","?","?","R","E","R","T","E","R","E","R","M","R","B",null,"R","$","E","B",null],"character_chosen":"DEFECT","items_purchased":["Defragment","Ball Lightning","Cold Snap","CeramicFish","BargainBundle","Replay:PocketPolymizer","MealTicket","Crystallizer","Block Potion","BasicCrystalCard","Glacier","Potion Belt","ReplayTheSpireMod:CursedCoin","ReplaySort","Strawberry","Defragment","ReplayTheSpireMod:Lightbulb","ClockworkSouvenir","ReplayTheSpireMod:GoodbyeWorld","Coolheaded"],"campfire_rested":0,"item_purchase_floors":[8,8,8,8,19,19,19,19,19,19,22,22,36,36,36,36,53,53,53,53],"current_hp_per_floor":[75,68,64,60,49,37,37,37,37,7,30,30,21,21,21,56,75,75,75,75,74,75,75,75,71,71,71,71,63,75,70,70,80,80,80,87,101,96,96,96,98,98,98,93,93,105,110,112,112,94,112,112,112,112,112],"gold":84,"neow_bonus":"BOSS_RELIC","is_daily":false,"chose_seed":false,"campfire_upgraded":20,"win_rate":0.0,"timestamp":1612450454,"path_taken":["M","M","?","M","M","E","R","$","T","?","E","R","E","M","R","BOSS","M","$","?","M","?","R","M","E","T","?","R","E","M","E","R","BOSS","M","$","?","?","?","R","E","R","T","E","R","E","R","M","R","BOSS","R","$","E","BOSS"],"items_purchased_type":["Card","Card","Card","Relic","Relic","Relic","Relic","Card","Potion","Card","Card","Relic","Relic","Card","Relic","Card","Relic","Relic","Card","Card"],"build_version":"2020-12-22","purchased_purges":4,"victory":true,"max_hp_per_floor":[75,75,75,75,75,75,75,75,75,75,75,75,75,75,75,75,75,75,75,75,75,75,75,75,75,75,75,75,75,75,80,80,80,80,80,87,101,96,96,96,98,98,98,108,108,110,110,112,112,112,112,112,112,112,112],"relic_stats":{"Dream Catcher":0,"Regal Pillow":0,"Happy Flower":[36],"Singing Bowl":6,"counters":[27,132],"CeramicFish":297,"Pantograph":35,"Prayer Wheel":12,"MealTicket":1,"Question Card":29,"obtain_stats":[{"Ice Cream":31,"Golden Egg":0,"Regal Pillow":29,"Calipers":13,"Replay:PocketPolymizer":19,"Singing Bowl":41,"CeramicFish":8,"Mango":37,"ClockworkSouvenir":53,"Dream Catcher":6,"Chameleon Ring":54,"Pantograph":10,"Strawberry":36,"Prayer Wheel":0,"Philosopher\u0027s Stone":17,"MealTicket":19,"Cracked Core":0,"Potion Belt":22,"BargainBundle":19,"Pear":44,"Happy Flower":11,"ReplayTheSpireMod:CursedCoin":36,"Circlet":0,"Omamori":27,"Question Card":9,"Replay:Arrowhead":0,"Du-Vu Doll":46,"DataDisk":25,"ReplayTheSpireMod:Ring of Collecting":27,"CultistMask":20,"Coffee Dripper":34,"ReplayTheSpireMod:Lightbulb":53,"Abe\u0027s Treasure":0,"TungstenRod":26},{"Ice Cream":17,"Golden Egg":0,"Regal Pillow":15,"Calipers":8,"Replay:PocketPolymizer":11,"Singing Bowl":21,"CeramicFish":6,"Mango":20,"ClockworkSouvenir":25,"Dream Catcher":6,"Chameleon Ring":26,"Pantograph":6,"Strawberry":19,"Prayer Wheel":0,"Philosopher\u0027s Stone":10,"MealTicket":11,"Cracked Core":0,"Potion Belt":12,"BargainBundle":11,"Pear":22,"Happy Flower":7,"ReplayTheSpireMod:CursedCoin":19,"Circlet":0,"Omamori":14,"Question Card":6,"Replay:Arrowhead":0,"Du-Vu Doll":23,"DataDisk":14,"ReplayTheSpireMod:Ring of Collecting":14,"CultistMask":11,"Coffee Dripper":18,"ReplayTheSpireMod:Lightbulb":25,"Abe\u0027s Treasure":0,"TungstenRod":14},{"Ice Cream":72,"Golden Egg":0,"Regal Pillow":62,"Calipers":31,"Replay:PocketPolymizer":45,"Singing Bowl":93,"CeramicFish":21,"Mango":88,"ClockworkSouvenir":116,"Dream Catcher":21,"Chameleon Ring":121,"Pantograph":21,"Strawberry":84,"Prayer Wheel":0,"Philosopher\u0027s Stone":42,"MealTicket":45,"Cracked Core":0,"Potion Belt":49,"BargainBundle":45,"Pear":99,"Happy Flower":25,"ReplayTheSpireMod:CursedCoin":84,"Circlet":0,"Omamori":59,"Question Card":21,"Replay:Arrowhead":0,"Du-Vu Doll":104,"DataDisk":59,"ReplayTheSpireMod:Ring of Collecting":59,"CultistMask":45,"Coffee Dripper":79,"ReplayTheSpireMod:Lightbulb":116,"Abe\u0027s Treasure":0,"TungstenRod":59}],"TungstenRod":39},"card_choices":[{"not_picked":["ReplayTheSpireMod:System Scan","Recycle"],"picked":"Tempest","floor":1.0},{"not_picked":["ReplaySolidLightProjector","Gash"],"picked":"Compile Driver","floor":1.0},{"not_picked":["Hologram","Rebound"],"picked":"Sweeping Beam","floor":2.0},{"not_picked":["Panic Button","ReplayTheSpireMod:GoodbyeWorld"],"picked":"Lockon","floor":2.0},{"not_picked":["Static Discharge","Time Bomb"],"picked":"Chill","floor":3.0},{"not_picked":["Beam Cell","Stack","BasicCrystalCard"],"picked":"SKIP","floor":3.0},{"not_picked":["Skim","BootSequence"],"picked":"Reinforced Body","floor":4.0},{"not_picked":["Go for the Eyes","Beam Cell","Blizzard"],"picked":"SKIP","floor":4.0},{"not_picked":["Go for the Eyes","Cold Snap"],"picked":"Echo Form","floor":5.0},{"not_picked":["Streamline","Recycle"],"picked":"Leap","floor":5.0},{"not_picked":["Leap","Gash"],"picked":"Fission","floor":6.0},{"not_picked":["Cold Snap","ReplayTheSpireMod:GoodbyeWorld","Leap"],"picked":"Machine Learning","floor":11.0},{"not_picked":["Heatsinks","Rip and Tear","Sweeping Beam"],"picked":"Reinforced Body","floor":13.0},{"not_picked":["Rip and Tear","Coolheaded","Ball Lightning"],"picked":"Self Repair","floor":14.0},{"not_picked":["Turbo","Conserve Battery","Compile Driver","Undo"],"picked":"SKIP","floor":14.0},{"not_picked":["ReplayTheSpireMod:Omega Cannon","Machine Learning","Meteor Strike"],"picked":"ReplayRNGCard","floor":16.0},{"not_picked":["Stack","Reinforced Body","ReplayTheSpireMod:Reroute Power","Gash+1"],"picked":"SKIP","floor":18.0},{"not_picked":["Streamline","Hello World","Auto Shields+1","Rebound"],"picked":"SKIP","floor":18.0},{"not_picked":["Darkness","Cold Snap","Panic Button"],"picked":"Biased Cognition","floor":21.0},{"not_picked":["Turbo","Darkness+1","Barrage+1"],"picked":"Glacier","floor":21.0},{"not_picked":["Barrage","Redo","Chill"],"picked":"ReplayTheSpireMod:GoodbyeWorld","floor":24.0},{"not_picked":["Compile Driver","Tempest","Sunder","Rebound"],"picked":"SKIP","floor":24.0},{"not_picked":["ReplayTheSpireMod:Reroute Power+1","Gash","Skim"],"picked":"Defragment+1","floor":25.0},{"not_picked":["Storm","Sweeping Beam","Streamline+1","Chill+1"],"picked":"SKIP","floor":29.0},{"not_picked":["ReplayTheSpireMod:Repulse","Barrage","Auto Shields+1"],"picked":"Amplify","floor":30.0},{"not_picked":["Sweeping Beam","Ball Lightning+1","Go for the Eyes"],"picked":"Coolheaded","floor":30.0},{"not_picked":["BasicCrystalCard","Streamline","Cold Snap","Panic Button"],"picked":"SKIP","floor":31.0},{"not_picked":["Buffer","ReplayTheSpireMod:Omega Cannon","Rainbow"],"picked":"Meteor Strike","floor":33.0},{"not_picked":["Blizzard+1","Go for the Eyes+1","Hologram"],"picked":"FIFO Queue","floor":35.0},{"not_picked":["Coolheaded","Recycle","ReplayGash","Gash"],"picked":"SKIP","floor":35.0},{"not_picked":["Coolheaded","Recycle","ReplayGash","Gash"],"picked":"SKIP","floor":35.0},{"not_picked":["Scrape","Gash","Go for the Eyes+1","Rainbow"],"picked":"Singing Bowl","floor":41.0},{"not_picked":["Rainbow","Hello World+1","Barrage"],"picked":"Electrodynamics","floor":44.0},{"not_picked":["Static Discharge+1","Conserve Battery","ReplaySolidLightProjector","Redo+1"],"picked":"Singing Bowl","floor":46.0},{"not_picked":["Chaos","Barrage+1","ReplayTheSpireMod:System Scan"],"picked":"Aggregate","floor":48},{"not_picked":["Scrape+1","ReplaySolidLightProjector","Chaos","Turbo"],"picked":"Singing Bowl","floor":48},{"not_picked":["Defragment","Coolheaded","Double Energy"],"picked":"Hologram+1","floor":54}],"player_experience":800240,"relics_obtained":[{"floor":6.0,"key":"Dream Catcher"},{"floor":9.0,"key":"Question Card"},{"floor":10.0,"key":"Pantograph"},{"floor":11.0,"key":"Happy Flower"},{"floor":13.0,"key":"Calipers"},{"floor":25.0,"key":"DataDisk"},{"floor":26.0,"key":"TungstenRod"},{"floor":27.0,"key":"ReplayTheSpireMod:Ring of Collecting"},{"floor":29.0,"key":"Regal Pillow"},{"floor":31.0,"key":"Ice Cream"},{"floor":37.0,"key":"Mango"},{"floor":41.0,"key":"Singing Bowl"},{"floor":44.0,"key":"Pear"},{"floor":46.0,"key":"Du-Vu Doll"},{"floor":54,"key":"Chameleon Ring"}],"event_choices":[{"damage_healed":0.0,"max_hp_gain":0.0,"max_hp_loss":0.0,"gold_gain":0.0,"event_name":"FaceTrader","player_choice":"Trade","floor":20.0,"gold_loss":0.0,"damage_taken":0.0,"relics_obtained":["CultistMask"]},{"damage_healed":0.0,"max_hp_gain":0.0,"max_hp_loss":0.0,"gold_gain":0.0,"event_name":"MindBloom","player_choice":"Fight","floor":37.0,"gold_loss":0.0,"damage_taken":0.0},{"damage_healed":0.0,"max_hp_gain":0.0,"max_hp_loss":5.0,"gold_gain":0.0,"event_name":"Winding Halls","player_choice":"Max HP","floor":38.0,"gold_loss":0.0,"damage_taken":0.0},{"cards_removed":["Ball Lightning"],"damage_healed":0.0,"max_hp_gain":0.0,"max_hp_loss":0.0,"gold_gain":0.0,"event_name":"Falling","player_choice":"Removed Attack","floor":39.0,"gold_loss":0.0,"damage_taken":0.0},{"cards_removed":["Go for the Eyes"],"damage_healed":5,"gold_gain":0,"player_choice":"Offered Common","damage_taken":0,"max_hp_gain":0,"max_hp_loss":0,"event_name":"Bonfire Elementals","floor":47,"gold_loss":0},{"cards_removed":["Go for the Eyes"],"damage_healed":5,"gold_gain":0,"player_choice":"Offered Special","damage_taken":0,"max_hp_gain":0,"max_hp_loss":0,"event_name":"Bonfire Elementals","floor":47,"gold_loss":0}],"is_beta":false,"boss_relics":[{"not_picked":["Replay:Ancient Bell","Kintsugi"],"picked":"Philosopher\u0027s Stone"},{"not_picked":["Runic Dome","Pandora\u0027s Box"],"picked":"Coffee Dripper"}],"items_purged_floors":[8,19,22,36],"is_endless":false,"potions_floor_spawned":[3,4,5,6,14,18,21,24,35,41,44],"ascension_level":4}}