{"host":"eaiphzh066bwqdh7","time":1612400061,"event":{"mods":["BaseMod","Better Note","Halation","Hubris","Minty Spire (QoL Compilation)","Reliquary","Replay The Spire","StSLib"],"gold_per_floor":[111,122,133,133,143,143,171,171,171,171,171,182,196,196,196],"floor_reached":14,"language":"ENG","playtime":288,"items_purged":[],"score":106,"play_id":"24dcdf96-89c5-4f66-9225-a4b9baedb2f8","local_time":"20210203195421","is_ascension_mode":true,"campfire_choices":[{"floor":6,"key":"REST"},{"floor":8,"key":"REST"}],"circlet_count":0,"master_deck":["Strike_P","Strike_P","Strike_P","Strike_P","Defend_P","Defend_P","Defend_P","Defend_P","Eruption","Vigilance","PathToVictory+1","Pray"],"relics":["PureWater","NeowsBlessing","reliquary:MudwinsCradle","FossilizedHelix"],"acts_visited":["Exordium"],"potions_floor_usage":[7,14],"damage_taken":[{"damage":0,"enemies":"Cultist","floor":1,"turns":2},{"damage":0,"enemies":"Jaw Worm","floor":2,"turns":1},{"damage":0,"enemies":"Small Slimes","floor":3,"turns":1},{"damage":55,"enemies":"Gremlin Gang","floor":5,"turns":5},{"damage":35,"enemies":"Gremlin Nob","floor":7,"turns":5},{"damage":0,"enemies":"2 Fungi Beasts","floor":12,"turns":4},{"damage":16,"enemies":"3 Louse","floor":13,"turns":2},{"damage":27,"enemies":"Lagavulin","floor":14,"turns":5}],"seed_played":"4135770326626109468","potions_obtained":[{"floor":1,"key":"Elixir"},{"floor":2,"key":"EssenceOfSteel"},{"floor":13,"key":"Strength Potion"}],"is_trial":false,"path_per_floor":["M","M","M","?","M","R","E","R","T","PTL","PTL","M","M","E"],"character_chosen":"WATCHER","items_purchased":[],"campfire_rested":2,"item_purchase_floors":[],"current_hp_per_floor":[72,72,72,72,17,38,3,24,24,24,24,24,8,0,0],"gold":196,"neow_bonus":"THREE_ENEMY_KILL","is_daily":false,"chose_seed":false,"campfire_upgraded":0,"win_rate":0.0,"timestamp":1612400061,"path_taken":["M","M","M","?","M","R","E","R","T","PTL","PTL","M","M","E"],"items_purchased_type":[],"build_version":"2020-12-22","purchased_purges":0,"victory":false,"max_hp_per_floor":[72,72,72,72,72,72,72,72,72,72,72,72,72,72,72],"card_choices":[{"not_picked":["Replay:Hum","Fasting2","Conclude"],"picked":"SKIP","floor":1},{"not_picked":["Replay:AtTheReady","Crescendo"],"picked":"PathToVictory","floor":2},{"not_picked":["WheelKick","Crescendo"],"picked":"Pray","floor":3},{"not_picked":["Halt","Collect","Replay:Vibes"],"picked":"SKIP","floor":5},{"not_picked":["TalkToTheHand","EmptyBody","Replay:BluntJabs"],"picked":"SKIP","floor":7},{"not_picked":["CrushJoints","Crescendo","ThirdEye"],"picked":"SKIP","floor":12},{"not_picked":["ConjureBlade","Replay:AtTheReady","EmptyMind"],"picked":"SKIP","floor":13}],"player_experience":245780,"relics_obtained":[{"floor":7,"key":"reliquary:MudwinsCradle"},{"floor":9,"key":"FossilizedHelix"}],"event_choices":[{"damage_healed":0,"gold_gain":0,"player_choice":"Upgraded","damage_taken":0,"max_hp_gain":0,"max_hp_loss":0,"event_name":"Upgrade Shrine","floor":4,"gold_loss":0,"cards_upgraded":["PathToVictory"]}],"is_beta":false,"boss_relics":[],"items_purged_floors":[],"is_endless":false,"potions_floor_spawned":[1,2,13],"killed_by":"Lagavulin","ascension_level":3}}