{"host":"Ringo","time":1612444668,"event":{"mods":["BaseMod","Colored Map","Conspire","Dota2Spire","Hubris","Minty Spire (QoL Compilation)","Replay The Spire","StSLib","The Construct","[IsaacMod]ÒÔÈö¼âËþ","¡¾ÒÅÎï¿¨ÅÆ¡¿REMEMod"],"gold_per_floor":[415,429,439,479,301,327,358,387,387,418,433,466,499,509,509,582,582,592,638,651,570,570,602,628,658,682,709,739,764,726,835,835,970,970,1021,1030,1065,1116,1194,1261,1287,1287,1347,1404,1413,1502,1539,1539,1585,1585,1585,1585,1628,1685,1782,1861,1870,1942,2004,2063,2159,2222,2231,2300,2395],"floor_reached":52,"language":"ZHS","playtime":1904,"items_purged":["Trip"],"score":4816,"play_id":"a5174f98-8664-4284-b3bd-f5039c1a8416","local_time":"20210204211748","daily_mods":["SealedDeck","Vintage","Colorless Cards","Heirloom","Time Dilation","Flight","DeadlyEvents","Elite Swarm","Lethality","Binary"],"is_ascension_mode":true,"campfire_choices":[{"data":"Finisher","floor":15,"key":"SMITH"},{"data":"Barrage","floor":32,"key":"SMITH"},{"data":"Gash","floor":32,"key":"SMITH"},{"floor":46,"key":"DIG"},{"floor":49,"key":"DIG"},{"floor":49,"key":"DIG"}],"circlet_count":4,"master_deck":["AscendersBane","Ball Lightning+1","Ball Lightning+1","Finesse+1","Barrage+1","Barrage+1","BasicCrystalCard+1","Barrage+1","Ball Lightning+1","Finisher+2","Steam+1","Sweeping Beam+1","Pot Of Greed+1","Pot Of Greed+1","Doom and Gloom+1","Doom and Gloom+2","Hello World+1","hubris:DuctTapeCard+29","Hemogenesis+1","Metamorphosis+1","Eclipse+1","Master of Strategy+1","Eclipse+1","Pot Of Greed+1","Enlightenment+1","Poisoned Strike+1","REME_TheLastStrike+1","Immolate+1","Defragment+1","Panache+1","Fiend Fire+1"],"relics":["Cracked Core","Busted Crown","HushsDoor","REME_ComplimentaryCards","replay:Trail_Library","Old Coin","Leech","AnarchistCookbook","Dota2Spire:BladeMail","hubris:CrystalStatue","Dota2Spire:PowerTreads","SteamSale","Dota2Spire:PhaseBoots","HowToJump","Dota2Spire:EyeOfSkadi","War Paint","StrikeDummy","Dota2Spire:BlackKingBar","Replay:WaspNest","construct:RocketBooster","Gremlin Food","Fusion Hammer","Grinning Jar","Replay:Baseball","hubris:DisguiseKit","Membership Card","Meat on the Bone","Pocketwatch","BelialBook","Cauldron","hubris:ToyBattleship","The Courier","Dota2Spire:HeartOfTarrasque","Potion Belt","Ancient Tea Set","hubris:MedicalManual","Dota2Spire:OctarineCore","D6","Lee\u0027s Waffle","Bag of Preparation","hubris:Metronome","Dead Branch","Thread and Needle","ReplayTheSpireMod:Lightbulb","ReplayTheSpireMod:TigerMarble","Dota2Spire:MantaStyle","Pet Ghost","DeadEye","conspire:BottledYoYo","Kunai","TheBible","Mirror","Blue Candle","MoneyPower","Durian","Ice Cream","Akabeko","Dota2Spire:Vanguard","Replay:Wax Seal","Happy Flower","Geode","hubris:BottledRain","hubris:BallOfYels","Toy Ornithopter","SalivaCoin","ReplayFunnel","conspire:Boomerang","Shuriken","GuppysTail","construct:BoolHorns","Bag of Marbles","Strawberry","Molten Egg 2","Replay:Bandana","hubris:TenFootPole","BookOfRevelations","BlankCard","Dota2Spire:EchoSabre","Centennial Puzzle","Replay:Rubber Ducky","REME_HandOfSuture","hubris:SlimyHat","Tiny Chest","DataDisk","Dota2Spire:BattleFury","Oddly Smooth Stone","conspire:TopHat","Du-Vu Doll","Pantograph","Blood Vial","Lantern","GuppysHead","Dream Catcher","hubris:PeanutButter","Snack Pack","hubris:FunFungus","PunchingBag","Dota2Spire:LotusOrb","Emotion Chip","Bronze Scales","hubris:Teleporter","Replay:Arrowhead","Replay:Bottled Flurry","hubris:DeckOfHolding","Dota2Spire:AghanimScepter","DoctorsRemote","CeramicFish","Replay:Multitool","SatanicBible","Dota2Spire:HandOfMidas","Dota2Spire:CrimsonGuard","construct:FoamFinger","MealTicket","conspire:IceCreamScoop","TheBean","Anchor","Dota2Spire:DrumOfEndurance","conspire:GlowingRock","Vajra","Dota2Spire:Desolator","Toxic Egg 2","Regal Pillow","Art of War","Dota2Spire:ShadowBlade","Dota2Spire:DivineRapier","Orichalcum","Replay:PocketPolymizer","Dota2Spire:UrnOfShadows","Girya","hubris:SphereOfDissonance","Golden Egg","HornCleat","Prayer Wheel","Pen Nib","UnicornStump","Boot","Garlic","Dota2Spire:MagicBottle","Letter Opener","Dota2Spire:MaskOfMadness","Dota2Spire:Dagon","White Beast Statue","Omamori","Quantum Egg","PreservedInsect","Dota2Spire:ArcaneBoots","Mango","REME_ArchaeologicalTools","Onion Ring","conspire:InfiniteJournal","Whetstone","Blue Doll","Dota2Spire:ArmletOfMordiggian","Replay:Mystery Machine","DeathBook","Cables","Black Star","PillsDrop","conspire:DeflatedDodgeball","Bottled Flame","hubris:TinFlute","InkBottle","Nunchaku","hubris:DuctTape","Dota2Spire:LinkenSphere","Toolbox","Symbiotic Virus","Solar Panel","Frozen Egg 2","Darkstone Periapt","hubris:Potato","Singing Bowl","ReplayTheSpireMod:Ninjato","Pear","GnawedLeaf","Ornamental Fan","hubris:CuriousFeather","Bottled Tornado","Unceasing Top","hubris:RGBLights","Bottled Lightning","ReplayTheSpireMod:Shallot","Mummified Hand","Bird Faced Urn","Dota2Spire:Mjollnir","Iron Hammer","Question Card","Mercury Hourglass","Gremlin Horn","REME_HourglassOfDeath","Calipers","Matryoshka","Dota2Spire:EtherealBlade","Chameleon Ring","Replay:Bottled Eggs","SharpPlug","Carrot","Replay:Ringing Soul","hubris:SoftwareUpdate","Dota2Spire:MonkeyKingBar","Replay:Bottled Steam","conspire:Dentures","Replay:Accelerometer","BloodDonationMachine","TuHaoJin","FossilizedHelix","BookofShadows","REME_LimitBreaker","Sundial","conspire:DecoderRing","Dota2Spire:OrchidMalevolence","Eternal Feather","hubris:Reverence","Replay:Towering Pillar of Hats","hubris:MysteriousPyramids","Gambling Chip","Torii","D4","Void","Pondfish Scales","Counterbalance","EdensBlessing","Dota2Spire:ShivaGuard","Lizard Tail","Incense Burner","GuppysPaw","hubris:Spice","Ginger","conspire:GiftBox","hubris:GlazedTorus","Fusion Hammer","TungstenRod","REME_IWantAll","Circlet"],"acts_visited":["Exordium","TheCity","TheBeyond"],"potions_floor_usage":[4,7,16,19,51,51,51],"damage_taken":[{"damage":0,"enemies":"Cultist","floor":1,"turns":1},{"damage":0,"enemies":"Small Slimes","floor":2,"turns":1},{"damage":0,"enemies":"Jaw Worm","floor":3,"turns":1},{"damage":0,"enemies":"Gremlin Gang","floor":4,"turns":1},{"damage":0,"enemies":"Gremlin Nob","floor":6,"turns":1},{"damage":0,"enemies":"3 Sentries","floor":7,"turns":2},{"damage":0,"enemies":"Gremlin Nob","floor":8,"turns":1},{"damage":0,"enemies":"Replay:BlueRogue","floor":10,"turns":1},{"damage":0,"enemies":"Exordium Wildlife","floor":11,"turns":1},{"damage":0,"enemies":"Lagavulin","floor":12,"turns":1},{"damage":0,"enemies":"Gremlin Nob","floor":13,"turns":1},{"damage":0,"enemies":"Red Slaver","floor":14,"turns":1},{"damage":0,"enemies":"Hexaghost","floor":16,"turns":2},{"damage":0,"enemies":"conspire:FuzzyDice","floor":18,"turns":1},{"damage":0,"enemies":"Chosen","floor":19,"turns":1},{"damage":0,"enemies":"Snecko","floor":20,"turns":1},{"damage":0,"enemies":"Slavers","floor":23,"turns":1},{"damage":0,"enemies":"Book of Stabbing","floor":24,"turns":1},{"damage":0,"enemies":"Gremlin Leader","floor":25,"turns":1},{"damage":0,"enemies":"conspire:Head Lice","floor":27,"turns":1},{"damage":0,"enemies":"Slavers","floor":28,"turns":1},{"damage":0,"enemies":"REME_1_Revenger","floor":29,"turns":1},{"damage":0,"enemies":"Gremlin Leader","floor":31,"turns":1},{"damage":0,"enemies":"Automaton","floor":33,"turns":1},{"damage":0,"enemies":"3 Shapes","floor":35,"turns":1},{"damage":0,"enemies":"Orb Walker","floor":37,"turns":1},{"damage":0,"enemies":"Sphere and 2 Shapes","floor":38,"turns":1},{"damage":0,"enemies":"Maw","floor":39,"turns":1},{"damage":0,"enemies":"R_Hoarder","floor":40,"turns":1},{"damage":0,"enemies":"Nemesis","floor":42,"turns":1},{"damage":0,"enemies":"R_Hoarder","floor":44,"turns":1},{"damage":0,"enemies":"Nemesis","floor":45,"turns":1},{"damage":0,"enemies":"R_Hoarder","floor":47,"turns":1},{"damage":0,"enemies":"Hiden Room Battle","floor":48,"turns":1},{"damage":0,"enemies":"3 Shapes","floor":35,"turns":1},{"damage":0,"enemies":"R_Hoarder","floor":39,"turns":1},{"damage":0,"enemies":"Reptomancer","floor":40,"turns":1},{"damage":0,"enemies":"R_Hoarder","floor":41,"turns":1},{"damage":0,"enemies":"Reptomancer","floor":42,"turns":1},{"damage":0,"enemies":"R_Hoarder","floor":44,"turns":1},{"damage":0,"enemies":"Giant Head","floor":45,"turns":1},{"damage":0,"enemies":"R_Hoarder","floor":46,"turns":1},{"damage":0,"enemies":"Nemesis","floor":47,"turns":1},{"damage":0,"enemies":"R_Hoarder","floor":48,"turns":1},{"damage":0,"enemies":"Donu and Deca","floor":50,"turns":1},{"damage":0,"enemies":"Awakened One","floor":51,"turns":2}],"seed_played":"-2913179199544510212","potions_obtained":[{"floor":2,"key":"Weak Potion"},{"floor":3,"key":"REME_GoldPotion"},{"floor":8,"key":"Dota2Spire:Clarity"},{"floor":10,"key":"Energy Potion"},{"floor":18,"key":"REME_GoldPotion"},{"floor":22,"key":"Adrenaline Potion"},{"floor":22,"key":"Elixir"},{"floor":27,"key":"BlessingOfTheForge"},{"floor":28,"key":"Explosive Potion"},{"floor":35,"key":"PotionOfCapacity"}],"is_trial":true,"path_per_floor":["M","M","M","M","$","E","E","E","T","E","M","E","E","M","R","B",null,"M","M","M","$","$","E","E","E","T","E","E","E","$","E","R","B",null,"M","$","M","M","M","E","E","T","E","E","R","E","?","R","M","?","?","T","E","E","E","E","T","E","E","E","E","E","R","B","B",null],"character_chosen":"DEFECT","items_purchased":["SteamSale","Steam+1","Membership Card","Meat on the Bone","Pocketwatch","Doom and Gloom","BelialBook","Cauldron","hubris:ToyBattleship","Hello World+1","Lee\u0027s Waffle","Bag of Preparation","hubris:Metronome","Dead Branch","Thread and Needle","ReplayTheSpireMod:Lightbulb","ReplayTheSpireMod:TigerMarble","Dota2Spire:MantaStyle","Pet Ghost","DeadEye","conspire:BottledYoYo","Kunai","TheBible","Mirror","Blue Candle","MoneyPower","Durian","Ice Cream","Akabeko","Dota2Spire:Vanguard","Replay:Wax Seal","Happy Flower","Geode","hubris:BottledRain","hubris:BallOfYels","Toy Ornithopter","SalivaCoin","ReplayFunnel","conspire:Boomerang","Shuriken","GuppysTail","construct:BoolHorns","Bag of Marbles","Strawberry","Molten Egg 2","Replay:Bandana","hubris:TenFootPole","BookOfRevelations","BlankCard","Dota2Spire:EchoSabre","Centennial Puzzle","Replay:Rubber Ducky","REME_HandOfSuture","hubris:SlimyHat","Tiny Chest","DataDisk","Dota2Spire:BattleFury","Oddly Smooth Stone","conspire:TopHat","Du-Vu Doll","Pantograph","Blood Vial","Lantern","GuppysHead","Dream Catcher","hubris:PeanutButter","Snack Pack","hubris:FunFungus","PunchingBag","Dota2Spire:LotusOrb","Emotion Chip","Bronze Scales","hubris:Teleporter","Replay:Arrowhead","Replay:Bottled Flurry","hubris:DeckOfHolding","Dota2Spire:AghanimScepter","DoctorsRemote","CeramicFish","Replay:Multitool","SatanicBible","Dota2Spire:HandOfMidas","Dota2Spire:CrimsonGuard","construct:FoamFinger","MealTicket","conspire:IceCreamScoop","TheBean","Anchor","Dota2Spire:DrumOfEndurance","conspire:GlowingRock","Vajra","Dota2Spire:Desolator","Toxic Egg 2","Regal Pillow","Art of War","Dota2Spire:ShadowBlade","Dota2Spire:DivineRapier","Orichalcum","Replay:PocketPolymizer","Dota2Spire:UrnOfShadows","Girya","hubris:SphereOfDissonance","Golden Egg","HornCleat","Prayer Wheel","Pen Nib","UnicornStump","Boot","Garlic","Dota2Spire:MagicBottle","Letter Opener","Dota2Spire:MaskOfMadness","Dota2Spire:Dagon","White Beast Statue","Omamori","Quantum Egg","PreservedInsect","Dota2Spire:ArcaneBoots","Mango","REME_ArchaeologicalTools","Onion Ring","conspire:InfiniteJournal","Whetstone","Blue Doll","Dota2Spire:ArmletOfMordiggian","Replay:Mystery Machine","DeathBook","conspire:DeflatedDodgeball","Bottled Flame","hubris:TinFlute","InkBottle","Nunchaku","hubris:DuctTape","Dota2Spire:LinkenSphere","Toolbox","Symbiotic Virus","Solar Panel","Frozen Egg 2","Darkstone Periapt","hubris:Potato","Singing Bowl","ReplayTheSpireMod:Ninjato","Pear","GnawedLeaf","Ornamental Fan","hubris:CuriousFeather","Diplopia","Bottled Tornado","Unceasing Top","hubris:RGBLights","Bottled Lightning","ReplayTheSpireMod:Shallot","Mummified Hand","Bird Faced Urn","Dota2Spire:Mjollnir","Iron Hammer","Question Card","Mercury Hourglass","Gremlin Horn","REME_HourglassOfDeath","Calipers","Matryoshka","Dota2Spire:EtherealBlade","Chameleon Ring","Replay:Bottled Eggs","SharpPlug","Carrot","Replay:Ringing Soul","hubris:SoftwareUpdate","Dota2Spire:MonkeyKingBar","Replay:Bottled Steam","conspire:Dentures","Replay:Accelerometer","BloodDonationMachine","TuHaoJin","FossilizedHelix","BookofShadows","REME_LimitBreaker","Sundial","conspire:DecoderRing","Dota2Spire:OrchidMalevolence","Eternal Feather","hubris:Reverence","Replay:Towering Pillar of Hats","hubris:MysteriousPyramids","Peace Pipe","Gambling Chip","Torii","D4","ForgetMeNow","Void","Pondfish Scales","Counterbalance","EdensBlessing"],"campfire_rested":0,"item_purchase_floors":[5,5,21,21,21,21,22,22,22,22,30,30,30,30,30,30,30,30,30,30,30,30,30,30,30,30,30,30,30,30,30,30,30,30,30,30,30,30,30,30,30,30,30,30,30,30,30,30,30,30,30,30,30,30,30,30,30,30,30,30,30,30,30,30,30,30,30,30,30,30,30,30,30,30,30,30,30,30,30,30,30,30,30,30,30,30,30,30,30,30,30,30,30,30,30,30,30,30,30,30,30,30,30,30,30,30,30,30,30,30,30,30,30,30,30,30,30,30,30,30,30,30,30,30,30,30,30,36,36,36,36,36,36,36,36,36,36,36,36,36,36,36,36,36,36,36,36,36,36,36,36,36,36,36,36,36,36,36,36,36,36,36,36,36,36,36,36,36,36,36,36,36,36,36,36,36,36,36,36,36,36,36,36,36,36,36,36,36,36,36,36,36,36,36],"current_hp_per_floor":[64,64,65,66,66,66,67,73,73,73,73,74,74,74,74,75,76,76,76,76,76,76,76,84,84,84,84,84,84,117,117,117,117,117,117,127,130,130,130,140,144,144,146,148,151,153,142,134,142,135,135,135,142,149,161,168,171,162,164,166,173,172,167,172,172],"gold":2395,"neow_bonus":"","is_daily":false,"chose_seed":false,"campfire_upgraded":3,"win_rate":0.0,"timestamp":1612444668,"path_taken":["M","M","M","M","$","E","E","E","T","E","M","E","E","M","R","BOSS","M","M","M","?","$","E","E","E","T","E","?","E","$","E","R","BOSS","M","$","M","M","M","E","E","T","E","E","R","E","?","R","M","?","?","?","?","E","E","E","T","E","E","?","E","?","R","BOSS","BOSS"],"items_purchased_type":["Relic","Card","Relic","Relic","Relic","Card","Relic","Relic","Relic","Card","Relic","Relic","Relic","Relic","Relic","Relic","Relic","Relic","Relic","Relic","Relic","Relic","Relic","Relic","Relic","Relic","Relic","Relic","Relic","Relic","Relic","Relic","Relic","Relic","Relic","Relic","Relic","Relic","Relic","Relic","Relic","Relic","Relic","Relic","Relic","Relic","Relic","Relic","Relic","Relic","Relic","Relic","Relic","Relic","Relic","Relic","Relic","Relic","Relic","Relic","Relic","Relic","Relic","Relic","Relic","Relic","Relic","Relic","Relic","Relic","Relic","Relic","Relic","Relic","Relic","Relic","Relic","Relic","Relic","Relic","Relic","Relic","Relic","Relic","Relic","Relic","Relic","Relic","Relic","Relic","Relic","Relic","Relic","Relic","Relic","Relic","Relic","Relic","Relic","Relic","Relic","Relic","Relic","Relic","Relic","Relic","Relic","Relic","Relic","Relic","Relic","Relic","Relic","Relic","Relic","Relic","Relic","Relic","Relic","Relic","Relic","Relic","Relic","Relic","Relic","Relic","Relic","Relic","Relic","Relic","Relic","Relic","Relic","Relic","Relic","Relic","Relic","Relic","Relic","Relic","Relic","Relic","Relic","Relic","Relic","Relic","Relic","Relic","Relic","Relic","Relic","Relic","Relic","Relic","Relic","Relic","Relic","Relic","Relic","Relic","Relic","Relic","Relic","Relic","Relic","Relic","Relic","Relic","Relic","Relic","Relic","Relic","Relic","Relic","Relic","Relic","Relic","Relic","Relic","Relic","Relic","Relic","Relic","Relic","Relic","Relic","Relic","Relic","Relic","Relic","Card","Relic","Relic","Relic"],"build_version":"2020-12-18","purchased_purges":1,"victory":true,"max_hp_per_floor":[71,71,71,71,71,71,71,76,76,76,76,76,76,76,76,76,76,76,76,76,76,76,76,84,84,84,84,84,84,117,117,117,117,117,117,127,130,130,130,140,144,144,146,148,151,153,142,134,142,135,135,135,142,149,161,168,171,162,164,166,173,172,167,172,172],"card_choices":[{"not_picked":["Fiend Fire"],"picked":"SKIP","floor":23},{"not_picked":["Demonic Infusion"],"picked":"SKIP","floor":24},{"not_picked":["Offering"],"picked":"SKIP","floor":25},{"not_picked":["Corruption"],"picked":"SKIP","floor":27},{"not_picked":["conspire:Purge"],"picked":"SKIP","floor":28},{"not_picked":["Bludgeon"],"picked":"SKIP","floor":29},{"not_picked":["conspire:Purge"],"picked":"SKIP","floor":31},{"not_picked":["SuicideKing","conspire:HitWhereItHurts"],"picked":"Singing Bowl","floor":40},{"not_picked":["EpicFetus+1"],"picked":"Singing Bowl","floor":42},{"not_picked":["Crow Ritual+1","REME_ACTH"],"picked":"Singing Bowl","floor":42},{"not_picked":["Echo Form+1","Replay:Many Hands"],"picked":"Singing Bowl","floor":44},{"not_picked":["ReplayUltimateDefense+1","Impervious"],"picked":"Singing Bowl","floor":45},{"not_picked":["ReplayTheSpireMod:Fabricate Wheel+1","Brutality"],"picked":"Singing Bowl","floor":47},{"not_picked":["hubris:SpiceAddiction","hubris:SharpeningStone"],"picked":"Singing Bowl","floor":48},{"not_picked":["hubris:SpiceAddiction","Hemogenesis"],"picked":"Singing Bowl","floor":39},{"not_picked":["Dark Shackles","Purity","Forethought"],"picked":"Singing Bowl","floor":40},{"not_picked":["Metamorphosis+1","Eclipse"],"picked":"Singing Bowl","floor":40},{"not_picked":["Dark Shackles","REME_MawOfCthun","Jack Of All Trades"],"picked":"Singing Bowl","floor":41},{"not_picked":["Master of Strategy+1","Eclipse"],"picked":"Singing Bowl","floor":41},{"not_picked":["hubris:Insight","PanicButton","REME_HeartOfCthun"],"picked":"Singing Bowl","floor":42},{"not_picked":["Poisoned Strike+1","REME_TheLastStrike"],"picked":"Singing Bowl","floor":42},{"not_picked":["SuicideKing","REME_ShortnessOfBreath","REME_TheoryOfElimination"],"picked":"Singing Bowl","floor":44},{"not_picked":["REME_PuzzleBox+1","Reaper"],"picked":"Singing Bowl","floor":44},{"not_picked":["REME_ForAll+1","conspire:Purge"],"picked":"Singing Bowl","floor":45},{"not_picked":["hubris:SpiceAddiction","Immolate"],"picked":"Singing Bowl","floor":46},{"not_picked":["Finesse","Trip","hubris:EnhanceAbility"],"picked":"Singing Bowl","floor":47},{"not_picked":["EpicFetus+1","Berserk"],"picked":"Singing Bowl","floor":47},{"not_picked":["Panache+1","Fiend Fire"],"picked":"Singing Bowl","floor":48},{"not_picked":["REME_BuildACard","REME_FirmDetermination","Thinking Ahead"],"picked":"Singing Bowl","floor":50}],"player_experience":625982,"relics_obtained":[{"floor":1,"key":"AnarchistCookbook"},{"floor":2,"key":"Dota2Spire:BladeMail"},{"floor":3,"key":"hubris:CrystalStatue"},{"floor":4,"key":"Dota2Spire:PowerTreads"},{"floor":6,"key":"Dota2Spire:PhaseBoots"},{"floor":7,"key":"HowToJump"},{"floor":8,"key":"Dota2Spire:EyeOfSkadi"},{"floor":9,"key":"War Paint"},{"floor":10,"key":"StrikeDummy"},{"floor":11,"key":"Dota2Spire:BlackKingBar"},{"floor":12,"key":"Replay:WaspNest"},{"floor":13,"key":"construct:RocketBooster"},{"floor":14,"key":"Gremlin Food"},{"floor":18,"key":"Grinning Jar"},{"floor":19,"key":"Replay:Baseball"},{"floor":20,"key":"hubris:DisguiseKit"},{"floor":23,"key":"The Courier"},{"floor":24,"key":"Dota2Spire:HeartOfTarrasque"},{"floor":25,"key":"Potion Belt"},{"floor":26,"key":"Ancient Tea Set"},{"floor":27,"key":"hubris:MedicalManual"},{"floor":28,"key":"Dota2Spire:OctarineCore"},{"floor":29,"key":"D6"},{"floor":31,"key":"Cables"},{"floor":35,"key":"PillsDrop"},{"floor":37,"key":"Dota2Spire:ShivaGuard"},{"floor":38,"key":"Lizard Tail"},{"floor":39,"key":"Incense Burner"},{"floor":40,"key":"GuppysPaw"},{"floor":40,"key":"hubris:Spice"},{"floor":42,"key":"Ginger"},{"floor":42,"key":"conspire:GiftBox"},{"floor":43,"key":"hubris:Spice"},{"floor":43,"key":"hubris:Spice"},{"floor":44,"key":"hubris:GlazedTorus"},{"floor":47,"key":"TungstenRod"},{"floor":47,"key":"REME_IWantAll"},{"floor":48,"key":"hubris:Spice"},{"floor":48,"key":"hubris:Spice"},{"floor":49,"key":"hubris:Spice"},{"floor":35,"key":"Circlet"},{"floor":39,"key":"Circlet"},{"floor":41,"key":"Circlet"},{"floor":44,"key":"hubris:Spice"},{"floor":44,"key":"hubris:Spice"},{"floor":48,"key":"hubris:Spice"},{"floor":48,"key":"Circlet"},{"floor":49,"key":"hubris:Spice"}],"event_choices":[{"damage_healed":0,"gold_gain":0,"player_choice":"Fight","damage_taken":0,"max_hp_gain":0,"max_hp_loss":0,"event_name":"HidenRoomEvent","floor":48,"gold_loss":0},{"damage_healed":0,"gold_gain":0,"player_choice":"Max HP","damage_taken":0,"max_hp_gain":0,"max_hp_loss":7,"event_name":"Winding Halls","floor":36,"gold_loss":0},{"cards_removed":["Specialist"],"damage_healed":0,"gold_gain":0,"player_choice":"Removed Power","damage_taken":0,"max_hp_gain":0,"max_hp_loss":0,"event_name":"Falling","floor":37,"gold_loss":0}],"is_beta":true,"boss_relics":[{"not_picked":["hubris:HollowSoul","ReplayTheSpireMod:DimensionalGlitch"],"picked":"Fusion Hammer"},{"not_picked":[]},{"not_picked":["conspire:RoyalGoblet","hubris:RunicObelisk"],"picked":"Black Star"},{"not_picked":[]}],"items_purged_floors":[30],"is_endless":false,"potions_floor_spawned":[2,3,8,10,11,18,27,28,31,33,35,37,38,39,40,42,44,45,47,48,35,39,40,41,42,44,45,46,47,48],"ascension_level":20}}