{"host":"8is2j71l4wmybkoi","time":1612451109,"event":{"mods":["AchievementEnabler","BaseMod","Colored Map","Minty Spire (QoL Compilation)","Rare Cards Sparkle","StSLib","SuperFastMode"],"gold_per_floor":[14,25,35,35,35,35,69,85,140,155,80,105,105,139,139,217,217,232,36,56,106,176,176,176],"floor_reached":23,"language":"KOR","playtime":1004,"items_purged":["Strike_R","Defend_R"],"score":366,"play_id":"ffe5d564-1326-44cf-994f-1f93c5c89d05","local_time":"20210205000509","is_ascension_mode":true,"campfire_choices":[{"data":"Body Slam","floor":6.0,"key":"SMITH"},{"data":"Limit Break","floor":13.0,"key":"SMITH"},{"data":"Disarm","floor":15.0,"key":"SMITH"}],"circlet_count":0,"master_deck":["AscendersBane","Defend_R","Defend_R","Defend_R","Bash","Cleave","Disarm+1","Feel No Pain","Body Slam+1","Limit Break+1","Spot Weakness","Seeing Red","Sentinel","Flame Barrier","Offering","Flex","True Grit+1"],"relics":["Burning Blood","Question Card","Bronze Scales","Omamori","Bottled Tornado","Empty Cage","White Beast Statue"],"acts_visited":["Exordium","TheCity"],"potions_floor_usage":[23],"damage_taken":[{"damage":4.0,"enemies":"Small Slimes","floor":1.0,"turns":3.0},{"damage":1.0,"enemies":"Cultist","floor":2.0,"turns":3.0},{"damage":7.0,"enemies":"2 Louse","floor":3.0,"turns":3.0},{"damage":23.0,"enemies":"3 Sentries","floor":7.0,"turns":11.0},{"damage":14.0,"enemies":"Exordium Thugs","floor":8.0,"turns":5.0},{"damage":5.0,"enemies":"2 Fungi Beasts","floor":10.0,"turns":3.0},{"damage":28.0,"enemies":"Lagavulin","floor":12.0,"turns":5.0},{"damage":16.0,"enemies":"3 Sentries","floor":14.0,"turns":8.0},{"damage":3.0,"enemies":"Hexaghost","floor":16.0,"turns":8.0},{"damage":8.0,"enemies":"3 Byrds","floor":18.0,"turns":3.0},{"damage":22.0,"enemies":"2 Thieves","floor":20.0,"turns":3.0},{"damage":46,"enemies":"Gremlin Leader","floor":23,"turns":6}],"seed_played":"5726069418983604028","potions_obtained":[{"floor":2.0,"key":"SteroidPotion"},{"floor":7.0,"key":"ColorlessPotion"}],"is_trial":false,"path_per_floor":["M","M","M","?","$","R","E","M","T","M","$","E","R","E","R","B",null,"M","$","M","?","T","E"],"character_chosen":"IRONCLAD","items_purchased":["Flex","AttackPotion"],"campfire_rested":0,"item_purchase_floors":[19,19],"current_hp_per_floor":[70,75,74,74,74,74,57,49,49,50,50,28,28,18,18,21,62,60,60,44,44,44,0,0],"gold":176,"neow_bonus":"REMOVE_TWO","is_daily":false,"chose_seed":false,"campfire_upgraded":3,"win_rate":0.0,"timestamp":1612451109,"path_taken":["M","M","M","?","?","R","E","M","T","?","?","E","R","E","R","BOSS","M","$","M","?","?","E"],"items_purchased_type":["Card","Potion"],"build_version":"2020-12-22","purchased_purges":2,"victory":false,"max_hp_per_floor":[75,75,75,75,75,75,75,75,75,75,75,75,75,75,75,75,75,75,75,75,75,75,75,75],"card_choices":[{"not_picked":["Shrug It Off","Twin Strike"],"picked":"Cleave","floor":1.0},{"not_picked":["Shrug It Off","Sever Soul"],"picked":"Disarm","floor":2.0},{"not_picked":["Flex","Heavy Blade"],"picked":"Feel No Pain","floor":3.0},{"not_picked":["Warcry","Anger","Clash"],"picked":"SKIP","floor":7.0},{"not_picked":["Anger","Body Slam","Perfected Strike"],"picked":"Spot Weakness","floor":8.0},{"not_picked":["Dropkick","Cleave","Exhume"],"picked":"Seeing Red","floor":10.0},{"not_picked":["Perfected Strike","Havoc","Iron Wave"],"picked":"Sentinel","floor":12.0},{"not_picked":["Anger","Entrench","Uppercut"],"picked":"Flame Barrier","floor":14.0},{"not_picked":["Feed","Juggernaut","Brutality"],"picked":"Offering","floor":16.0},{"not_picked":["Seeing Red","Flame Barrier","Sentinel","Fire Breathing"],"picked":"SKIP","floor":18.0},{"not_picked":["Cleave+1","Anger","Second Wind"],"picked":"True Grit+1","floor":20.0}],"player_experience":967900,"relics_obtained":[{"floor":7.0,"key":"Question Card"},{"floor":9.0,"key":"Bronze Scales"},{"floor":12.0,"key":"Omamori"},{"floor":14.0,"key":"Bottled Tornado"},{"floor":22.0,"key":"White Beast Statue"}],"event_choices":[{"damage_healed":0.0,"max_hp_gain":0.0,"max_hp_loss":0.0,"gold_gain":0.0,"event_name":"Match and Keep!","player_choice":"2 cards matched","floor":4.0,"gold_loss":0.0,"damage_taken":0.0,"cards_obtained":["Body Slam","Limit Break"]},{"damage_healed":0.0,"max_hp_gain":0.0,"max_hp_loss":0.0,"gold_gain":0.0,"event_name":"Match and Keep!","player_choice":"2 cards matched","floor":4.0,"gold_loss":0.0,"damage_taken":0.0,"cards_obtained":["Body Slam","Limit Break"]},{"damage_healed":0.0,"max_hp_gain":0.0,"max_hp_loss":0.0,"gold_gain":50.0,"event_name":"Nest","player_choice":"Stole From Cult","floor":21.0,"gold_loss":0.0,"damage_taken":0.0}],"is_beta":false,"boss_relics":[{"not_picked":["Black Blood","Runic Cube"],"picked":"Empty Cage"}],"items_purged_floors":[11,19],"is_endless":false,"potions_floor_spawned":[2,7],"killed_by":"Gremlin Leader","ascension_level":15}}