{"host":"6wux4armhsntp4yb","time":1612445588,"event":{"mods":["BaseMod","Colored Map","DeckTracker","Minty Spire (QoL Compilation)","Relic Stats"],"gold_per_floor":[117,117,131,131,15,15,48,48,48,48,48,392,59,74,74,170,170,189,213,233,248,248,248,15,15,97,23,57,77,108,8,8,97,97,113,133,158,491,491,491,190,221,221,232,232,249,99,117,117,117,117,117],"floor_reached":51,"language":"JPN","playtime":6184,"items_purged":["Strike_G","Strike_G","Writhe","Writhe"],"score":1571,"play_id":"ec8934b7-b4c0-49d7-8bcd-1a15d63f6e5c","local_time":"20210204223308","is_ascension_mode":true,"campfire_choices":[{"data":"Well Laid Plans","floor":6.0,"key":"SMITH"},{"data":"Sadistic Nature","floor":8.0,"key":"SMITH"},{"data":"Bouncing Flask","floor":11.0,"key":"SMITH"},{"data":"Neutralize","floor":15.0,"key":"SMITH"},{"floor":23.0,"key":"REST"},{"data":"Envenom","floor":25.0,"key":"SMITH"},{"data":"Noxious Fumes","floor":32.0,"key":"SMITH"},{"data":"Sucker Punch","floor":40.0,"key":"SMITH"},{"data":"After Image","floor":45.0,"key":"SMITH"},{"floor":49.0,"key":"RECALL"}],"circlet_count":0,"master_deck":["AscendersBane","Defend_G","Defend_G","Defend_G","Defend_G","Defend_G","Survivor","Neutralize+1","Sadistic Nature+1","Sucker Punch+1","Well Laid Plans+1","Bouncing Flask+1","Predator","Backflip+1","Calculated Gamble+1","Envenom+1","Flechettes","Blade Dance+1","Dagger Spray+1","Cloak And Dagger+1","Catalyst+1","Acrobatics+1","Noxious Fumes+1","Bullet Time+1","Cloak And Dagger+1","Escape Plan+1","After Image+1","Bullet Time+1","Catalyst+1"],"relics":["Ring of the Snake","White Beast Statue","Sundial","Old Coin","Toxic Egg 2","Empty Cage","Potion Belt","Mercury Hourglass","Blood Vial","InkBottle","Cursed Key","Nunchaku","Eternal Feather"],"acts_visited":["Exordium","TheCity","TheBeyond"],"potions_floor_usage":[50,51,51],"damage_taken":[{"damage":1.0,"enemies":"Small Slimes","floor":1.0,"turns":3.0},{"damage":0.0,"enemies":"Cultist","floor":3.0,"turns":4.0},{"damage":12.0,"enemies":"3 Sentries","floor":7.0,"turns":10.0},{"damage":4.0,"enemies":"Lagavulin","floor":12.0,"turns":7.0},{"damage":1.0,"enemies":"Jaw Worm","floor":14.0,"turns":4.0},{"damage":3.0,"enemies":"The Guardian","floor":16.0,"turns":8.0},{"damage":2.0,"enemies":"Shell Parasite","floor":18.0,"turns":5.0},{"damage":0.0,"enemies":"Chosen","floor":19.0,"turns":3.0},{"damage":17.0,"enemies":"Shelled Parasite and Fungi","floor":20.0,"turns":5.0},{"damage":10.0,"enemies":"3 Cultists","floor":21.0,"turns":3.0},{"damage":0.0,"enemies":"Slavers","floor":28.0,"turns":3.0},{"damage":0.0,"enemies":"Snecko","floor":29.0,"turns":3.0},{"damage":3.0,"enemies":"Gremlin Leader","floor":30.0,"turns":5.0},{"damage":7.0,"enemies":"Automaton","floor":33.0,"turns":6.0},{"damage":1.0,"enemies":"3 Darklings","floor":35.0,"turns":3.0},{"damage":7.0,"enemies":"3 Shapes","floor":36.0,"turns":3.0},{"damage":1.0,"enemies":"3 Darklings","floor":37.0,"turns":3.0},{"damage":0.0,"enemies":"Reptomancer","floor":42.0,"turns":3.0},{"damage":0.0,"enemies":"Transient","floor":44.0,"turns":6.0},{"damage":1.0,"enemies":"Writhing Mass","floor":46.0,"turns":4.0},{"damage":0.0,"enemies":"Jaw Worm Horde","floor":48.0,"turns":3.0},{"damage":49,"enemies":"Awakened One","floor":50,"turns":13},{"damage":50,"enemies":"Time Eater","floor":51,"turns":10}],"seed_played":"-7893468777181825242","potions_obtained":[{"floor":3.0,"key":"Weak Potion"},{"floor":12.0,"key":"Fire Potion"},{"floor":14.0,"key":"DistilledChaos"},{"floor":18.0,"key":"SkillPotion"},{"floor":20.0,"key":"Strength Potion"},{"floor":21.0,"key":"GhostInAJar"},{"floor":28.0,"key":"Strength Potion"},{"floor":29.0,"key":"BlessingOfTheForge"},{"floor":30.0,"key":"GhostInAJar"},{"floor":33.0,"key":"Poison Potion"},{"floor":35.0,"key":"EssenceOfSteel"},{"floor":36.0,"key":"Block Potion"},{"floor":37.0,"key":"SneckoOil"},{"floor":42.0,"key":"Dexterity Potion"},{"floor":46.0,"key":"FairyPotion"}],"is_trial":false,"path_per_floor":["M","?","M","?","$","R","E","R","T","?","R","E","$","M","R","B",null,"M","M","M","M","?","R","$","R","T","$","E","M","E","$","R","B",null,"M","M","M","?","T","R","$","E","T","M","R","M","$","M","R","B","B"],"character_chosen":"THE_SILENT","items_purchased":["CultistPotion","Toxic Egg 2","Backflip+1","Potion Belt","Catalyst+1","After Image"],"campfire_rested":1,"item_purchase_floors":[5,13,13,24,27,41],"current_hp_per_floor":[43,43,43,43,43,43,31,31,31,51,51,47,47,46,46,43,56,54,54,37,27,21,39,39,39,39,39,39,41,40,40,40,35,54,55,50,51,51,51,51,51,53,53,55,60,59,59,60,60,11,0,0],"gold":117,"neow_bonus":"RANDOM_COLORLESS_2","is_daily":false,"chose_seed":false,"campfire_upgraded":8,"win_rate":0.0,"timestamp":1612445588,"path_taken":["M","?","?","?","$","R","E","R","T","?","R","E","?","M","R","BOSS","M","M","?","M","?","R","?","R","T","$","E","?","E","$","R","BOSS","M","M","M","?","?","R","?","E","T","M","R","M","$","M","R","BOSS","BOSS"],"items_purchased_type":["Potion","Relic","Card","Relic","Card","Card"],"build_version":"2020-12-22","purchased_purges":4,"victory":false,"max_hp_per_floor":[66,66,66,60,60,60,60,60,60,60,60,60,60,60,60,60,60,60,60,60,60,60,60,60,60,60,60,60,60,60,60,60,60,60,60,60,60,60,60,60,60,60,60,60,60,60,60,60,60,60,60,60],"relic_stats":{"Blood Vial":19,"Nunchaku":[13],"counters":[23,117],"Sundial":[22],"Eternal Feather":5,"Cursed Key":2,"obtain_stats":[{"Potion Belt":24,"Golden Idol":4,"Eternal Feather":43,"Empty Cage":17,"Cursed Key":34,"White Beast Statue":7,"Old Coin":12,"Mercury Hourglass":26,"Blood Vial":28,"Nunchaku":42,"Sundial":9,"Toxic Egg 2":13,"InkBottle":30,"Ring of the Snake":0},{"Potion Belt":10,"Golden Idol":2,"Eternal Feather":18,"Empty Cage":6,"Cursed Key":14,"White Beast Statue":3,"Old Coin":4,"Mercury Hourglass":10,"Blood Vial":11,"Nunchaku":18,"Sundial":3,"Toxic Egg 2":4,"InkBottle":13,"Ring of the Snake":0},{"Potion Belt":52,"Golden Idol":7,"Eternal Feather":81,"Empty Cage":36,"Cursed Key":69,"White Beast Statue":17,"Old Coin":24,"Mercury Hourglass":52,"Blood Vial":55,"Nunchaku":81,"Sundial":17,"Toxic Egg 2":24,"InkBottle":63,"Ring of the Snake":0}],"InkBottle":[40],"Ring of the Snake":[46],"Mercury Hourglass":[273]},"card_choices":[{"not_picked":["Master of Strategy","Transmutation"],"picked":"Sadistic Nature","floor":0.0},{"not_picked":["Acrobatics","All Out Attack"],"picked":"Sucker Punch","floor":1.0},{"not_picked":["Heel Hook","PiercingWail"],"picked":"Well Laid Plans","floor":3.0},{"not_picked":["Flying Knee","Heel Hook"],"picked":"Bouncing Flask","floor":7.0},{"not_picked":["Choke","Blade Dance"],"picked":"Predator","floor":12.0},{"not_picked":["Flechettes","Backflip+1"],"picked":"Calculated Gamble+1","floor":14.0},{"not_picked":["Die Die Die","Burst+1"],"picked":"Envenom","floor":16.0},{"not_picked":["Masterful Stab","Heel Hook"],"picked":"Flechettes","floor":18.0},{"not_picked":["All Out Attack","Cloak And Dagger+1"],"picked":"Blade Dance+1","floor":19.0},{"not_picked":["Dagger Spray+1","Dodge and Roll+1","Endless Agony"],"picked":"SKIP","floor":20.0},{"not_picked":["Dodge and Roll+1","Endless Agony"],"picked":"Dagger Spray+1","floor":20.0},{"not_picked":["Outmaneuver+1","Prepared+1"],"picked":"Cloak And Dagger+1","floor":21.0},{"not_picked":["Blade Dance+1","Deflect+1"],"picked":"Acrobatics+1","floor":28.0},{"not_picked":["Prepared+1","Expertise+1"],"picked":"Noxious Fumes","floor":29.0},{"not_picked":["Finisher+1","Distraction+1","Backflip+1"],"picked":"SKIP","floor":30.0},{"not_picked":["Phantasmal Killer+1","Burst+1"],"picked":"Bullet Time+1","floor":33.0},{"not_picked":["Flying Knee","Quick Slash"],"picked":"Cloak And Dagger+1","floor":35.0},{"not_picked":["Bane","Slice","Sucker Punch+1"],"picked":"SKIP","floor":36.0},{"not_picked":["Crippling Poison+1","Caltrops+1"],"picked":"Escape Plan+1","floor":37.0},{"not_picked":["Flying Knee","Slice","Backstab"],"picked":"SKIP","floor":42.0},{"not_picked":["Dodge and Roll+1","Deadly Poison+1"],"picked":"Bullet Time+1","floor":44.0},{"not_picked":["Sucker Punch+1","Outmaneuver+1","Dagger Throw"],"picked":"SKIP","floor":46.0},{"not_picked":["Blade Dance+1","Riddle With Holes+1"],"picked":"Catalyst+1","floor":48.0}],"player_experience":5841686,"relics_obtained":[{"floor":7.0,"key":"White Beast Statue"},{"floor":9.0,"key":"Sundial"},{"floor":12.0,"key":"Old Coin"},{"floor":26.0,"key":"Mercury Hourglass"},{"floor":28.0,"key":"Blood Vial"},{"floor":30.0,"key":"InkBottle"},{"floor":42.0,"key":"Nunchaku"},{"floor":43.0,"key":"Eternal Feather"}],"event_choices":[{"cards_removed":["Strike_G"],"damage_healed":0.0,"max_hp_gain":0.0,"max_hp_loss":0.0,"gold_gain":0.0,"event_name":"Bonfire Elementals","player_choice":"Offered Basic","floor":2.0,"gold_loss":0.0,"damage_taken":0.0},{"damage_healed":0.0,"max_hp_gain":0.0,"max_hp_loss":6.0,"gold_gain":0.0,"event_name":"Golden Idol","player_choice":"Lose Max HP","floor":4.0,"gold_loss":0.0,"damage_taken":0.0,"relics_obtained":["Golden Idol"]},{"damage_healed":20.0,"max_hp_gain":0.0,"max_hp_loss":0.0,"gold_gain":0.0,"event_name":"Big Fish","player_choice":"Banana","floor":10.0,"gold_loss":0.0,"damage_taken":0.0},{"damage_healed":0.0,"max_hp_gain":0.0,"max_hp_loss":0.0,"gold_gain":0.0,"event_name":"Knowing Skull","player_choice":"","floor":22.0,"potions_obtained":[],"gold_loss":0.0,"damage_taken":6.0,"cards_obtained":[]},{"damage_healed":0.0,"max_hp_gain":0.0,"max_hp_loss":0.0,"gold_gain":333.0,"event_name":"The Moai Head","player_choice":"Gave Idol","floor":38.0,"relics_lost":["Golden Idol"],"gold_loss":0.0,"damage_taken":0.0}],"is_beta":false,"boss_relics":[{"not_picked":["Busted Crown","Coffee Dripper"],"picked":"Empty Cage"},{"not_picked":["Snecko Eye","Black Star"],"picked":"Cursed Key"}],"items_purged_floors":[24,31,41,47],"is_endless":false,"potions_floor_spawned":[3,12,14,16,18,19,20,21,28,29,30,33,35,36,37,42,44,46,48],"killed_by":"Time Eater","ascension_level":20}}