{"host":"3uci9gpt6cwo3y1o","time":1612409307,"event":{"mods":["Aspiration","BaseMod","Energized Spire","Minty Spire (QoL Compilation)","MostiFishMod","Reliquary","RumiaBox-露米娅的神秘盒子","StSLib","TestMod"],"gold_per_floor":[114,128,128,428,503,531,531,566,566,566,596,442,452,479,479,556,556,567,967,986,986,1004,1035,1035,1035,1062,1072,811,841,841,342,342,424,424,448,468,493,523,548,588,150,192,239,271,271,301,91,128,128,138,153,153,153,114,150,157],"floor_reached":57,"language":"ZHS","playtime":2761,"items_purged":["Strike_G","Defend_G","Strike_G","Defend_G"],"score":3572,"play_id":"c7279c48-2240-4a6d-8882-39f67ed8c2b0","local_time":"20210204112827","is_ascension_mode":true,"campfire_choices":[{"floor":7.0,"key":"RECALL"},{"data":"Well Laid Plans","floor":10.0,"key":"SMITH"},{"data":"Night Terror","floor":15.0,"key":"SMITH"},{"data":"MostiFishMod:Dislodge","floor":24.0,"key":"SMITH"},{"data":"Terror","floor":30.0,"key":"SMITH"},{"data":"Neutralize","floor":32.0,"key":"SMITH"},{"data":"Malaise","floor":45.0,"key":"SMITH"},{"data":"Calculated Gamble","floor":49.0,"key":"SMITH"},{"data":"Adrenaline","floor":53.0,"key":"SMITH"}],"circlet_count":0,"master_deck":["AscendersBane","Strike_G","Defend_G","Defend_G","Defend_G","Survivor","Neutralize+1","Well Laid Plans+1","Riddle With Holes","After Image","Night Terror+1","MostiFishMod:Dislodge+1","Acrobatics","After Image","Terror+1","Blur","Adrenaline+1","Crippling Poison+1","Escape Plan","PiercingWail+1","After Image","Malaise+1","Backstab","Heel Hook","Calculated Gamble+1","Skewer"],"relics":["Ring of the Snake","DaveBox","RhineSuit","testmod-Register","SynthV:TestCard","aspiration:BabyByrd","aspiration:StickyExplosives","Bag of Preparation","Matryoshka","ImprovedEquipment","reliquary:HotPoker","reliquary:WritOfMandamus","MealTicket","Meat on the Bone","Pen Nib","Blood Vial","reliquary:PartyBalloon","testmod-Acrobat","reliquary:Boomerang","reliquary:PrincelyHelmet","SoulBox","Boot","GodSword6","Pantograph","aspiration:ChemicalBlood","Chemical X","GodSword7","testmod-TurbochargingSystem"],"acts_visited":["Exordium","TheCity","TheBeyond","TheEnding"],"potions_floor_usage":[56,56,56],"damage_taken":[{"damage":0.0,"enemies":"2 Louse","floor":1.0,"turns":2.0},{"damage":0.0,"enemies":"Small Slimes","floor":2.0,"turns":2.0},{"damage":13.0,"enemies":"Gremlin Nob","floor":6.0,"turns":4.0},{"damage":0.0,"enemies":"Lagavulin","floor":8.0,"turns":5.0},{"damage":5.0,"enemies":"Gremlin Nob","floor":11.0,"turns":3.0},{"damage":0.0,"enemies":"Jaw Worm","floor":13.0,"turns":2.0},{"damage":0.0,"enemies":"Lagavulin","floor":14.0,"turns":6.0},{"damage":0.0,"enemies":"The Guardian","floor":16.0,"turns":8.0},{"damage":0.0,"enemies":"Spheric Guardian","floor":18.0,"turns":1.0},{"damage":0.0,"enemies":"Shell Parasite","floor":20.0,"turns":4.0},{"damage":0.0,"enemies":"Centurion and Healer","floor":22.0,"turns":3.0},{"damage":1.0,"enemies":"Slavers","floor":23.0,"turns":5.0},{"damage":0.0,"enemies":"Snecko","floor":27.0,"turns":4.0},{"damage":0.0,"enemies":"Book of Stabbing","floor":29.0,"turns":3.0},{"damage":0.0,"enemies":"Collector","floor":33.0,"turns":3.0},{"damage":0.0,"enemies":"Orb Walker","floor":35.0,"turns":2.0},{"damage":0.0,"enemies":"3 Shapes","floor":36.0,"turns":5.0},{"damage":0.0,"enemies":"Jaw Worm Horde","floor":37.0,"turns":2.0},{"damage":0.0,"enemies":"Transient","floor":38.0,"turns":5.0},{"damage":0.0,"enemies":"Spire Growth","floor":39.0,"turns":3.0},{"damage":0.0,"enemies":"Giant Head","floor":40.0,"turns":5.0},{"damage":0.0,"enemies":"Reptomancer","floor":42.0,"turns":4.0},{"damage":0.0,"enemies":"Giant Head","floor":44.0,"turns":3.0},{"damage":0.0,"enemies":"4 Shapes","floor":46.0,"turns":3.0},{"damage":4.0,"enemies":"Reptomancer","floor":48.0,"turns":3.0},{"damage":0.0,"enemies":"Time Eater","floor":50.0,"turns":5.0},{"damage":0.0,"enemies":"Donu and Deca","floor":51.0,"turns":6.0},{"damage":20.0,"enemies":"Shield and Spear","floor":55.0,"turns":6.0},{"damage":0,"enemies":"The Heart","floor":56,"turns":5}],"seed_played":"2743672375161355385","potions_obtained":[{"floor":8.0,"key":"SkillPotion"},{"floor":14.0,"key":"Strength Potion"},{"floor":16.0,"key":"Poison Potion"},{"floor":18.0,"key":"SpeedPotion"},{"floor":20.0,"key":"SteroidPotion"},{"floor":27.0,"key":"Energy Potion"},{"floor":29.0,"key":"Energy Potion"},{"floor":39.0,"key":"Ancient Potion"},{"floor":55.0,"key":"EssenceOfSteel"}],"is_trial":false,"path_per_floor":["M","M","?","?","?","E","R","E","T","R","E","$","M","E","R","B",null,"M","?","M","T","M","E","R","?","T","M","$","E","R","$","R","B",null,"M","M","M","M","M","E","$","E","T","E","R","M","$","E","R","B","B",null,"R","$","E","B",null],"character_chosen":"THE_SILENT","items_purchased":["testmod-SpacePotion","testmod-Acrobat","Blur","reliquary:PrincelyHelmet","GodSword6","Chemical X","Heel Hook","Skewer"],"campfire_rested":0,"item_purchase_floors":[12,28,31,31,41,47,47,54],"current_hp_per_floor":[59,59,59,59,48,35,35,35,35,35,30,30,30,30,30,30,57,57,57,57,57,57,56,56,56,56,58,66,66,66,66,66,66,66,66,66,66,66,66,66,66,66,66,66,66,66,66,62,62,66,66,66,66,66,46,66],"gold":157,"neow_bonus":"REMOVE_CARD","is_daily":false,"chose_seed":false,"campfire_upgraded":8,"win_rate":0.0,"timestamp":1612409307,"path_taken":["M","M","?","?","?","E","R","E","T","R","E","$","M","E","R","BOSS","M","?","M","?","M","E","R","?","T","M","$","E","R","$","R","BOSS","M","M","M","?","M","E","$","E","T","E","R","M","$","E","R","BOSS","BOSS","R","$","E","BOSS"],"items_purchased_type":["Potion","Relic","Card","Relic","Relic","Relic","Card","Card"],"build_version":"2020-12-22","purchased_purges":4,"victory":true,"max_hp_per_floor":[66,66,66,66,66,66,66,66,66,66,66,66,66,66,66,66,66,66,66,66,66,66,66,66,66,66,66,66,66,66,66,66,66,66,66,66,66,66,66,66,66,66,66,66,66,66,66,66,66,66,66,66,66,66,66,66],"card_choices":[{"not_picked":["Poisoned Stab","Deflect","Noxious Fumes"],"picked":"SKIP","floor":1.0},{"not_picked":["Concentrate","Dodge and Roll","Bane","Footwork"],"picked":"Well Laid Plans","floor":2.0},{"not_picked":["Underhanded Strike","Escape Plan","Blur","Cloak And Dagger"],"picked":"Riddle With Holes","floor":6.0},{"not_picked":["Dagger Spray","Noxious Fumes","Blade Dance","Burst"],"picked":"After Image","floor":8.0},{"not_picked":["Caltrops","Concentrate","Dagger Spray","MostiFishMod:InvigoratingSolution"],"picked":"Night Terror","floor":11.0},{"not_picked":["Outmaneuver","MostiFishMod:PoisonShield","Masterful Stab","MostiFishMod:PerfectParry","Endless Agony"],"picked":"SKIP","floor":13.0},{"not_picked":["Endless Agony","Skewer","PiercingWail","Sucker Punch","Glass Knife"],"picked":"SKIP","floor":14.0},{"not_picked":["Malaise","MostiFishMod:Confrontation","Doppelganger","MostiFishMod:Opportunism"],"picked":"MostiFishMod:Dislodge","floor":16.0},{"not_picked":["Infinite Blades","Riddle With Holes","Quick Slash","Poisoned Stab","Flechettes"],"picked":"SKIP","floor":18.0},{"not_picked":["Deadly Poison+1","Bane","Underhanded Strike","Catalyst","MostiFishMod:ThornCasing"],"picked":"SKIP","floor":20.0},{"not_picked":["Accuracy","Expertise","Crippling Poison","Poisoned Stab+1"],"picked":"Acrobatics","floor":22.0},{"not_picked":["Setup","Backstab","Eviscerate","Acrobatics"],"picked":"After Image","floor":23.0},{"not_picked":["Poisoned Stab","Prepared","MostiFishMod:PerfectParry","Outmaneuver"],"picked":"Terror","floor":27.0},{"not_picked":["MostiFishMod:VineMother","Dagger Spray","MostiFishMod:InvigoratingSolution","Reflex","Dodge and Roll+1"],"picked":"SKIP","floor":29.0},{"not_picked":["MostiFishMod:Neurotoxin","MostiFishMod:Dislodge","MostiFishMod:ShivMaster","Storm of Steel"],"picked":"Adrenaline","floor":33.0},{"not_picked":["Leg Sweep","Blur+1","PiercingWail","Blade Dance"],"picked":"Crippling Poison+1","floor":35.0},{"not_picked":["Underhanded Strike","MostiFishMod:VineMother","Dash","MostiFishMod:PerfectParry","Prepared"],"picked":"SKIP","floor":36.0},{"not_picked":["MostiFishMod:PoisonShield","Noxious Fumes","PiercingWail","Outmaneuver+1"],"picked":"Escape Plan","floor":37.0},{"not_picked":["Flying Knee","Deflect+1","Poisoned Stab+1","MostiFishMod:VineMother","Sucker Punch"],"picked":"SKIP","floor":38.0},{"not_picked":["Masterful Stab","Deflect","MostiFishMod:GrandStart","Tactician+1"],"picked":"PiercingWail+1","floor":39.0},{"not_picked":["Quick Slash","Sucker Punch","Blur+1","Well Laid Plans"],"picked":"After Image","floor":40.0},{"not_picked":["PiercingWail+1","Storm of Steel","Reflex","Phantasmal Killer","Riddle With Holes+1"],"picked":"SKIP","floor":42.0},{"not_picked":["PiercingWail","Slice","Quick Slash","Blade Dance"],"picked":"Malaise","floor":44.0},{"not_picked":["Sucker Punch+1","Poisoned Stab","Dodge and Roll","All Out Attack"],"picked":"Backstab","floor":46.0},{"not_picked":["Slice","Acrobatics","Cloak And Dagger","MostiFishMod:PerfectParry+1"],"picked":"Calculated Gamble","floor":48.0},{"not_picked":["Bane+1","Dagger Spray","Dodge and Roll","PiercingWail","Endless Agony+1"],"picked":"SKIP","floor":55.0}],"player_experience":907285,"relics_obtained":[{"floor":1.0,"key":"SynthV:TestCard"},{"floor":6.0,"key":"aspiration:StickyExplosives"},{"floor":8.0,"key":"Bag of Preparation"},{"floor":9.0,"key":"Matryoshka"},{"floor":11.0,"key":"ImprovedEquipment"},{"floor":14.0,"key":"reliquary:HotPoker"},{"floor":21.0,"key":"MealTicket"},{"floor":21.0,"key":"Meat on the Bone"},{"floor":23.0,"key":"Pen Nib"},{"floor":26.0,"key":"Blood Vial"},{"floor":26.0,"key":"reliquary:PartyBalloon"},{"floor":29.0,"key":"reliquary:Boomerang"},{"floor":40.0,"key":"Boot"},{"floor":42.0,"key":"Pantograph"},{"floor":44.0,"key":"aspiration:ChemicalBlood"},{"floor":48.0,"key":"GodSword7"},{"floor":55.0,"key":"testmod-TurbochargingSystem"}],"event_choices":[{"damage_healed":0.0,"max_hp_gain":0.0,"max_hp_loss":0.0,"gold_gain":0.0,"event_name":"给自己的盒子","player_choice":"Swap Relic","floor":4.0,"relics_lost":["Old Coin"],"gold_loss":0.0,"damage_taken":0.0,"relics_obtained":["Old Coin"]},{"damage_healed":0.0,"max_hp_gain":0.0,"max_hp_loss":0.0,"gold_gain":75.0,"event_name":"World of Goop","player_choice":"Gather Gold","floor":5.0,"gold_loss":0.0,"damage_taken":11.0},{"damage_healed":0.0,"max_hp_gain":0.0,"max_hp_loss":0.0,"gold_gain":400.0,"event_name":"恩洛斯的盘子","player_choice":"Sell","floor":19.0,"relics_lost":["testmod-TestBox"],"gold_loss":0.0,"damage_taken":0.0},{"cards_removed":["Strike_G"],"damage_healed":0.0,"max_hp_gain":0.0,"max_hp_loss":0.0,"gold_gain":0.0,"event_name":"Purifier","player_choice":"Purged","floor":25.0,"gold_loss":0.0,"damage_taken":0.0}],"is_beta":false,"boss_relics":[{"not_picked":["testmod-Recursion","testmod-HarvestTotem"],"picked":"reliquary:WritOfMandamus"},{"not_picked":["testmod-TimeTraveler","aspiration:RandomNobGenerator"],"picked":"SoulBox"}],"items_purged_floors":[12,28,31,41],"is_endless":false,"potions_floor_spawned":[8,14,16,18,20,27,29,35,36,39,40,44,55],"ascension_level":20}}