{"host":"ju66gn9zov5ov15o","time":1612473098,"event":{"mods":["100% Spire Juice","2.2 Compatiblity","Act Like it!","Arknights","Aspiration","BaseMod","Conspire","Downfall","GifTheSpireLib","Hubris","Lobotomy","LobotomyExtend","Marisa????????","Minty Spire (QoL Compilation)","Pale of the Ancients","Rare Cards Sparkle","Relic Stats","StSLib","The Alterego","The Animator"],"gold_per_floor":[110,110,110,131,56,96,119,119,119,146,258,21,21,21,21,21,21],"floor_reached":16,"language":"ENG","playtime":526,"items_purged":["animator:Curse_GriefSeed","Injury"],"score":127,"play_id":"b8c283fc-a55d-45f1-8422-7d6ac429a369","local_time":"20210204221138","is_ascension_mode":true,"campfire_choices":[{"floor":8,"key":"REST"},{"data":"GalacticHalo","floor":13,"key":"SMITH"},{"data":"ShootingEcho","floor":15,"key":"SMITH"}],"circlet_count":0,"master_deck":["Strike_MRS","Strike_MRS","Strike_MRS","Strike_MRS","Defend_MRS","Defend_MRS","Defend_MRS","Defend_MRS","MasterSpark","UpSweep","StarlightTyphoon","NonDirectionalLaser","GalacticHalo+1","EarthLightRay","ShootingEcho+1"],"relics":["MiniHakkero","Bird Faced Urn","LetterFromLob","Golden Idol","hubris:Teleporter","MawBank","conspire:TreasureMap","Toy Ornithopter"],"acts_visited":["Exordium"],"potions_floor_usage":[16,16],"damage_taken":[{"damage":3,"enemies":"conspire:RoseBush","floor":1,"turns":5},{"damage":3,"enemies":"Jaw Worm","floor":4,"turns":4},{"damage":50,"enemies":"3 Sentries","floor":6,"turns":9},{"damage":5,"enemies":"2 Louse","floor":7,"turns":2},{"damage":26,"enemies":"Exordium Thugs","floor":10,"turns":5},{"damage":19,"enemies":"Hexaghost","floor":16,"turns":4}],"seed_played":"3959310698001380417","potions_obtained":[{"floor":7,"key":"AttackPotion"},{"floor":10,"key":"ColorlessPotion"}],"is_trial":false,"path_per_floor":["M","?","?","M","$","E","M","R","T","M","?","$","R","$","R","B"],"character_chosen":"MARISA","items_purchased":["conspire:TreasureMap","Toy Ornithopter"],"campfire_rested":1,"item_purchase_floors":[12,14],"current_hp_per_floor":[65,70,70,67,67,17,12,36,36,14,14,14,14,4,4,0,0],"gold":21,"neow_bonus":"ONE_RARE_RELIC","is_daily":false,"chose_seed":false,"campfire_upgraded":2,"win_rate":0.0,"timestamp":1612473098,"path_taken":["M","?","?","M","?","E","M","R","T","?","?","$","R","?","R","BOSS"],"items_purchased_type":["Relic","Relic"],"build_version":"2020-12-22","purchased_purges":2,"victory":false,"max_hp_per_floor":[75,80,80,80,80,80,80,80,80,80,80,80,80,80,80,80,80],"relic_stats":{"counters":[6,29],"Golden Idol":20,"Bird Faced Urn":[0],"MawBank":36,"obtain_stats":[{"conspire:TreasureMap":12,"hubris:Teleporter":6,"Golden Idol":3,"Bird Faced Urn":0,"LetterFromLob":1,"MiniHakkero":0,"MawBank":9,"Toy Ornithopter":14},{"conspire:TreasureMap":5,"hubris:Teleporter":3,"Golden Idol":1,"Bird Faced Urn":0,"LetterFromLob":1,"MiniHakkero":0,"MawBank":4,"Toy Ornithopter":5},{"conspire:TreasureMap":25,"hubris:Teleporter":18,"Golden Idol":5,"Bird Faced Urn":0,"LetterFromLob":5,"MiniHakkero":0,"MawBank":20,"Toy Ornithopter":25}],"Toy Ornithopter":10},"card_choices":[{"not_picked":["6A","MilkyWay"],"picked":"StarlightTyphoon","floor":1},{"not_picked":["MysteriousBeam","DragonMeteor"],"picked":"NonDirectionalLaser","floor":4},{"not_picked":["GrandCross","MagicAbsorber"],"picked":"GalacticHalo","floor":6},{"not_picked":["PropBag","MachineGunSpark"],"picked":"EarthLightRay","floor":7},{"not_picked":["Acceleration","EarthLightRay"],"picked":"ShootingEcho","floor":10}],"player_experience":466248,"relics_obtained":[{"floor":1,"key":"LetterFromLob"},{"floor":6,"key":"hubris:Teleporter"},{"floor":9,"key":"MawBank"}],"event_choices":[{"damage_healed":0,"gold_gain":0,"player_choice":"Donut","damage_taken":0,"max_hp_gain":5,"max_hp_loss":0,"event_name":"Big Fish","floor":2,"gold_loss":0},{"damage_healed":0,"gold_gain":0,"player_choice":"Take Wound","damage_taken":0,"relics_obtained":["Golden Idol"],"max_hp_gain":0,"max_hp_loss":0,"event_name":"Golden Idol","floor":3,"gold_loss":0,"cards_obtained":["Injury"]},{"damage_healed":0,"gold_gain":100,"player_choice":"Pray","damage_taken":0,"max_hp_gain":0,"max_hp_loss":0,"event_name":"Golden Shrine","floor":11,"gold_loss":0}],"is_beta":false,"boss_relics":[],"items_purged_floors":[5,12],"is_endless":false,"potions_floor_spawned":[7,10],"killed_by":"Hexaghost","ascension_level":6}}