{"host":"4so6zk3ni2nu7g2c","time":1612447642,"event":{"mods":["Act Like it!","BaseMod","Gensokyo","Hallownest","Marisa£®ÏF”Í°°ƒß¿Ì…≥£©","Minty Spire (QoL Compilation)","Prisma Mod","Quick Restart","Reimu£®≤©¿ˆ¡È√Œ£©","Remilia£®¿Ÿ√◊¿Ú—«£©","Replay The Spire","Shop Mod","StSLib","The Bug Knight"],"gold_per_floor":[418,436,436,80,80,80,80,80,115,115,115,115,115,125,142,158,158,261,261,275,291,99,112,112,37,37,69,69,69,69,69,96,116,116,211,211,225,71,133,133,133,163,163,188,188,188,204,235,253,273,273,273,273,273,50,82,82,82],"floor_reached":57,"language":"ZHS","playtime":3538,"items_purged":["Hallucinations","HollowMod:NewInfectedGuardian+1"],"score":801,"play_id":"43b175bd-331d-435e-964b-5c8ea313a1ea","local_time":"20210204220722","is_ascension_mode":false,"campfire_choices":[{"data":"HollowMod:PogoStrike","floor":8,"key":"SMITH"},{"data":"HollowMod:AwokenDreamNail","floor":10,"key":"SMITH"},{"data":"HollowMod:FocusHealStart","floor":12,"key":"SMITH"},{"data":"HollowMod:PureNailStrike","floor":17,"key":"SMITH"},{"data":"HollowMod:SlysStrikes","floor":26,"key":"SMITH"},{"data":"HollowMod:CycloneSlash","floor":29,"key":"SMITH"},{"data":"HollowMod:DoubleDash","floor":31,"key":"SMITH"},{"floor":34,"key":"REST"},{"data":"HollowMod:HornetsHelp","floor":43,"key":"SMITH"},{"floor":46,"key":"RECALL"},{"floor":51,"key":"REST"},{"data":"HollowMod:HuntersJournal","floor":54,"key":"SMITH"}],"circlet_count":0,"master_deck":["HollowMod:QuickDashStart","HollowMod:QuickDashStart","HollowMod:FocusHealStart+1","HollowMod:PogoStrike+1","HollowMod:ShapeofUnn+1","HollowMod:AwokenDreamNail+1","HollowMod:DoubleDash+1","HollowMod:PureNailStrike+1","HollowMod:SlysStrikes+1","HollowMod:SiblingsSouls+1","HollowMod:CycloneSlash+1","HollowMod:SoulSplash+1","HollowMod:HornetsHelp+1","HollowMod:SiblingsSouls+1","HollowMod:PerfectDash+1","HollowMod:DashSlash+1","HollowMod:CloakDash","HollowMod:GreatSlash+1","HollowMod:GreatSlash","HollowMod:HuntersJournal","HollowMod:HuntersJournal+1","HollowMod:GrimmsGift+1","HollowMod:DoubleDash+1","HollowMod:WraithStrike","HollowMod:SoulEater","HollowMod:SiblingsSouls+1"],"relics":["HollowMod:VesselMask","Old Coin","ReplayFunnel","Blue Doll","StrikeDummy","Meat on the Bone","HollowMod:LumaflyLanternRelic","Hallownest:DreamNailRelic","Replay:Bronze Core","Orichalcum","Oddly Smooth Stone","Omamori","Astrolabe","Replay:PocketPolymizer","Art of War","Bag of Preparation","Mummified Hand","ReplayTheSpireMod:Lightbulb","Medical Kit","HollowMod:StagPassRelic"],"acts_visited":["Hallownest:Greenpath","Hallownest:CityofTears","Hallownest:KingdomsEdge","TheEnding"],"potions_floor_usage":[18,39,39,39,44,52,57,57],"damage_taken":[{"damage":0,"enemies":"Hallownest:2_MossCreeps","floor":1,"turns":5},{"damage":6,"enemies":"2_ Uuma","floor":2,"turns":4},{"damage":4,"enemies":"Hallownest:eliteVengeflyKing","floor":9,"turns":5},{"damage":4,"enemies":"Hallownest:2_Tiktiks_and_1_Crawlid","floor":14,"turns":3},{"damage":3,"enemies":"Hallownest:monsterFoolEater","floor":15,"turns":3},{"damage":11,"enemies":"Hallownest:2_Tiktiks_1_Baldur_1_Crawlid","floor":16,"turns":4},{"damage":41,"enemies":"Hallownest:BossBrokenVessel","floor":18,"turns":8},{"damage":0,"enemies":"Hallownest:3_Youths","floor":20,"turns":7},{"damage":0,"enemies":"Hallownest:Flukemon_and_Top","floor":21,"turns":5},{"damage":5,"enemies":"Hallownest:Warrior_and_Youth","floor":23,"turns":4},{"damage":51,"enemies":"Hallownest:eliteWatcherKnight","floor":27,"turns":10},{"damage":40,"enemies":"Hallownest:eliteSoulWarrior","floor":32,"turns":7},{"damage":2,"enemies":"Hallownest:monsterShrumalOgre","floor":33,"turns":4},{"damage":54,"enemies":"Hallownest:BossSoulMaster","floor":35,"turns":11},{"damage":36,"enemies":"Hallownest:3_Siblings","floor":37,"turns":7},{"damage":39,"enemies":"Hallownest:2_Primals","floor":39,"turns":6},{"damage":19,"enemies":"Hallownest:eliteCollector","floor":42,"turns":8},{"damage":11,"enemies":"Hallownest:StalkingDevout","floor":44,"turns":7},{"damage":0,"enemies":"Hallownest:2_Littles","floor":47,"turns":3},{"damage":7,"enemies":"Hallownest:eliteHiveKnight","floor":48,"turns":7},{"damage":21,"enemies":"Hallownest:Shield_Sturdy","floor":49,"turns":8},{"damage":6,"enemies":"Hallownest:2_Wing_and_1_Kings","floor":50,"turns":4},{"damage":63,"enemies":"Hallownest:BossGreyPrinceZote","floor":52,"turns":10},{"damage":0,"enemies":"Shield and Spear","floor":56,"turns":5},{"damage":82,"enemies":"The Heart","floor":57,"turns":6}],"seed_played":"3401959021525942493","potions_obtained":[{"floor":9,"key":"Dexterity Potion"},{"floor":14,"key":"AttackPotion"},{"floor":18,"key":"Strength Potion"},{"floor":23,"key":"Death Potion"},{"floor":39,"key":"AttackPotion"},{"floor":47,"key":"SkillPotion"},{"floor":48,"key":"DistilledChaos"},{"floor":50,"key":"FearPotion"},{"floor":56,"key":"Ancient Potion"}],"is_trial":false,"path_per_floor":["M","M","?","$","PTL","PTL","?","R","E","R","T","R","?","M","M","M","R","B",null,"M","M","$","M","?","?","R","E","T","R","?","R","E","M","R","B",null,"M","$","?","?","$","E","R","E","T","R","M","E","M","M","R","B",null,"R","$","E","B"],"character_chosen":"THE_BUGKNIGHT","items_purchased":["StrikeDummy","HollowMod:ShapeofUnn+1","Orichalcum","HollowMod:CycloneSlash","HollowMod:CloakDash","Medical Kit","HollowMod:SoulEater"],"campfire_rested":2,"item_purchase_floors":[4,4,22,22,38,55,55],"current_hp_per_floor":[75,69,51,51,51,51,51,51,47,47,47,47,47,49,52,51,51,28,75,75,75,75,75,75,80,80,51,51,51,51,51,33,41,65,29,80,50,50,29,44,44,37,37,48,48,48,54,47,48,42,66,15,80,80,80,80,0,0],"gold":82,"neow_bonus":"ONE_RARE_RELIC","is_daily":false,"chose_seed":false,"campfire_upgraded":9,"win_rate":0.0,"timestamp":1612447642,"path_taken":["M","M","?","$","PTL","PTL","?","R","E","R","T","R","?","?","M","M","R","BOSS","M","?","$","M","?","?","R","E","T","R","?","R","E","M","R","BOSS","M","?","?","?","$","E","R","E","T","R","M","E","M","?","R","BOSS","R","$","E","BOSS"],"items_purchased_type":["Relic","Card","Relic","Card","Card","Relic","Card"],"build_version":"2020-12-22","purchased_purges":2,"victory":false,"max_hp_per_floor":[75,75,75,75,75,75,75,75,75,75,75,75,75,75,75,75,75,75,75,75,75,75,75,75,80,80,80,80,80,80,80,80,80,80,80,80,80,80,80,80,80,80,80,80,80,80,80,80,80,80,80,80,80,80,80,80,80,80],"card_choices":[{"not_picked":["HollowMod:LifebloodCocoon","HollowMod:SiblingsShadow","HollowMod:InfectedAttack"],"picked":"SKIP","floor":1},{"not_picked":["HollowMod:VengefulSpirit","HollowMod:InfectionAssault","HollowMod:BlackTendrils"],"picked":"SKIP","floor":2},{"not_picked":["HollowMod:GoodIntentions","HollowMod:SharpenedShadows"],"picked":"HollowMod:AwokenDreamNail","floor":9},{"not_picked":["HollowMod:VengefulVoid","HollowMod:SoulStrike","HollowMod:DoubleDash"],"picked":"SKIP","floor":14},{"not_picked":["HollowMod:FallenFury","HollowMod:WraithStrike"],"picked":"HollowMod:DoubleDash","floor":15},{"not_picked":["HollowMod:HuntersJournal","HollowMod:DoubleDash"],"picked":"HollowMod:PureNailStrike","floor":16},{"not_picked":["HollowMod:theNailsmith","HollowMod:Weaversong"],"picked":"HollowMod:SlysStrikes","floor":18},{"not_picked":["HollowMod:DescendingDark","HollowMod:WraithStrike","HollowMod:InfectedAttack+1"],"picked":"SKIP","floor":20},{"not_picked":["HollowMod:InfectionAssault","HollowMod:CoiledNail"],"picked":"HollowMod:SiblingsSouls+1","floor":21},{"not_picked":["HollowMod:DescendingDark","HollowMod:NewJinnsSoul","HollowMod:GoodIntentions"],"picked":"SKIP","floor":23},{"not_picked":["HollowMod:SoulStrike","HollowMod:SoulVessel","HollowMod:ZotesMagnificence"],"picked":"SKIP","floor":27},{"not_picked":["HollowMod:PureNailStrike","HollowMod:SoulVessel"],"picked":"HollowMod:SoulSplash+1","floor":32},{"not_picked":["HollowMod:ShadowDash+1","HollowMod:CloakDash","HollowMod:InfectedCysts+1"],"picked":"SKIP","floor":33},{"not_picked":["HollowMod:SoulMaster","HollowMod:NewInfectedGuardian"],"picked":"HollowMod:HornetsHelp","floor":35},{"not_picked":["HollowMod:RecoilStrike","HollowMod:TaintedHusks"],"picked":"HollowMod:DashSlash+1","floor":37},{"not_picked":["HollowMod:VengefulVoid+1","HollowMod:PerfectDash+1"],"picked":"HollowMod:GreatSlash+1","floor":42},{"not_picked":["HollowMod:CycloneSlash","HollowMod:SoulVessel+1"],"picked":"HollowMod:HuntersJournal","floor":44},{"not_picked":["HollowMod:WraithStrike+1","HollowMod:HeavyBlow","HollowMod:NewJinnsSoul"],"picked":"SKIP","floor":47},{"not_picked":["HollowMod:ShapeofUnn","HollowMod:PureNailStrike+1","HollowMod:HeavyBlow+1"],"picked":"SKIP","floor":48},{"not_picked":["HollowMod:DescendingDark","HollowMod:GoodIntentions"],"picked":"HollowMod:GrimmsGift+1","floor":49},{"not_picked":["HollowMod:CoiledNail","HollowMod:SoulShaman"],"picked":"HollowMod:DoubleDash+1","floor":50},{"not_picked":["HollowMod:ShapeofUnn","HollowMod:CycloneSlash"],"picked":"HollowMod:SiblingsSouls+1","floor":56}],"player_experience":406867,"relics_obtained":[{"floor":9,"key":"Meat on the Bone"},{"floor":11,"key":"HollowMod:LumaflyLanternRelic"},{"floor":27,"key":"Oddly Smooth Stone"},{"floor":32,"key":"Omamori"},{"floor":39,"key":"Replay:PocketPolymizer"},{"floor":42,"key":"Art of War"},{"floor":44,"key":"Bag of Preparation"},{"floor":45,"key":"Mummified Hand"},{"floor":48,"key":"ReplayTheSpireMod:Lightbulb"},{"floor":56,"key":"HollowMod:StagPassRelic"}],"event_choices":[],"is_beta":false,"boss_relics":[{"not_picked":["RedLine:ReiMu","Abe\u0027s Treasure"],"picked":"Replay:Bronze Core"},{"not_picked":["SacredBark","Kintsugi"],"picked":"Astrolabe"}],"items_purged_floors":[4,38],"is_endless":false,"potions_floor_spawned":[9,14,18,23,32,33,39,47,48,50,56],"killed_by":"The Heart","ascension_level":0}}