{"host":"7jl348xfsxr8glry","time":1612440517,"event":{"mods":["AchievementEnabler","BaseMod","Colored Map","Minty Spire (QoL Compilation)","Random Character Button","Unceasing Turn Reminder"],"gold_per_floor":[109,119,119,119,132,132,158,158,227,255,267,232,232,232,232,330,330,346,396,92,92,92,92,92,92,118,118,118],"floor_reached":27,"language":"ENG","playtime":641,"items_purged":[],"score":247,"play_id":"9dda63f0-fe3c-44dc-a2be-75cbe1a1006c","local_time":"20210204230837","is_ascension_mode":true,"campfire_choices":[{"data":"Bash","floor":6,"key":"SMITH"},{"floor":8,"key":"REST"},{"floor":13,"key":"REST"},{"data":"Armaments","floor":15,"key":"SMITH"},{"floor":23,"key":"REST"},{"data":"Whirlwind","floor":25,"key":"SMITH"}],"circlet_count":0,"master_deck":["Strike_R","Strike_R","Strike_R","Strike_R","Strike_R","Defend_R","Defend_R","Defend_R","Defend_R","Bash+1","Flex","Heavy Blade","Spot Weakness","Armaments+1","Thunderclap","Corruption","Iron Wave+1","Whirlwind+1","Flex","RitualDagger"],"relics":["Burning Blood","NeowsBlessing","Juzu Bracelet","The Courier","Toy Ornithopter","Darkstone Periapt","Incense Burner","MutagenicStrength","Blood Vial"],"acts_visited":["Exordium","TheCity"],"potions_floor_usage":[7],"damage_taken":[{"damage":0,"enemies":"Small Slimes","floor":1,"turns":1},{"damage":0,"enemies":"2 Louse","floor":2,"turns":1},{"damage":0,"enemies":"Cultist","floor":5,"turns":1},{"damage":20,"enemies":"Gremlin Nob","floor":7,"turns":4},{"damage":40,"enemies":"Lagavulin","floor":10,"turns":5},{"damage":7,"enemies":"Looter","floor":11,"turns":3},{"damage":46,"enemies":"Slime Boss","floor":16,"turns":9},{"damage":19,"enemies":"Chosen","floor":18,"turns":4},{"damage":82,"enemies":"Book of Stabbing","floor":27,"turns":4}],"seed_played":"-1953322330029681954","potions_obtained":[{"floor":1,"key":"Block Potion"},{"floor":7,"key":"Dexterity Potion"},{"floor":11,"key":"Strength Potion"},{"floor":16,"key":"SteroidPotion"}],"is_trial":false,"path_per_floor":["M","M","?","?","M","R","E","R","T","E","M","?","R","T","R","B",null,"M","?","$","?","$","R","?","R","T","E"],"character_chosen":"IRONCLAD","items_purchased":["Whirlwind","Flex","Incense Burner"],"campfire_rested":3,"item_purchase_floors":[20,20,20],"current_hp_per_floor":[80,80,80,80,80,80,66,80,80,46,45,65,80,80,80,40,80,67,67,67,61,61,80,80,80,80,0,0],"gold":118,"neow_bonus":"THREE_ENEMY_KILL","is_daily":false,"chose_seed":false,"campfire_upgraded":3,"win_rate":0.0,"timestamp":1612440517,"path_taken":["M","M","?","?","?","R","E","R","T","E","M","?","R","?","R","BOSS","M","?","$","?","$","R","?","R","T","E"],"items_purchased_type":["Card","Card","Relic"],"build_version":"2020-12-22","purchased_purges":0,"victory":false,"max_hp_per_floor":[80,80,80,80,80,80,80,80,80,80,80,80,80,80,80,80,80,80,80,80,80,80,80,80,80,80,80,80],"card_choices":[{"not_picked":["Fire Breathing","Twin Strike"],"picked":"Flex","floor":1},{"not_picked":["Bloodletting","Rupture","Reckless Charge"],"picked":"SKIP","floor":2},{"not_picked":["Reckless Charge","Wild Strike"],"picked":"Heavy Blade","floor":5},{"not_picked":["Barricade","Entrench"],"picked":"Spot Weakness","floor":7},{"not_picked":["Anger","Intimidate"],"picked":"Armaments","floor":10},{"not_picked":["Battle Trance","Armaments"],"picked":"Thunderclap","floor":11},{"not_picked":["Juggernaut","Impervious"],"picked":"Corruption","floor":16},{"not_picked":["Twin Strike","Warcry"],"picked":"Iron Wave+1","floor":18}],"player_experience":219575,"relics_obtained":[{"floor":7,"key":"Juzu Bracelet"},{"floor":9,"key":"The Courier"},{"floor":10,"key":"Toy Ornithopter"},{"floor":14,"key":"Darkstone Periapt"},{"floor":26,"key":"Blood Vial"}],"event_choices":[{"damage_healed":0,"gold_gain":0,"player_choice":"Ignored","damage_taken":0,"max_hp_gain":0,"max_hp_loss":0,"event_name":"Golden Wing","floor":3,"gold_loss":0},{"damage_healed":0,"gold_gain":0,"player_choice":"Bought 0 Potions","damage_taken":0,"max_hp_gain":0,"max_hp_loss":0,"event_name":"The Woman in Blue","floor":4,"gold_loss":0},{"damage_healed":20,"gold_gain":0,"player_choice":"Healed","damage_taken":0,"max_hp_gain":0,"max_hp_loss":0,"event_name":"The Cleric","floor":12,"gold_loss":35},{"damage_healed":0,"gold_gain":100,"player_choice":"Bet on Murderer","damage_taken":0,"max_hp_gain":0,"max_hp_loss":0,"event_name":"The Joust","floor":19,"gold_loss":50},{"damage_healed":0,"gold_gain":0,"player_choice":"Joined the Cult","damage_taken":6,"max_hp_gain":0,"max_hp_loss":0,"event_name":"Nest","floor":21,"gold_loss":0,"cards_obtained":["RitualDagger"]},{"damage_healed":0,"gold_gain":0,"player_choice":"Inject Mutagens","damage_taken":0,"relics_obtained":["MutagenicStrength"],"max_hp_gain":0,"max_hp_loss":0,"event_name":"Drug Dealer","floor":24,"gold_loss":0}],"is_beta":false,"boss_relics":[{"not_picked":["Velvet Choker","Ectoplasm","Runic Dome"]}],"items_purged_floors":[],"is_endless":false,"potions_floor_spawned":[1,7,11,16],"killed_by":"Book of Stabbing","ascension_level":3}}