{"host":"rtw1tnr74gozsrw1","time":1612409076,"event":{"mods":["BaseMod","Colored Map","Colored Powertips","Highlight Path","Minty Spire (QoL Compilation)","StSLib","The Jungle"],"gold_per_floor":[110,110,122,122,145,475,331,356,356,356,385,285,302,317,317,317,317],"floor_reached":16,"language":"ENG","playtime":374,"items_purged":["Strike_B","Defend_B"],"score":172,"play_id":"3011857c-953c-4146-a4c8-fade532dfc1c","local_time":"20210204042436","is_ascension_mode":true,"campfire_choices":[{"data":"Loop","floor":10,"key":"SMITH"},{"floor":15,"key":"REST"}],"circlet_count":0,"master_deck":["Strike_B","Strike_B","Defend_B","Defend_B","Defend_B","Zap","Dualcast","Cold Snap","Auto Shields","Loop+1","Chaos","Cold Snap"],"relics":["Cracked Core","NeowsBlessing","Ancient Tea Set","Old Coin","Bottled Tornado","Ice Cream","Sundial"],"acts_visited":["Exordium"],"potions_floor_usage":[],"damage_taken":[{"damage":0,"enemies":"2 Louse","floor":1,"turns":1},{"damage":0,"enemies":"Cultist","floor":3,"turns":1},{"damage":0,"enemies":"3 Sentries","floor":6,"turns":1},{"damage":16,"enemies":"Lagavulin","floor":8,"turns":8},{"damage":7,"enemies":"3 Sentries","floor":11,"turns":9},{"damage":2,"enemies":"Small Slimes","floor":13,"turns":4},{"damage":7,"enemies":"Exordium Wildlife","floor":14,"turns":4},{"damage":0,"enemies":"The Guardian","floor":16,"turns":2}],"seed_played":"7344126913050281609","potions_obtained":[{"floor":2,"key":"DuplicationPotion"},{"floor":2,"key":"Strength Potion"},{"floor":2,"key":"Swift Potion"}],"is_trial":false,"path_per_floor":["M","?","M","?","T","E","$","E","T","R","E","$","M","M","R","B"],"character_chosen":"DEFECT","items_purchased":["Loop"],"campfire_rested":1,"item_purchase_floors":[7],"current_hp_per_floor":[75,75,75,75,75,75,75,59,59,59,52,52,50,43,65,65,65],"gold":317,"neow_bonus":"THREE_ENEMY_KILL","is_daily":false,"chose_seed":false,"campfire_upgraded":1,"win_rate":0.0,"timestamp":1612409076,"path_taken":["M","?","?","?","?","E","$","E","T","R","E","$","M","?","R","BOSS"],"items_purchased_type":["Card"],"build_version":"2020-12-22","purchased_purges":2,"victory":false,"max_hp_per_floor":[75,75,75,75,75,75,75,75,75,75,75,75,75,75,75,75,75],"card_choices":[{"not_picked":["Stack","Aggregate"],"picked":"Cold Snap","floor":1},{"not_picked":["Reinforced Body","Lockon"],"picked":"Auto Shields","floor":3},{"not_picked":["Storm","Steam Power","Gash"],"picked":"SKIP","floor":6},{"not_picked":["Hologram","Blizzard","Skim"],"picked":"SKIP","floor":8},{"not_picked":["Fusion","Genetic Algorithm","Compile Driver"],"picked":"SKIP","floor":11},{"not_picked":["Coolheaded","Reinforced Body"],"picked":"Chaos","floor":13},{"not_picked":["Skim","Fusion"],"picked":"Cold Snap","floor":14}],"player_experience":105361,"relics_obtained":[{"floor":5,"key":"Ancient Tea Set"},{"floor":6,"key":"Old Coin"},{"floor":8,"key":"Bottled Tornado"},{"floor":9,"key":"Ice Cream"},{"floor":11,"key":"Sundial"}],"event_choices":[{"damage_healed":0,"gold_gain":0,"player_choice":"Got Potions","damage_taken":0,"max_hp_gain":0,"max_hp_loss":0,"event_name":"Lab","floor":2,"gold_loss":0},{"cards_removed":["Strike_B"],"damage_healed":0,"gold_gain":0,"player_choice":"Forget","damage_taken":0,"max_hp_gain":0,"max_hp_loss":0,"event_name":"Living Wall","floor":4,"gold_loss":0}],"is_beta":false,"boss_relics":[],"items_purged_floors":[7,12],"is_endless":false,"potions_floor_spawned":[3,6,13],"killed_by":"The Guardian","ascension_level":4}}