{"host":"xm0tf1maiknh0fp9","time":1612450396,"event":{"mods":["BaseMod","Colored Map","Colored Powertips","Googly Eyes","Minty Spire (QoL Compilation)","Replay The Spire","StSLib"],"gold_per_floor":[113,113,48,66,66,99,99,130,130,144,144,144,169,188,188,291,291,305,323,323,120,120,120,138,153,153,186,186,69,95,112,112,215,215,230,230,230,180,197,197,214,225,251,251,251,251,279,93,143,143,143],"floor_reached":50,"language":"ENG","playtime":1681,"items_purged":["Strike_P","Strike_P","Defend_P"],"score":1034,"play_id":"51b7c28c-b7cd-4636-b025-2078423c5297","local_time":"20210204095316","is_ascension_mode":true,"campfire_choices":[{"data":"Eruption","floor":7.0,"key":"SMITH"},{"floor":12.0,"key":"REST"},{"floor":15.0,"key":"REST"},{"data":"Scrawl","floor":23.0,"key":"SMITH"},{"data":"CrushJoints","floor":28.0,"key":"SMITH"},{"data":"Adaptation","floor":32.0,"key":"SMITH"},{"data":"FollowUp","floor":40.0,"key":"SMITH"}],"circlet_count":0,"master_deck":["Eruption+1","FollowUp+1","CrushJoints+1","FlurryOfBlows+1","Scrawl+1","FlurryOfBlows+1","Adaptation+1","FollowUp","FollowUp+1","Madness","Madness","Adaptation"],"relics":["PureWater","NeowsBlessing","Gambling Chip","Letter Opener","Smiling Mask","Mercury Hourglass","Potion Belt","Ornamental Fan","Runic Pyramid","HandDrill","Pear","Eternal Feather","PreservedInsect","Replay:Drink Me","Whetstone","Pondfish Scales","Membership Card"],"acts_visited":["Exordium","TheCity","TheBeyond"],"potions_floor_usage":[50,50,50,50,50],"damage_taken":[{"damage":0.0,"enemies":"Jaw Worm","floor":1.0,"turns":1.0},{"damage":0.0,"enemies":"Small Slimes","floor":4.0,"turns":1.0},{"damage":0.0,"enemies":"Gremlin Nob","floor":6.0,"turns":1.0},{"damage":34.0,"enemies":"Lagavulin","floor":8.0,"turns":6.0},{"damage":0.0,"enemies":"Cultist","floor":10.0,"turns":1.0},{"damage":0.0,"enemies":"Replay:BlueRogue","floor":13.0,"turns":4.0},{"damage":17.0,"enemies":"Exordium Thugs","floor":14.0,"turns":4.0},{"damage":36.0,"enemies":"The Guardian","floor":16.0,"turns":10.0},{"damage":0.0,"enemies":"3 Byrds","floor":18.0,"turns":3.0},{"damage":0.0,"enemies":"Spheric Guardian","floor":19.0,"turns":2.0},{"damage":0.0,"enemies":"Centurion and Healer","floor":24.0,"turns":2.0},{"damage":0.0,"enemies":"Cultist and Chosen","floor":25.0,"turns":2.0},{"damage":0.0,"enemies":"Gremlin Leader","floor":27.0,"turns":2.0},{"damage":24.0,"enemies":"Replay:Snechameleon","floor":30.0,"turns":2.0},{"damage":0.0,"enemies":"Snecko","floor":31.0,"turns":1.0},{"damage":9.0,"enemies":"Pondfish","floor":33.0,"turns":5.0},{"damage":0.0,"enemies":"3 Darklings","floor":35.0,"turns":2.0},{"damage":0.0,"enemies":"Orb Walker","floor":39.0,"turns":1.0},{"damage":12.0,"enemies":"Writhing Mass","floor":41.0,"turns":3.0},{"damage":0.0,"enemies":"Transient","floor":42.0,"turns":5.0},{"damage":0,"enemies":"R_Hoarder","floor":47,"turns":2},{"damage":52,"enemies":"Time Eater","floor":50,"turns":5}],"seed_played":"-5078698446692928654","potions_obtained":[{"floor":4.0,"key":"StancePotion"},{"floor":6.0,"key":"BottledMiracle"},{"floor":10.0,"key":"CultistPotion"},{"floor":13.0,"key":"ColorlessPotion"},{"floor":18.0,"key":"Dexterity Potion"},{"floor":22.0,"key":"Explosive Potion"},{"floor":22.0,"key":"Adrenaline Potion"},{"floor":22.0,"key":"DuplicationPotion"},{"floor":24.0,"key":"CultistPotion"},{"floor":25.0,"key":"Strength Potion"},{"floor":31.0,"key":"Venom Potion"},{"floor":35.0,"key":"SteroidPotion"},{"floor":39.0,"key":"Explosive Potion"},{"floor":41.0,"key":"AttackPotion"}],"is_trial":false,"path_per_floor":["M","?","?","M","T","E","R","E","T","M","?","R","E","M","R","B",null,"M","M","?","$","?","R","M","M","T","E","R","$","E","M","R","B",null,"M","?","?","$","M","R","M","M","T","?","?","?","E","$","R_BF","B"],"character_chosen":"WATCHER","items_purchased":["HandDrill","Adaptation","Membership Card","Adaptation"],"campfire_rested":2,"item_purchase_floors":[21,29,48,48],"current_hp_per_floor":[65,65,65,65,65,65,65,31,31,31,31,52,52,35,56,20,59,59,59,59,59,59,59,59,59,69,69,75,75,51,51,57,48,59,59,59,59,59,59,62,50,50,50,50,42,42,42,42,48,0,0],"gold":143,"neow_bonus":"THREE_ENEMY_KILL","is_daily":false,"chose_seed":false,"campfire_upgraded":5,"win_rate":0.0,"timestamp":1612450396,"path_taken":["M","?","?","?","?","E","R","E","T","M","?","R","E","M","R","BOSS","M","?","?","$","?","R","M","?","T","E","R","?","E","M","R","BOSS","M","?","?","$","M","R","M","M","T","?","?","?","E","$","R_BF","BOSS"],"items_purchased_type":["Relic","Card","Relic","Card"],"build_version":"2020-12-22","purchased_purges":3,"victory":false,"max_hp_per_floor":[72,72,72,72,72,72,72,72,72,72,72,72,72,72,72,72,72,72,72,72,72,72,72,72,72,82,82,82,82,82,82,82,82,62,62,62,62,62,62,62,62,62,62,62,62,62,62,62,62,62,62],"card_choices":[{"not_picked":["Replay:ManipulateFuture","Crescendo"],"picked":"FollowUp","floor":1.0},{"not_picked":["Replay:ManipulateFuture","EmptyBody"],"picked":"CrushJoints","floor":4.0},{"not_picked":["Swivel","SpiritShield","FlyingSleeves"],"picked":"SKIP","floor":6.0},{"not_picked":["FearNoEvil","DeusExMachina"],"picked":"FlurryOfBlows","floor":8.0},{"not_picked":["CrushJoints","Replay:ManipulateFuture","Collect"],"picked":"SKIP","floor":10.0},{"not_picked":["Evaluate","Swivel","ClearTheMind"],"picked":"SKIP","floor":13.0},{"not_picked":["Crescendo","JustLucky","Consecrate"],"picked":"SKIP","floor":14.0},{"not_picked":["MasterReality","DeusExMachina"],"picked":"Scrawl","floor":16.0},{"not_picked":["Replay:AtTheReady","EmptyBody"],"picked":"FlurryOfBlows","floor":18.0},{"not_picked":["Perseverance+1","Swivel","Replay:Anticipation"],"picked":"SKIP","floor":19.0},{"not_picked":["SignatureMove+1","ClearTheMind","Study"],"picked":"SKIP","floor":24.0},{"not_picked":["EmptyFist+1","Replay:Hum","DeceiveReality"],"picked":"SKIP","floor":25.0},{"not_picked":["Halt","ThirdEye","Replay:AtTheReady"],"picked":"SKIP","floor":27.0},{"not_picked":["Replay:Anticipation","Blasphemy","CrushJoints+1"],"picked":"SKIP","floor":30.0},{"not_picked":["Conclude","CarveReality","Replay:AtTheReady"],"picked":"SKIP","floor":31.0},{"not_picked":["Replay:Hum","CutThroughFate","Pray+1"],"picked":"SKIP","floor":35.0},{"not_picked":["CutThroughFate","Replay:AtTheReady+1","PathToVictory"],"picked":"SKIP","floor":39.0},{"not_picked":["Halt+1","Prostrate+1"],"picked":"FollowUp","floor":41.0},{"not_picked":["FlyingSleeves","CrushJoints+1"],"picked":"FollowUp+1","floor":42.0},{"not_picked":["Consecrate","DevaForm","CutThroughFate"],"picked":"SKIP","floor":47}],"player_experience":173536,"relics_obtained":[{"floor":5.0,"key":"Letter Opener"},{"floor":6.0,"key":"Smiling Mask"},{"floor":8.0,"key":"Mercury Hourglass"},{"floor":9.0,"key":"Potion Belt"},{"floor":13.0,"key":"Ornamental Fan"},{"floor":26.0,"key":"Pear"},{"floor":27.0,"key":"Eternal Feather"},{"floor":30.0,"key":"PreservedInsect"},{"floor":43.0,"key":"Whetstone"},{"floor":47,"key":"Pondfish Scales"}],"event_choices":[{"cards_removed":["Strike_P"],"damage_healed":0.0,"max_hp_gain":0.0,"max_hp_loss":0.0,"gold_gain":0.0,"event_name":"Living Wall","player_choice":"Forget","floor":2.0,"gold_loss":0.0,"damage_taken":0.0},{"damage_healed":0.0,"max_hp_gain":0.0,"max_hp_loss":0.0,"gold_gain":0.0,"event_name":"WeMeetAgain","player_choice":"Paid Gold","floor":3.0,"gold_loss":65.0,"damage_taken":0.0,"relics_obtained":["Gambling Chip"]},{"cards_removed":["Strike_P"],"damage_healed":0.0,"max_hp_gain":0.0,"max_hp_loss":0.0,"gold_gain":0.0,"event_name":"Bonfire Elementals","player_choice":"Offered Basic","floor":11.0,"gold_loss":0.0,"damage_taken":0.0},{"damage_healed":0.0,"max_hp_gain":0.0,"max_hp_loss":0.0,"gold_gain":0.0,"event_name":"Lab","player_choice":"Got Potions","floor":22.0,"gold_loss":0.0,"damage_taken":0.0},{"damage_healed":0.0,"max_hp_gain":0.0,"max_hp_loss":0.0,"gold_gain":0.0,"event_name":"Mysterious Sphere","player_choice":"Ignored","floor":37.0,"gold_loss":0.0,"damage_taken":0.0},{"cards_removed":["Vigilance"],"damage_healed":0.0,"max_hp_gain":0.0,"max_hp_loss":0.0,"gold_gain":0.0,"event_name":"Falling","player_choice":"Removed Skill","floor":44.0,"gold_loss":0.0,"damage_taken":0.0},{"damage_healed":0.0,"max_hp_gain":0.0,"max_hp_loss":0.0,"gold_gain":0.0,"event_name":"Winding Halls","player_choice":"Embrace Madness","floor":45.0,"gold_loss":0.0,"damage_taken":8.0,"cards_obtained":["Madness","Madness"]},{"damage_healed":0,"gold_gain":0,"player_choice":"Memory 1","damage_taken":0,"max_hp_gain":0,"max_hp_loss":0,"event_name":"SensoryStone","floor":46,"gold_loss":0}],"is_beta":false,"boss_relics":[{"not_picked":["Replay:Grab Bag","Replay:Ancient Bell"],"picked":"Runic Pyramid"},{"not_picked":["Replay:Bronze Core","Astrolabe"],"picked":"Replay:Drink Me"}],"items_purged_floors":[21,29,38],"is_endless":false,"potions_floor_spawned":[4,6,10,13,18,24,25,31,35,39,41],"killed_by":"Time Eater","ascension_level":6}}