{"host":"knspyp6dy614fx6e","time":1612405090,"event":{"mods":["ATMod(°¢èªMod)","Aspiration","BaseMod","Better Altar","Better Skull","Better Third Choice","Card Filter","DeckTracker","Dota2Spire","Energized Spire","Jedi Mod","Minty Spire (QoL Compilation)","Quick Restart","Relic Filter Mod","Relic Stats","Reliquary","Shop Mod","Spicy Shops","StSLib","TestMod","Waifu the Spire"],"gold_per_floor":[113,56,456,456,606,641,641,657,657,657,657,676,163,173,173,173,173],"floor_reached":16,"language":"ZHS","playtime":1284,"items_purged":["Doubt","Doubt"],"score":196,"play_id":"80407638-8a88-4d34-80b6-56984e9462c9","local_time":"20210204101810","is_ascension_mode":true,"campfire_choices":[{"data":"Bash","floor":7.0,"key":"SMITH"},{"data":"Body Slam","floor":10.0,"key":"SMITH"},{"data":"Uppercut","floor":15.0,"key":"SMITH"}],"circlet_count":0,"master_deck":["AscendersBane","Strike_R","Strike_R","Strike_R","Strike_R","Strike_R","Defend_R","Defend_R","Defend_R","Defend_R","Bash+1","Power Through","Dropkick","Body Slam+1","Injury","Evolve","Fire Breathing","Secret Technique+1","Uppercut+1"],"relics":["Burning Blood","AT_ATBox","testmod-TestBox","testmod-InjuryResistance","Dota2Spire:OctarineCore","Toxic Egg 2","AT_EbonyIvory"],"acts_visited":["Exordium"],"potions_floor_usage":[],"damage_taken":[{"damage":0.0,"enemies":"Small Slimes","floor":1.0,"turns":1.0},{"damage":45.0,"enemies":"Gremlin Nob","floor":6.0,"turns":5.0},{"damage":2.0,"enemies":"2 Louse","floor":8.0,"turns":3.0},{"damage":21.0,"enemies":"Jaw Worm","floor":12.0,"turns":4.0},{"damage":4.0,"enemies":"Gremlin Gang","floor":14.0,"turns":5.0},{"damage":0,"enemies":"Slime Boss","floor":16,"turns":3}],"seed_played":"8655603326448718935","potions_obtained":[{"floor":6.0,"key":"ElixirPotion"},{"floor":8.0,"key":"Energy Potion"},{"floor":14.0,"key":"EssenceOfSteel"}],"is_trial":false,"path_per_floor":["M","$","?","?","?","E","R","M","T","R","?","M","$","M","R","B"],"character_chosen":"IRONCLAD","items_purchased":["Dropkick","AT_EbonyIvory","Fire Breathing","Secret Technique+1"],"campfire_rested":0,"item_purchase_floors":[2,13,13,13],"current_hp_per_floor":[74,74,74,79,79,40,40,44,44,44,44,29,29,31,31,31,31],"gold":173,"neow_bonus":"THREE_ENEMY_KILL","is_daily":false,"chose_seed":false,"campfire_upgraded":3,"win_rate":0.0,"timestamp":1612405090,"path_taken":["M","$","?","?","?","E","R","M","T","R","?","M","$","M","R","BOSS"],"items_purchased_type":["Card","Relic","Card","Card"],"build_version":"2020-12-22","purchased_purges":2,"victory":false,"max_hp_per_floor":[75,75,75,80,80,80,80,80,80,80,80,80,80,80,80,80,80],"relic_stats":{"counters":[6,21],"obtain_stats":[{"AT_ATBox":0,"testmod-TestBox":0,"testmod-InjuryResistance":6,"NeowsBlessing":0,"AT_EbonyIvory":13,"Dota2Spire:OctarineCore":9,"Toxic Egg 2":11,"Burning Blood":0},{"AT_ATBox":0,"testmod-TestBox":0,"testmod-InjuryResistance":2,"NeowsBlessing":0,"AT_EbonyIvory":4,"Dota2Spire:OctarineCore":3,"Toxic Egg 2":3,"Burning Blood":0},{"AT_ATBox":0,"testmod-TestBox":0,"testmod-InjuryResistance":6,"NeowsBlessing":0,"AT_EbonyIvory":13,"Dota2Spire:OctarineCore":9,"Toxic Egg 2":9,"Burning Blood":0}],"Burning Blood":30},"card_choices":[{"not_picked":["Armaments","Shrug It Off"],"picked":"Power Through","floor":1.0},{"not_picked":["Corruption","Warcry","Cleave"],"picked":"SKIP","floor":6.0},{"not_picked":["Headbutt","Sentinel"],"picked":"Body Slam","floor":8.0},{"not_picked":["Clothesline","Iron Wave"],"picked":"Evolve","floor":12.0},{"not_picked":["Twin Strike","Headbutt"],"picked":"Uppercut","floor":14.0}],"player_experience":321422,"relics_obtained":[{"floor":6.0,"key":"testmod-InjuryResistance"},{"floor":9.0,"key":"Dota2Spire:OctarineCore"}],"event_choices":[{"damage_healed":0.0,"max_hp_gain":0.0,"max_hp_loss":0.0,"gold_gain":400.0,"event_name":"¶÷ÂåË¹µÄÅÌ×Ó","player_choice":"Sell","floor":3.0,"relics_lost":["NeowsBlessing"],"gold_loss":0.0,"damage_taken":0.0},{"damage_healed":0.0,"max_hp_gain":5.0,"max_hp_loss":0.0,"gold_gain":0.0,"event_name":"Big Fish","player_choice":"Donut","floor":4.0,"gold_loss":0.0,"damage_taken":0.0},{"damage_healed":0.0,"max_hp_gain":0.0,"max_hp_loss":0.0,"gold_gain":150.0,"event_name":"Liars Game","player_choice":"AGREE","floor":5.0,"gold_loss":0.0,"damage_taken":0.0,"cards_obtained":["Doubt"]}],"is_beta":false,"boss_relics":[],"items_purged_floors":[13,13],"is_endless":false,"potions_floor_spawned":[6,8,14],"killed_by":"Slime Boss","ascension_level":20}}