{"host":"344lv32hnei0mdhu","time":1612463460,"event":{"mods":["Act Like it!","BaseMod","Better Match","Better Sensory Stone","Better Skull","Better Third Choice","Better Vampires","Colored Powertips","Highlight Path","Minty Spire (QoL Compilation)","Quick Restart","Random Character Button","Rare Cards Sparkle","StSLib"],"gold_per_floor":[113,113,113,113,129,129,144,184,184,223,6,6,41,56,56,180,180,204,204,204,224,240,240,339,254,308,331,196,196,159,173,173,299,299,318,338,338,338],"floor_reached":37,"language":"ENG","playtime":1067,"items_purged":["Strike_G","Strike_G"],"score":625,"play_id":"dab931f3-65c2-4154-887c-d7515562fd05","local_time":"20210204123100","is_ascension_mode":true,"campfire_choices":[{"floor":6.0,"key":"REST"},{"floor":12.0,"key":"REST"},{"floor":15.0,"key":"REST"},{"floor":23.0,"key":"REST"},{"floor":29.0,"key":"REST"},{"floor":32.0,"key":"RECALL"}],"circlet_count":0,"master_deck":["AscendersBane","Strike_G","Defend_G","Defend_G","Survivor","Neutralize","Blade Dance","Accuracy","Noxious Fumes","Backstab","Burst","Accuracy","Bullet Time","Skewer","Malaise","Predator+1","Bullet Time+1","Doppelganger+1","Blade Dance","Accuracy","Cloak And Dagger","Accuracy","Backstab+1","Envenom","Choke+1"],"relics":["Ring of the Snake","NeowsBlessing","Golden Idol","Mercury Hourglass","Tingsha","Ninja Scroll","Nunchaku","Potion Belt","Astrolabe","Dream Catcher","Empty Cage"],"acts_visited":["Exordium","TheCity","TheBeyond"],"potions_floor_usage":[37],"damage_taken":[{"damage":0.0,"enemies":"Small Slimes","floor":1.0,"turns":1.0},{"damage":0.0,"enemies":"2 Louse","floor":5.0,"turns":1.0},{"damage":0.0,"enemies":"Jaw Worm","floor":7.0,"turns":1.0},{"damage":21.0,"enemies":"Gremlin Nob","floor":8.0,"turns":4.0},{"damage":6.0,"enemies":"3 Sentries","floor":10.0,"turns":5.0},{"damage":19.0,"enemies":"Gremlin Nob","floor":13.0,"turns":4.0},{"damage":0.0,"enemies":"Exordium Thugs","floor":14.0,"turns":2.0},{"damage":38.0,"enemies":"Slime Boss","floor":16.0,"turns":7.0},{"damage":11.0,"enemies":"Spheric Guardian","floor":18.0,"turns":3.0},{"damage":1.0,"enemies":"3 Byrds","floor":21.0,"turns":4.0},{"damage":27.0,"enemies":"Snake Plant","floor":22.0,"turns":3.0},{"damage":20.0,"enemies":"Shelled Parasite and Fungi","floor":27.0,"turns":4.0},{"damage":0.0,"enemies":"Snecko","floor":31.0,"turns":2.0},{"damage":54.0,"enemies":"Automaton","floor":33.0,"turns":7.0},{"damage":19.0,"enemies":"Orb Walker","floor":35.0,"turns":3.0},{"damage":18.0,"enemies":"3 Darklings","floor":36.0,"turns":6.0},{"damage":44,"enemies":"Maw","floor":37,"turns":4}],"seed_played":"8211080966595800318","potions_obtained":[{"floor":1.0,"key":"Ancient Potion"},{"floor":7.0,"key":"EssenceOfSteel"},{"floor":16.0,"key":"Dexterity Potion"},{"floor":18.0,"key":"Block Potion"},{"floor":21.0,"key":"CunningPotion"},{"floor":31.0,"key":"SteroidPotion"},{"floor":36.0,"key":"Swift Potion"}],"is_trial":false,"path_per_floor":["M","?","?","?","M","R","M","E","T","E","$","R","E","M","R","B",null,"M","?","?","M","M","R","?","?","T","M","$","R","$","M","R","B",null,"M","M","M"],"character_chosen":"THE_SILENT","items_purchased":["Accuracy","Bullet Time","Accuracy","Accuracy"],"campfire_rested":5,"item_purchase_floors":[11,11,28,30],"current_hp_per_floor":[63,46,51,39,39,61,61,40,40,34,34,56,37,37,59,21,62,51,51,75,74,47,69,69,69,69,49,49,71,71,71,71,17,61,42,24,0,0],"gold":338,"neow_bonus":"THREE_ENEMY_KILL","is_daily":false,"chose_seed":false,"campfire_upgraded":0,"win_rate":0.0,"timestamp":1612463460,"path_taken":["M","?","?","?","?","R","?","E","T","E","$","R","E","M","R","BOSS","M","?","?","M","?","R","?","?","T","?","$","R","?","M","R","BOSS","M","M","M"],"items_purchased_type":["Card","Card","Card","Card"],"build_version":"2020-12-22","purchased_purges":2,"victory":false,"max_hp_per_floor":[70,70,75,75,75,75,75,75,75,75,75,75,75,75,75,75,75,75,75,75,75,75,75,75,75,75,75,75,75,75,75,75,75,75,75,75,75,75],"card_choices":[{"not_picked":["Prepared","Escape Plan"],"picked":"Blade Dance","floor":1.0},{"not_picked":["Caltrops","Skewer"],"picked":"Accuracy","floor":5.0},{"not_picked":["Acrobatics","All Out Attack"],"picked":"Noxious Fumes","floor":7.0},{"not_picked":["Tools of the Trade","Flying Knee"],"picked":"Backstab","floor":8.0},{"not_picked":["Poisoned Stab","Deflect"],"picked":"Burst","floor":10.0},{"not_picked":["Outmaneuver","Heel Hook"],"picked":"Skewer","floor":13.0},{"not_picked":["Slice","Skewer","Bouncing Flask"],"picked":"SKIP","floor":14.0},{"not_picked":["Burst","Venomology"],"picked":"Malaise","floor":16.0},{"not_picked":["Well Laid Plans+1","Dagger Spray+1","Dodge and Roll"],"picked":"SKIP","floor":18.0},{"not_picked":["Heel Hook+1","Outmaneuver"],"picked":"Blade Dance","floor":21.0},{"not_picked":["Flechettes+1","Bouncing Flask","Deadly Poison"],"picked":"SKIP","floor":22.0},{"not_picked":["Bane+1","Calculated Gamble","Outmaneuver"],"picked":"SKIP","floor":27.0},{"not_picked":["Predator","Outmaneuver"],"picked":"Cloak And Dagger","floor":29.0},{"not_picked":["Blade Dance","Heel Hook+1"],"picked":"Backstab+1","floor":31.0},{"not_picked":["Die Die Die","Wraith Form v2"],"picked":"Envenom","floor":33.0},{"not_picked":["Deadly Poison","Quick Slash+1"],"picked":"Choke+1","floor":35.0},{"not_picked":["Flying Knee","All Out Attack+1","Well Laid Plans"],"picked":"SKIP","floor":36.0}],"player_experience":401806,"relics_obtained":[{"floor":8.0,"key":"Tingsha"},{"floor":9.0,"key":"Ninja Scroll"},{"floor":10.0,"key":"Nunchaku"},{"floor":13.0,"key":"Potion Belt"}],"event_choices":[{"damage_healed":0.0,"max_hp_gain":0.0,"max_hp_loss":0.0,"gold_gain":0.0,"event_name":"Golden Idol","player_choice":"Take Damage","floor":2.0,"gold_loss":0.0,"damage_taken":17.0,"relics_obtained":["Golden Idol"]},{"damage_healed":0.0,"max_hp_gain":5.0,"max_hp_loss":0.0,"gold_gain":0.0,"event_name":"Big Fish","player_choice":"Donut","floor":3.0,"gold_loss":0.0,"damage_taken":0.0},{"damage_healed":0.0,"max_hp_gain":0.0,"max_hp_loss":0.0,"gold_gain":0.0,"event_name":"betterThird:BetterScrap","player_choice":"Relic ","floor":4.0,"gold_loss":0.0,"damage_taken":12.0,"cards_obtained":["Machine Learning"]},{"damage_healed":0.0,"max_hp_gain":0.0,"max_hp_loss":0.0,"gold_gain":0.0,"event_name":"Beggar","player_choice":"Ignored","floor":19.0,"gold_loss":0.0,"damage_taken":0.0},{"damage_healed":24.0,"max_hp_gain":0.0,"max_hp_loss":0.0,"gold_gain":0.0,"event_name":"Wheel of Change","player_choice":"Full Heal","floor":20.0,"gold_loss":0.0,"damage_taken":0.0},{"damage_healed":0.0,"max_hp_gain":0.0,"max_hp_loss":0.0,"gold_gain":99.0,"event_name":"betterThird:BetterNest","player_choice":"Steal","floor":24.0,"gold_loss":0.0,"damage_taken":0.0},{"damage_healed":0.0,"max_hp_gain":0.0,"max_hp_loss":0.0,"gold_gain":0.0,"event_name":"Addict","player_choice":"Obtained Relic","floor":25.0,"gold_loss":85.0,"damage_taken":0.0,"relics_obtained":["Dream Catcher"]}],"is_beta":false,"boss_relics":[{"not_picked":["Snecko Eye","Cursed Key"],"picked":"Astrolabe"},{"not_picked":["Pandora\u0027s Box","Ring of the Serpent"],"picked":"Empty Cage"}],"items_purged_floors":[11,28],"is_endless":false,"potions_floor_spawned":[1,7,16,18,21,31,36],"killed_by":"Maw","ascension_level":11}}