{"host":"soyfmymeou4emntr","time":1612416788,"event":{"mods":["BaseMod","BetterRewards","Minty Spire (QoL Compilation)","Relic Sorter","Relic Stats","StSLib"],"gold_per_floor":[118,118,132,147,95,95,113,148,148,148,298,13,42,42,42,113,113,131,141,141,66,83,114,114,114,114,114,141,157,169,129,129,206,206,219,230,52,64,83,83,109,109,109,109,109],"floor_reached":44,"language":"ENG","playtime":5320,"items_purged":["Doubt"],"score":972,"play_id":"474ab0cf-b6fb-48c3-88f1-7e16477c4fd8","local_time":"20210203223308","is_ascension_mode":true,"campfire_choices":[{"data":"Bash","floor":6.0,"key":"SMITH"},{"floor":10.0,"key":"REST"},{"floor":15.0,"key":"REST"},{"floor":24.0,"key":"REST"},{"floor":27.0,"key":"REST"},{"floor":32.0,"key":"REST"},{"floor":40,"key":"RECALL"}],"circlet_count":0,"master_deck":["AscendersBane","Strike_R+1","Strike_R+1","Strike_R+1","Strike_R+1","Defend_R+1","Defend_R+1","Defend_R+1","Defend_R+1","Bash+1","Battle Trance","Metallicize","Wild Strike","Shrug It Off","Rage","Bludgeon+1","Offering","Reaper","Evolve+1","Cleave","Fire Breathing","Corruption","Burning Pact","Shockwave","Shrug It Off+1","Ghostly Armor","Feed","Reckless Charge+1","Reaper","Flame Barrier","Uppercut+1","Exhume","Shame"],"relics":["Cursed Key","Ancient Tea Set","Shuriken","Art of War","Runic Pyramid","Self Forming Clay","Enchiridion","Akabeko","Black Star","Potion Belt","Toy Ornithopter"],"acts_visited":["Exordium","TheCity","TheBeyond"],"potions_floor_usage":[33,38,44],"damage_taken":[{"damage":6.0,"enemies":"2 Louse","floor":1.0,"turns":3.0},{"damage":2.0,"enemies":"Small Slimes","floor":3.0,"turns":3.0},{"damage":2.0,"enemies":"Jaw Worm","floor":4.0,"turns":5.0},{"damage":11.0,"enemies":"Large Slime","floor":7.0,"turns":7.0},{"damage":16.0,"enemies":"Lagavulin","floor":8.0,"turns":9.0},{"damage":21.0,"enemies":"3 Sentries","floor":13.0,"turns":6.0},{"damage":13.0,"enemies":"Hexaghost","floor":16.0,"turns":7.0},{"damage":10.0,"enemies":"Spheric Guardian","floor":18.0,"turns":4.0},{"damage":32.0,"enemies":"2 Thieves","floor":19.0,"turns":5.0},{"damage":13.0,"enemies":"Centurion and Healer","floor":22.0,"turns":5.0},{"damage":35.0,"enemies":"Gremlin Leader","floor":23.0,"turns":8.0},{"damage":13.0,"enemies":"Book of Stabbing","floor":28.0,"turns":3.0},{"damage":16.0,"enemies":"Shelled Parasite and Fungi","floor":29.0,"turns":4.0},{"damage":1.0,"enemies":"Chosen and Byrds","floor":30.0,"turns":4.0},{"damage":25,"enemies":"Automaton","floor":33,"turns":8},{"damage":10,"enemies":"3 Darklings","floor":35,"turns":5},{"damage":6,"enemies":"3 Shapes","floor":36,"turns":6},{"damage":24,"enemies":"Spire Growth","floor":38,"turns":5},{"damage":17,"enemies":"3 Darklings","floor":39,"turns":8},{"damage":82,"enemies":"Giant Head","floor":41,"turns":8},{"damage":32,"enemies":"Jaw Worm Horde","floor":44,"turns":2}],"seed_played":"7208136851161988714","potions_obtained":[{"floor":1.0,"key":"SkillPotion"},{"floor":7.0,"key":"DuplicationPotion"},{"floor":8.0,"key":"PowerPotion"},{"floor":19.0,"key":"EssenceOfSteel"},{"floor":23.0,"key":"ElixirPotion"},{"floor":28.0,"key":"Strength Potion"},{"floor":33,"key":"SmokeBomb"},{"floor":36,"key":"Block Potion"}],"is_trial":false,"path_per_floor":["M","?","M","M","$","R","M","E","T","R","?","$","E","?","R","B",null,"M","M","?","$","M","E","R","?","T","R","E","M","M","$","R","B",null,"M","M","$","M","M","R","E","?","T","M"],"character_chosen":"IRONCLAD","items_purchased":["Shrug It Off","Shuriken","Ghostly Armor","Reaper"],"campfire_rested":5,"item_purchase_floors":[5,12,31,37],"current_hp_per_floor":[62,55,53,51,51,51,40,24,24,46,46,46,25,25,47,34,65,60,38,38,38,31,12,34,13,13,35,31,29,34,34,56,57,71,77,81,81,76,87,87,17,17,17,0,0],"gold":109,"neow_bonus":"BOSS_RELIC","is_daily":false,"chose_seed":false,"campfire_upgraded":1,"win_rate":0.0,"timestamp":1612416788,"path_taken":["M","?","M","M","$","R","M","E","T","R","?","$","E","?","R","BOSS","M","M","?","$","M","E","R","?","T","R","E","M","M","$","R","BOSS","M","M","$","M","M","R","E","?","T","M"],"items_purchased_type":["Card","Relic","Card","Card"],"build_version":"2020-12-22","purchased_purges":1,"victory":false,"max_hp_per_floor":[75,75,75,75,75,75,75,75,75,75,75,75,75,75,75,75,75,75,75,75,75,75,75,75,75,75,75,75,75,75,75,75,75,75,78,81,81,84,87,87,90,90,90,90,90],"relic_stats":{"counters":[21,115],"Shuriken":[29],"Self Forming Clay":[90],"Art of War":[11],"Black Star":1,"Cursed Key":1,"obtain_stats":[{"Potion Belt":41,"Shuriken":12,"Self Forming Clay":23,"Enchiridion":25,"Art of War":13,"Black Star":34,"Cursed Key":0,"Ancient Tea Set":8,"Burning Blood":0,"Akabeko":28,"Toy Ornithopter":41,"Runic Pyramid":17},{"Potion Belt":20,"Shuriken":5,"Self Forming Clay":11,"Enchiridion":11,"Art of War":6,"Black Star":15,"Cursed Key":0,"Ancient Tea Set":5,"Burning Blood":0,"Akabeko":12,"Toy Ornithopter":20,"Runic Pyramid":7},{"Potion Belt":113,"Shuriken":27,"Self Forming Clay":62,"Enchiridion":62,"Art of War":33,"Black Star":81,"Cursed Key":0,"Ancient Tea Set":27,"Burning Blood":0,"Akabeko":65,"Toy Ornithopter":113,"Runic Pyramid":40}],"Toy Ornithopter":5},"card_choices":[{"not_picked":["Intimidate","Body Slam"],"picked":"Battle Trance","floor":1.0},{"not_picked":["Anger","Perfected Strike"],"picked":"Metallicize","floor":3.0},{"not_picked":["Iron Wave","Evolve"],"picked":"Wild Strike","floor":4.0},{"not_picked":["Twin Strike","Shrug It Off"],"picked":"Rage","floor":7.0},{"not_picked":["Sword Boomerang","Power Through"],"picked":"Bludgeon","floor":8.0},{"not_picked":["Rupture","Iron Wave"],"picked":"Offering","floor":13.0},{"not_picked":["Limit Break","Juggernaut"],"picked":"Reaper","floor":16.0},{"not_picked":["Seeing Red","Shrug It Off+1"],"picked":"Evolve+1","floor":18.0},{"not_picked":["Heavy Blade","Ghostly Armor"],"picked":"Cleave","floor":19.0},{"not_picked":["Body Slam","Anger"],"picked":"Fire Breathing","floor":22.0},{"not_picked":["Thunderclap","Infernal Blade"],"picked":"Corruption","floor":23.0},{"not_picked":["Ghostly Armor","Thunderclap"],"picked":"Burning Pact","floor":28.0},{"not_picked":["Shrug It Off","Havoc"],"picked":"Shockwave","floor":29.0},{"not_picked":["Warcry","Cleave"],"picked":"Shrug It Off+1","floor":30.0},{"not_picked":["Exhume","Impervious"],"picked":"Feed","floor":33},{"not_picked":["Thunderclap","Headbutt","Rampage"],"picked":"SKIP","floor":35},{"not_picked":["Body Slam","Iron Wave"],"picked":"Reckless Charge+1","floor":36},{"not_picked":["Clothesline","Flex"],"picked":"Flame Barrier","floor":38},{"not_picked":["Flex","Sword Boomerang"],"picked":"Uppercut+1","floor":39},{"not_picked":["Pommel Strike+1","Havoc+1"],"picked":"Exhume","floor":41}],"player_experience":3033237,"relics_obtained":[{"floor":8.0,"key":"Ancient Tea Set"},{"floor":13.0,"key":"Art of War"},{"floor":23.0,"key":"Self Forming Clay"},{"floor":25.0,"key":"Enchiridion"},{"floor":28.0,"key":"Akabeko"},{"floor":41,"key":"Potion Belt"},{"floor":41,"key":"Toy Ornithopter"}],"event_choices":[{"cards_removed":["Strike_R"],"damage_healed":0.0,"max_hp_gain":0.0,"max_hp_loss":0.0,"gold_gain":0.0,"event_name":"Golden Wing","player_choice":"Card Removal","floor":2.0,"gold_loss":0.0,"damage_taken":7.0},{"damage_healed":0.0,"max_hp_gain":0.0,"max_hp_loss":0.0,"gold_gain":150.0,"event_name":"Liars Game","player_choice":"AGREE","floor":11.0,"gold_loss":0.0,"damage_taken":0.0,"cards_obtained":["Doubt"]},{"damage_healed":0.0,"max_hp_gain":0.0,"max_hp_loss":0.0,"gold_gain":0.0,"event_name":"Living Wall","player_choice":"Grow","floor":14.0,"gold_loss":0.0,"damage_taken":0.0,"cards_upgraded":["Bludgeon"]},{"damage_healed":0.0,"max_hp_gain":0.0,"max_hp_loss":0.0,"gold_gain":0.0,"event_name":"Back to Basics","player_choice":"Simplicity","floor":20.0,"gold_loss":0.0,"damage_taken":0.0,"cards_upgraded":["Strike_R","Strike_R","Strike_R","Strike_R","Defend_R","Defend_R","Defend_R","Defend_R"]},{"damage_healed":0.0,"max_hp_gain":0.0,"max_hp_loss":0.0,"gold_gain":0.0,"event_name":"Cursed Tome","player_choice":"Obtained Book","floor":25.0,"gold_loss":0.0,"damage_taken":21.0},{"damage_healed":0,"gold_gain":0,"player_choice":"Ignored","damage_taken":0,"max_hp_gain":0,"max_hp_loss":0,"event_name":"Mysterious Sphere","floor":42,"gold_loss":0}],"is_beta":false,"boss_relics":[{"not_picked":["Runic Dome","Philosopher\u0027s Stone"],"picked":"Runic Pyramid"},{"not_picked":["SacredBark","Pandora\u0027s Box"],"picked":"Black Star"}],"items_purged_floors":[21],"is_endless":false,"potions_floor_spawned":[1,7,8,19,23,28,33,36],"killed_by":"Jaw Worm Horde","ascension_level":20}}