{"host":"Koishi","time":1612405992,"event":{"mods":["2.2 Compatiblity","AchievementEnabler","Act Like it!","BaseMod","Better Match","Better Note","Better Sensory Stone","Better Third Choice","Colored Powertips","Conspire","Gensokyo","Good Game Mod","Hermit","Koishi","Lobotomy","LobotomyExtend","Marisa（霧雨　魔理沙）","Minty Spire (QoL Compilation)","Monster B Gone","Quick Restart","Rare Cards Sparkle","Reimu（博??梦）","Relic Filter Mod","Relic Stats","Spicy Shops","StSLib","The Construct"],"gold_per_floor":[119,119,119,133,133,133,133,133],"floor_reached":7,"language":"ENG","playtime":289,"items_purged":[],"score":41,"play_id":"9389f2de-9686-4390-8990-13de56990267","local_time":"20210203213312","is_ascension_mode":true,"campfire_choices":[{"data":"construct:Electrocute","floor":6,"key":"SMITH"}],"circlet_count":0,"master_deck":["construct:Strike_Gold","construct:Strike_Gold","construct:Strike_Gold","construct:Strike_Gold","construct:Strike_Gold","construct:Defend_Gold","construct:Defend_Gold","construct:Defend_Gold","construct:Defend_Gold","construct:Defend_Gold","construct:AttackMode","construct:DefenseMode","KyokaiOfKami:ReiMu","construct:ClusterMines","MHz","construct:Electrocute+1","UniverseFragment","Clumsy"],"relics":["construct:ClockworkPhoenix","construct:Challenge1","REME:ComplimentaryCards","CogitoBucket","LetterFromLob","LaetitiaHeart","Heaven_r","MagicBullet_r","Pantograph","Gensokyo:NagashiBinaDoll"],"acts_visited":["Gensokyo:Gensokyo"],"potions_floor_usage":[2],"damage_taken":[{"damage":4,"enemies":"Gensokyo:2_Kodama","floor":1,"turns":7},{"damage":5,"enemies":"Gensokyo:2_Kodama","floor":2,"turns":4},{"damage":5,"enemies":"Gensokyo:2_Kodama","floor":2,"turns":3},{"damage":58,"enemies":"Gensokyo:2_Kodama","floor":2,"turns":4},{"damage":0,"enemies":"Gensokyo:3_Fairies","floor":4,"turns":4},{"damage":14,"enemies":"Gensokyo:Cirno","floor":7,"turns":2}],"seed_played":"9019985041789584225","potions_obtained":[{"floor":1,"key":"FearPotion"}],"is_trial":false,"path_per_floor":["M","?","T","M","?","R","E"],"character_chosen":"THE_CONSTRUCT_MOD","items_purchased":[],"campfire_rested":0,"item_purchase_floors":[],"current_hp_per_floor":[81,13,13,13,13,13,0,0],"gold":133,"neow_bonus":"","is_daily":false,"chose_seed":false,"campfire_upgraded":1,"win_rate":0.0,"timestamp":1612405992,"path_taken":["M","?","?","M","?","R","E"],"items_purchased_type":[],"build_version":"2020-12-18","purchased_purges":0,"victory":false,"max_hp_per_floor":[85,85,85,85,85,85,85,85],"relic_stats":{"counters":[6,24],"Pantograph":0,"obtain_stats":[{"construct:Challenge1":0,"Heaven_r":2,"REME:ComplimentaryCards":0,"CogitoBucket":0,"LaetitiaHeart":2,"MagicBullet_r":2,"Pantograph":3,"Gensokyo:NagashiBinaDoll":5,"LetterFromLob":1,"construct:ClockworkPhoenix":0},{"construct:Challenge1":0,"Heaven_r":4,"REME:ComplimentaryCards":0,"CogitoBucket":0,"LaetitiaHeart":1,"MagicBullet_r":4,"Pantograph":4,"Gensokyo:NagashiBinaDoll":5,"LetterFromLob":1,"construct:ClockworkPhoenix":0},{"construct:Challenge1":0,"Heaven_r":18,"REME:ComplimentaryCards":0,"CogitoBucket":0,"LaetitiaHeart":7,"MagicBullet_r":18,"Pantograph":18,"Gensokyo:NagashiBinaDoll":22,"LetterFromLob":7,"construct:ClockworkPhoenix":0}]},"card_choices":[{"not_picked":["construct:Backfire","construct:FierceBash"],"picked":"construct:ClusterMines","floor":1},{"not_picked":["Mercenary","Murderer"],"picked":"MHz","floor":1},{"not_picked":["construct:OilSpill","construct:QuickAttack"],"picked":"construct:Electrocute","floor":4},{"not_picked":["Rudolta","CrumblingArmor"],"picked":"UniverseFragment","floor":4}],"player_experience":227733,"relics_obtained":[{"floor":1,"key":"LetterFromLob"},{"floor":3,"key":"Pantograph"}],"event_choices":[],"is_beta":true,"boss_relics":[],"items_purged_floors":[],"is_endless":false,"potions_floor_spawned":[1,2],"killed_by":"Gensokyo:Cirno","ascension_level":1}}