{"host":"ecuvtzmejf7hhjpv","time":1612405663,"event":{"mods":["AchievementEnabler","Act Like it!","Aspiration","BaseMod","Better Altar","Better Match","Better Note","Better Sensory Stone","Better Skull","Better Third Choice","BetterRewards","Conspire","Custom Start","Downfall","Gensokyo","GifTheSpireLib","Hallownest","Hermit","Hubris","Kratos Character Expansion","Luminous","Marisa????????","Minty Spire (QoL Compilation)","Prisma Mod","Remilia??????","Replay The Spire","Robot Space Explorer","Spicy Shops","StSLib","The Animator","The Blackbeard","The Bug Knight","The Construct","The Cursed","The Disciple","The Dragon Tamer","The Forsaken","The Hierophant","The Jungle","The Marked","The Necromancer","The Poker Player","The Wild Card","TheSwordswoman"],"gold_per_floor":[110,10,39,64,64,110,110,166,213,289,301,337,349,361,373,523,535,598,610,622,663,704,771,838,866,866,866],"floor_reached":25,"language":"ENG","playtime":954,"items_purged":[],"score":541,"play_id":"2cd57917-16dc-4988-880f-f5d645fc7ebe","local_time":"20210203202743","is_ascension_mode":true,"metric_token":2835,"campfire_choices":[{"data":"DTMod:DragonDance","floor":7,"key":"SMITH"},{"data":"DTMod:Training","floor":11,"key":"SMITH"},{"data":"DTMod:Training","floor":13,"key":"SMITH"},{"floor":15,"key":"REST"}],"dtmod_dragon_data":[0,50,3,-1,14,0],"circlet_count":0,"master_deck":["DTMod:Strike","DTMod:Strike","DTMod:Strike","DTMod:Strike","DTMod:DoubleHit","DTMod:TargetDefense","DTMod:TargetDefense","DTMod:TargetDefense","DTMod:TargetDefense","DTMod:SwitchingTactic","DTMod:Training","DTMod:MagiciansMark","DTMod:Training+1","DTMod:DragonDance+1","DTMod:Training+1","DTMod:CleansingStrike","Purity","conspire:SpireCoStock","conspire:SpireCoStock","DTMod:ComboAttack","DTMod:Training+1","DTMod:ShieldDrain","DTMod:CrossStep","DTMod:Safeguard","DTMod:Observe","DTMod:DragonDance+1","DTMod:ForkedFire"],"relics":["DTMod:PactStone","Omamori","Ice Cream","hubris:CrystalStatue","Replay:Baseball","Vajra","hubris:TenFootPole","Replay:Mystery Machine","MawBank","DTMod:BasicTextbook","Philosopher\u0027s Stone","Shuriken"],"acts_visited":["Exordium","TheCity"],"potions_floor_usage":[6,10,21,21,21,25,25],"damage_taken":[{"damage":3,"enemies":"Jaw Worm","floor":1,"turns":5},{"damage":0,"enemies":"conspire:RoseBush","floor":3,"turns":4},{"damage":0,"enemies":"2 Louse","floor":4,"turns":3},{"damage":0,"enemies":"3 Sentries","floor":6,"turns":4},{"damage":0,"enemies":"HollowMod:MossKnight","floor":8,"turns":4},{"damage":0,"enemies":"Replay:BlueRogue","floor":10,"turns":4},{"damage":0,"enemies":"Exordium Thugs","floor":12,"turns":6},{"damage":0,"enemies":"Hexaghost","floor":16,"turns":7},{"damage":0,"enemies":"Shell Parasite","floor":18,"turns":4},{"damage":10,"enemies":"3 Byrds","floor":21,"turns":5},{"damage":1,"enemies":"Centurion and Healer","floor":22,"turns":4},{"damage":0,"enemies":"HollowMod:Nosk","floor":23,"turns":5},{"damage":3,"enemies":"3 Cultists","floor":24,"turns":5},{"damage":35,"enemies":"Slavers","floor":25,"turns":4}],"seed_played":"-731697830648433510","potions_obtained":[{"floor":8,"key":"SkillPotion"},{"floor":10,"key":"LiquidBronze"},{"floor":22,"key":"PowerPotion"},{"floor":23,"key":"SteroidPotion"}],"is_trial":false,"path_per_floor":["M","?","M","M","?","E","R","E","T","E","R","M","R","?","R","B",null,"M","?","$","M","M","E","M","E"],"character_chosen":"THE_DT","items_purchased":["Omamori","Ice Cream","DTMod:Training","DTMod:MagiciansMark","hubris:CrystalStatue","DTMod:Training","Replay:Baseball","DTMod:DragonDance","DTMod:Training","DTMod:CleansingStrike","Vajra","Purity","LifebloodPotion","Explosive Potion","BlessingOfTheForge"],"campfire_rested":1,"item_purchase_floors":[0,0,0,0,0,0,0,0,0,0,0,0,0,0,0],"current_hp_per_floor":[12,12,12,12,12,12,12,12,12,12,12,12,12,12,25,25,45,45,45,45,35,34,34,31,0,0,0],"gold":866,"neow_bonus":"","is_daily":false,"chose_seed":false,"campfire_upgraded":3,"win_rate":0.0,"timestamp":1612405663,"path_taken":["M","?","M","M","?","E","R","E","T","E","R","M","R","?","R","BOSS","M","?","$","M","M","E","M","E"],"items_purchased_type":["Relic","Relic","Card","Card","Relic","Card","Relic","Card","Card","Card","Relic","Card","Potion","Potion","Potion"],"build_version":"2020-12-22","purchased_purges":0,"victory":false,"max_hp_per_floor":[45,45,45,45,45,45,45,45,45,45,45,45,45,45,45,45,45,45,45,45,45,45,45,45,45,45,45],"card_choices":[{"not_picked":["DTMod:Overwhelm","DTMod:TauntingStrike","DTMod:BuildUp"],"picked":"SKIP","floor":1},{"not_picked":["DTMod:RecklessFlurry","DTMod:Training"],"picked":"DTMod:ComboAttack","floor":3},{"not_picked":["DTMod:BurningEnergy","DTMod:FlameSlash"],"picked":"DTMod:Training","floor":4},{"not_picked":["DTMod:QuickFly","DTMod:DarkBreath"],"picked":"DTMod:ShieldDrain","floor":6},{"not_picked":["DTMod:Astonish","DTMod:MaximumCharge","DTMod:MagicField"],"picked":"SKIP","floor":8},{"not_picked":["DTMod:MaximumCharge","DTMod:FlameSlash","DTMod:Threaten"],"picked":"SKIP","floor":10},{"not_picked":["DTMod:CleansingStrike","DTMod:CalculatedDefense"],"picked":"DTMod:CrossStep","floor":12},{"not_picked":["DTMod:RepeatStrike","DTMod:ExcessFootwork"],"picked":"DTMod:Safeguard","floor":16},{"not_picked":["DTMod:ComboAttack","DTMod:Hide+1","DTMod:Feint"],"picked":"SKIP","floor":18},{"not_picked":["DTMod:BreakAttack","DTMod:BurningEnergy"],"picked":"DTMod:Observe","floor":21},{"not_picked":["DTMod:Haste","DTMod:BlazingStrike+1","DTMod:Punisher"],"picked":"SKIP","floor":22},{"not_picked":["DTMod:BalancedStrike","DTMod:Astonish"],"picked":"DTMod:DragonDance+1","floor":23},{"not_picked":["DTMod:TagTeam+1","DTMod:BreakAttack"],"picked":"DTMod:ForkedFire","floor":24}],"player_experience":1180836,"relics_obtained":[{"floor":6,"key":"hubris:TenFootPole"},{"floor":8,"key":"Replay:Mystery Machine"},{"floor":9,"key":"MawBank"},{"floor":10,"key":"DTMod:BasicTextbook"},{"floor":23,"key":"Shuriken"}],"event_choices":[{"damage_healed":0,"gold_gain":0,"player_choice":"Invest 2","damage_taken":0,"max_hp_gain":0,"max_hp_loss":0,"event_name":"conspire:Investor","floor":2,"gold_loss":0},{"damage_healed":0,"gold_gain":0,"player_choice":"Grow","damage_taken":0,"max_hp_gain":0,"max_hp_loss":0,"event_name":"Living Wall","floor":5,"gold_loss":0,"cards_upgraded":["DTMod:Training"]},{"damage_healed":0,"gold_gain":0,"player_choice":"Ignored","damage_taken":0,"max_hp_gain":0,"max_hp_loss":0,"event_name":"betterNote:BetterNote","floor":19,"gold_loss":0,"cards_obtained":["Strike_G"]}],"is_beta":false,"boss_relics":[{"not_picked":["Painkiller Herb","DTMod:TheChair"],"picked":"Philosopher\u0027s Stone"}],"items_purged_floors":[],"is_endless":false,"potions_floor_spawned":[3,8,10,12,16,22,23],"killed_by":"Slavers","ascension_level":1}}