{"host":"roto7j7840a50pxh","time":1612451258,"event":{"mods":["Act Like it!","BaseMod","Better Altar","Better Note","Better Sensory Stone","Better Skull","Better Third Choice","BetterRewards","Colored Map","Colored Powertips","Downfall","Elementarium","Hermit","Highlight Path","Hubris","Infinite Spire","Minty Spire (QoL Compilation)","Replay The Spire","Shade Mod","Spicy Shops","StSLib","The Construct","The Hierophant","The Jungle","The Necromancer"],"gold_per_floor":[99,99,99,99,115,127,151,168,203,203,203,238,258,283,299,299,299,299],"floor_reached":16,"language":"ENG","playtime":1112,"items_purged":[],"score":138,"play_id":"10b0acef-a39e-4b68-a7a4-83cc6e0fa754","local_time":"20210204100738","is_ascension_mode":true,"campfire_choices":[],"circlet_count":0,"master_deck":["sneckomod:Strike","sneckomod:Strike","sneckomod:Strike","sneckomod:Defend","sneckomod:Defend","sneckomod:Defend","sneckomod:TailWhip","sneckomod:SnekBite","sneckomod:Unknown","Shade:FleshLikeOak","sneckomod:UnknownClassWHITE","sneckomod:IronFang","sneckomod:PureSnecko","sneckomod:UnknownClassINFINITE_BLACK","sneckomod:UnknownBlock","sneckomod:ImprovisedGuard","Stop_Heart","Deep Breath","sneckomod:UnknownWeak","sneckomod:UnknownCommonAttack","sneckomod:Unknown3Cost","sneckomod:SnakeSap"],"relics":["sneckomod:SneckoSoul","downfall:HeartsMalice","ReplayTheSpireMod:TigerMarble","Lantern","Nunchaku","HornCleat","Blue Doll"],"acts_visited":["Exordium"],"potions_floor_usage":[],"damage_taken":[{"damage":0.0,"enemies":"Cultist","floor":2.0,"turns":1.0},{"damage":0.0,"enemies":"Jaw Worm","floor":3.0,"turns":1.0},{"damage":0.0,"enemies":"Small Slimes","floor":4.0,"turns":1.0},{"damage":13.0,"enemies":"3 Louse","floor":5.0,"turns":4.0},{"damage":2.0,"enemies":"Blue Slaver","floor":6.0,"turns":4.0},{"damage":2.0,"enemies":"Large Slime","floor":8.0,"turns":3.0},{"damage":18.0,"enemies":"Lagavulin","floor":9.0,"turns":5.0},{"damage":9.0,"enemies":"Gremlin Nob","floor":12.0,"turns":4.0},{"damage":0.0,"enemies":"Lots of Slimes","floor":13.0,"turns":2.0},{"damage":19.0,"enemies":"3 Sentries","floor":14.0,"turns":11.0},{"damage":3,"enemies":"Blue Slaver","floor":15,"turns":3},{"damage":32,"enemies":"DF_ARCHETYPE_STREAMLINE","floor":16,"turns":6}],"seed_played":"-1637319741223911371","potions_obtained":[{"floor":5.0,"key":"SteroidPotion"},{"floor":8.0,"key":"Adrenaline Potion"},{"floor":9.0,"key":"SteroidPotion"},{"floor":12.0,"key":"Swift Potion"}],"is_trial":false,"path_per_floor":["R_BF","M","M","M","M","M","T","M","E","R","?","E","M","E","M","B"],"character_chosen":"THE_SNECKO","items_purchased":[],"campfire_rested":0,"item_purchase_floors":[],"current_hp_per_floor":[90,90,90,90,77,75,75,73,55,55,55,46,46,27,24,0,0,0],"gold":299,"neow_bonus":"THREE_ENEMY_KILL","is_daily":false,"chose_seed":false,"campfire_upgraded":0,"win_rate":0.0,"timestamp":1612451258,"path_taken":["R_BF","M","M","M","M","M","T","M","E","R","?","E","?","E","M","BOSS"],"items_purchased_type":[],"build_version":"2020-12-22","purchased_purges":0,"victory":false,"max_hp_per_floor":[90,90,90,90,90,90,90,90,90,90,90,90,90,90,90,90,90,90],"card_choices":[{"not_picked":["sneckomod:UnknownClassTHE_BRONZE_AUTOMATON","sneckomod:SoulCleanse"],"picked":"sneckomod:UnknownClassWHITE","floor":2.0},{"not_picked":["sneckomod:Unknown0Cost","sneckomod:DiceCrush"],"picked":"sneckomod:IronFang","floor":3.0},{"not_picked":["sneckomod:TrashToTreasure","sneckomod:UnknownBlock"],"picked":"sneckomod:PureSnecko","floor":4.0},{"not_picked":["sneckomod:MasterEye","sneckomod:DefensiveFlair"],"picked":"sneckomod:UnknownVulnerable","floor":5.0},{"not_picked":["sneckomod:TrashToTreasure","sneckomod:Unknown0Cost"],"picked":"sneckomod:UnknownClassINFINITE_BLACK","floor":6.0},{"not_picked":["sneckomod:ImprovisedAttack","sneckomod:UnknownClassPURPLE"],"picked":"sneckomod:UnknownBlock","floor":8.0},{"not_picked":["sneckomod:SoulExchange","sneckomod:UnknownClassINFINITE_BLACK"],"picked":"sneckomod:ImprovisedGuard","floor":9.0},{"not_picked":["Replay:Sssssssssshield","ReplayTheSpireMod:Uncanny Aura"],"picked":"Deep Breath","floor":11.0},{"not_picked":["sneckomod:UnknownClassTHE_BRONZE_AUTOMATON","sneckomod:Mudshield"],"picked":"sneckomod:UnknownWeak","floor":12.0},{"not_picked":["sneckomod:Unknown1Cost","sneckomod:UnknownClassPURPLE"],"picked":"sneckomod:UnknownCommonAttack","floor":13.0},{"not_picked":["sneckomod:UnknownWeak","sneckomod:Cheat"],"picked":"sneckomod:Unknown3Cost","floor":14},{"not_picked":["sneckomod:Nope","sneckomod:PureSnecko"],"picked":"sneckomod:SnakeSap","floor":15}],"player_experience":1584745,"relics_obtained":[{"floor":7.0,"key":"ReplayTheSpireMod:TigerMarble"},{"floor":9.0,"key":"Lantern"},{"floor":12.0,"key":"Nunchaku"},{"floor":14,"key":"Nunchaku"},{"floor":14,"key":"HornCleat"},{"floor":14,"key":"Blue Doll"}],"event_choices":[{"damage_healed":0.0,"max_hp_gain":0.0,"max_hp_loss":0.0,"gold_gain":1.0,"event_name":"betterStone:BetterStone","player_choice":"1","floor":11.0,"gold_loss":0.0,"damage_taken":0.0}],"is_beta":false,"boss_relics":[],"items_purged_floors":[],"is_endless":false,"potions_floor_spawned":[5,8,9,12],"killed_by":"DF_ARCHETYPE_STREAMLINE","ascension_level":3}}