{"host":"6azrrw3tf7wb0f4b","time":1612442160,"event":{"mods":["BaseMod","DeckTracker","Minty Spire (QoL Compilation)","SuperFastMode"],"gold_per_floor":[114,264,189,205,217,217,233,248,248,65,140,140,140,110,110,110,110],"floor_reached":16,"language":"KOR","playtime":196,"items_purged":["Doubt","Strike_B"],"score":162,"play_id":"820a8dba-4cf3-4120-be1b-8d08907ce1c6","local_time":"20210204213600","is_ascension_mode":true,"campfire_choices":[{"data":"Coolheaded","floor":6,"key":"SMITH"},{"data":"Loop","floor":12,"key":"SMITH"},{"data":"Dualcast","floor":15,"key":"SMITH"}],"circlet_count":0,"master_deck":["AscendersBane","Strike_B","Strike_B","Strike_B","Defend_B","Defend_B","Defend_B","Defend_B","Zap","Dualcast+1","Amplify","Coolheaded+1","Heatsinks","Undo","Loop+1","Cold Snap"],"relics":["Cracked Core","StrikeDummy"],"acts_visited":["Exordium"],"potions_floor_usage":[],"damage_taken":[{"damage":3,"enemies":"2 Louse","floor":1,"turns":2},{"damage":16,"enemies":"Small Slimes","floor":4,"turns":4},{"damage":0,"enemies":"Cultist","floor":5,"turns":4},{"damage":11,"enemies":"Blue Slaver","floor":7,"turns":5},{"damage":8,"enemies":"2 Fungi Beasts","floor":8,"turns":4},{"damage":4,"enemies":"Looter","floor":14,"turns":4},{"damage":36,"enemies":"The Guardian","floor":16,"turns":2}],"seed_played":"8342845221006410271","potions_obtained":[{"floor":5,"key":"Dexterity Potion"},{"floor":13,"key":"FearPotion"}],"is_trial":false,"path_per_floor":["M","?","$","M","M","R","M","M","T","$","?","R","?","M","R","B"],"character_chosen":"DEFECT","items_purchased":["Loop"],"campfire_rested":0,"item_purchase_floors":[10],"current_hp_per_floor":[61,61,61,45,45,45,34,26,26,26,15,15,15,11,11,0,0],"gold":110,"neow_bonus":"ONE_RANDOM_RARE_CARD","is_daily":false,"chose_seed":false,"campfire_upgraded":3,"win_rate":0.0,"timestamp":1612442160,"path_taken":["M","?","$","M","M","R","M","M","T","$","?","R","?","?","R","BOSS"],"items_purchased_type":["Card"],"build_version":"2020-12-22","purchased_purges":2,"victory":false,"max_hp_per_floor":[71,71,71,71,71,71,71,71,71,71,71,71,71,71,71,71,71],"card_choices":[{"not_picked":["Beam Cell","Barrage"],"picked":"Coolheaded","floor":1},{"not_picked":["Stack","Fission","Barrage"],"picked":"SKIP","floor":4},{"not_picked":["Streamline","Rebound"],"picked":"Heatsinks","floor":5},{"not_picked":["Scrape","Sweeping Beam"],"picked":"Undo","floor":7},{"not_picked":["Blizzard","Force Field","Barrage"],"picked":"SKIP","floor":8},{"not_picked":["Auto Shields","All For One"],"picked":"Cold Snap","floor":14}],"player_experience":760605,"relics_obtained":[{"floor":9,"key":"StrikeDummy"}],"event_choices":[{"damage_healed":0,"gold_gain":150,"player_choice":"AGREE","damage_taken":0,"max_hp_gain":0,"max_hp_loss":0,"event_name":"Liars Game","floor":2,"gold_loss":0,"cards_obtained":["Doubt"]},{"damage_healed":0,"gold_gain":75,"player_choice":"Gather Gold","damage_taken":11,"max_hp_gain":0,"max_hp_loss":0,"event_name":"World of Goop","floor":11,"gold_loss":0},{"damage_healed":0,"gold_gain":0,"player_choice":"Got Potions","damage_taken":0,"max_hp_gain":0,"max_hp_loss":0,"event_name":"Lab","floor":13,"gold_loss":0}],"is_beta":false,"boss_relics":[],"items_purged_floors":[3,10],"is_endless":false,"potions_floor_spawned":[5],"killed_by":"The Guardian","ascension_level":16}}