{"host":"sygfylmorsvdndbx","time":1612412741,"event":{"mods":["AchievementEnabler","BaseMod","Bestiary","Highlight Path","Minty Spire (QoL Compilation)","Permanent Neow","Quick Restart","Relic Stats"],"gold_per_floor":[10,22,39,39,56,56,85,160,160,179,179,194,222,284,284,382,382,399,415,340,357,35,35,67,87,87,87,122,222,497,514,514,611,611,628,648,1647,1647,1304,1304,1339,1350,1376,1376,1409,1409,1434,1462,1474,1486,1498,1510,615,646,646],"floor_reached":56,"language":"ENG","playtime":6304,"items_purged":["Defend_P","Strike_P","Normality","Strike_P+1"],"score":1914,"play_id":"2f026778-1288-4613-b0b9-c6c59ffdd2e0","local_time":"20210203232541","is_ascension_mode":true,"campfire_choices":[{"data":"Eruption","floor":6.0,"key":"SMITH"},{"floor":11.0,"key":"REST"},{"data":"TalkToTheHand","floor":15.0,"key":"SMITH"},{"data":"Fasting2","floor":23.0,"key":"SMITH"},{"floor":27.0,"key":"REST"},{"data":"Regret","floor":32.0,"key":"PURGE"},{"data":"Normality","floor":40,"key":"PURGE"},{"floor":44,"key":"REST"},{"floor":46,"key":"RECALL"},{"data":"LessonLearned+1","floor":49,"key":"PURGE"},{"data":"Defend_P+1","floor":52,"key":"PURGE"}],"circlet_count":0,"master_deck":["Strike_P+1","Defend_P+1","Eruption+1","Vigilance+1","Wireheading+1","Prostrate+1","JustLucky+1","CutThroughFate+1","Wallop+1","TalkToTheHand+1","Prostrate+1","Prostrate+1","Devotion+1","CutThroughFate+1","Fasting2+1","SashWhip+1","Protect+1","Vault+1","Wallop+1","Pray+1","WaveOfTheHand+1","CrushJoints+1","Wireheading+1","Vault+1"],"relics":["PureWater","Question Card","Anchor","Pear","TungstenRod","Ancient Tea Set","Runic Dome","War Paint","Ornamental Fan","Peace Pipe","Darkstone Periapt","Fusion Hammer","Toy Ornithopter","Damaru","Whetstone","Pantograph","MawBank","Ice Cream","Sling","Letter Opener","TeardropLocket"],"acts_visited":["Exordium","TheCity","TheBeyond","TheEnding"],"potions_floor_usage":[55,55,55],"damage_taken":[{"damage":0.0,"enemies":"Cultist","floor":1.0,"turns":3.0},{"damage":4.0,"enemies":"Jaw Worm","floor":2.0,"turns":3.0},{"damage":6.0,"enemies":"2 Louse","floor":3.0,"turns":3.0},{"damage":0.0,"enemies":"2 Fungi Beasts","floor":5.0,"turns":2.0},{"damage":14.0,"enemies":"Gremlin Nob","floor":7.0,"turns":3.0},{"damage":0.0,"enemies":"Large Slime","floor":10.0,"turns":4.0},{"damage":0.0,"enemies":"Exordium Thugs","floor":12.0,"turns":2.0},{"damage":5.0,"enemies":"3 Sentries","floor":13.0,"turns":9.0},{"damage":5.0,"enemies":"Gremlin Nob","floor":14.0,"turns":4.0},{"damage":16.0,"enemies":"The Guardian","floor":16.0,"turns":14.0},{"damage":5.0,"enemies":"2 Thieves","floor":18.0,"turns":4.0},{"damage":0.0,"enemies":"3 Byrds","floor":19.0,"turns":5.0},{"damage":0.0,"enemies":"Cultist and Chosen","floor":21.0,"turns":4.0},{"damage":30.0,"enemies":"Gremlin Leader","floor":24.0,"turns":4.0},{"damage":0.0,"enemies":"3 Cultists","floor":25.0,"turns":3.0},{"damage":0.0,"enemies":"Book of Stabbing","floor":28.0,"turns":4.0},{"damage":9.0,"enemies":"Colosseum Slavers","floor":29.0,"turns":3.0},{"damage":0.0,"enemies":"Colosseum Nobs","floor":29.0,"turns":5.0},{"damage":0.0,"enemies":"Centurion and Healer","floor":31.0,"turns":4.0},{"damage":12,"enemies":"Collector","floor":33,"turns":6},{"damage":0,"enemies":"3 Shapes","floor":35,"turns":3},{"damage":27,"enemies":"3 Darklings","floor":36,"turns":5},{"damage":0,"enemies":"Giant Head","floor":41,"turns":5},{"damage":0,"enemies":"Transient","floor":42,"turns":6},{"damage":14,"enemies":"Nemesis","floor":45,"turns":7},{"damage":0,"enemies":"Reptomancer","floor":47,"turns":5},{"damage":6,"enemies":"Maw","floor":48,"turns":6},{"damage":0,"enemies":"Donu and Deca","floor":50,"turns":6},{"damage":69,"enemies":"Shield and Spear","floor":54,"turns":6},{"damage":0,"enemies":"The Heart","floor":55,"turns":7}],"seed_played":"-1737793319466343469","potions_obtained":[{"floor":3.0,"key":"LiquidMemories"},{"floor":7.0,"key":"SneckoOil"},{"floor":10.0,"key":"PowerPotion"},{"floor":13.0,"key":"EntropicBrew"},{"floor":18.0,"key":"SpeedPotion"},{"floor":28.0,"key":"EssenceOfSteel"},{"floor":29.0,"key":"ColorlessPotion"},{"floor":31.0,"key":"LiquidBronze"},{"floor":54,"key":"Swift Potion"}],"is_trial":false,"path_per_floor":["M","M","M","?","M","R","E","?","T","M","R","M","E","?","R","B",null,"M","M","$","M","$","R","E","M","T","R","E","?","?","M","R","B",null,"M","M","?","?","$","R","E","M","T","R","E","R","E","M","R","B",null,"R","$","E","B",null],"character_chosen":"WATCHER","items_purchased":["Fasting2","War Paint","Pray","Toy Ornithopter","Ice Cream","Sling","Letter Opener","LiquidBronze"],"campfire_rested":3,"item_purchase_floors":[22,22,39,39,53,53,53,53],"current_hp_per_floor":[65,61,55,43,43,43,29,18,28,28,52,52,47,42,42,26,68,63,63,63,63,63,63,33,33,33,57,57,48,54,54,54,42,77,77,50,62,62,62,62,62,62,62,92,78,78,78,72,72,97,99,99,99,30,70],"gold":646,"neow_bonus":"REMOVE_TWO","is_daily":false,"chose_seed":false,"campfire_upgraded":3,"win_rate":0.0,"timestamp":1612412741,"path_taken":["M","M","M","?","M","R","E","?","T","M","R","M","E","?","R","BOSS","M","M","$","M","$","R","E","M","T","R","E","?","?","M","R","BOSS","M","M","?","?","$","R","E","?","T","R","E","R","E","M","R","BOSS","R","$","E","BOSS"],"items_purchased_type":["Card","Relic","Card","Relic","Relic","Relic","Relic","Potion"],"build_version":"2020-12-22","purchased_purges":4,"victory":true,"max_hp_per_floor":[72,72,72,72,72,72,72,72,82,82,82,82,82,82,82,82,82,82,82,82,82,82,82,82,82,82,82,82,82,88,88,88,88,88,88,88,100,100,100,100,100,100,100,100,100,100,100,100,100,100,100,100,100,100,100],"relic_stats":{"Darkstone Periapt":18,"counters":[30,145],"Whetstone":[],"Letter Opener":[10],"War Paint":["Vigilance","Prostrate"],"Question Card":24,"MawBank":72,"Peace Pipe":4,"Ornamental Fan":[172],"Pantograph":50,"obtain_stats":[{"Darkstone Periapt":29,"Ice Cream":53,"Pear":9,"Damaru":41,"Whetstone":43,"Letter Opener":53,"TeardropLocket":54,"War Paint":22,"Question Card":4,"Ancient Tea Set":14,"MawBank":47,"Sling":53,"Peace Pipe":29,"Runic Dome":17,"Anchor":7,"Ornamental Fan":24,"Pantograph":45,"Fusion Hammer":34,"PureWater":0,"TungstenRod":13,"Toy Ornithopter":39},{"Darkstone Periapt":18,"Ice Cream":28,"Pear":5,"Damaru":23,"Whetstone":24,"Letter Opener":28,"TeardropLocket":29,"War Paint":13,"Question Card":3,"Ancient Tea Set":9,"MawBank":26,"Sling":28,"Peace Pipe":18,"Runic Dome":10,"Anchor":5,"Ornamental Fan":14,"Pantograph":25,"Fusion Hammer":20,"PureWater":0,"TungstenRod":8,"Toy Ornithopter":22},{"Darkstone Periapt":79,"Ice Cream":132,"Pear":14,"Damaru":102,"Whetstone":108,"Letter Opener":132,"TeardropLocket":138,"War Paint":60,"Question Card":9,"Ancient Tea Set":33,"MawBank":120,"Sling":132,"Peace Pipe":79,"Runic Dome":47,"Anchor":14,"Ornamental Fan":64,"Pantograph":115,"Fusion Hammer":89,"PureWater":0,"TungstenRod":29,"Toy Ornithopter":97}],"TungstenRod":29,"Toy Ornithopter":15},"card_choices":[{"not_picked":["ClearTheMind","Nirvana"],"picked":"Wireheading","floor":1.0},{"not_picked":["InnerPeace","Study"],"picked":"Prostrate","floor":2.0},{"not_picked":["ReachHeaven","DeceiveReality"],"picked":"JustLucky","floor":3.0},{"not_picked":["FearNoEvil","Crescendo","CrushJoints"],"picked":"CutThroughFate","floor":5.0},{"not_picked":["Sanctity","Ragnarok","Conclude"],"picked":"Wallop","floor":7.0},{"not_picked":["JustLucky","ThirdEye","EmptyFist"],"picked":"TalkToTheHand","floor":10.0},{"not_picked":["BowlingBash","ThirdEye","ClearTheMind"],"picked":"LessonLearned","floor":12.0},{"not_picked":["SignatureMove","Halt","BowlingBash"],"picked":"Prostrate","floor":13.0},{"not_picked":["SashWhip","Scrawl","WaveOfTheHand"],"picked":"Prostrate","floor":14.0},{"not_picked":["Ragnarok","Judgement","Blasphemy"],"picked":"Devotion","floor":16.0},{"not_picked":["Evaluate","Prostrate","Weave"],"picked":"CutThroughFate+1","floor":18.0},{"not_picked":["ReachHeaven","FlyingSleeves","Prostrate","CrushJoints"],"picked":"SKIP","floor":19.0},{"not_picked":["PathToVictory+1","Perseverance+1","WaveOfTheHand","Prostrate"],"picked":"SKIP","floor":21.0},{"not_picked":["Consecrate","ThirdEye","WaveOfTheHand"],"picked":"SashWhip+1","floor":24.0},{"not_picked":["EmptyFist","EmptyBody","ThirdEye"],"picked":"Protect","floor":25.0},{"not_picked":["Prostrate","FlyingSleeves","Judgement","InnerPeace"],"picked":"SKIP","floor":28.0},{"not_picked":["CarveReality","FlyingSleeves","FollowUp","Halt"],"picked":"SKIP","floor":31.0},{"not_picked":["CarveReality","FlyingSleeves","FollowUp","Halt"],"picked":"SKIP","floor":31.0},{"not_picked":["Alpha","SpiritShield","LessonLearned"],"picked":"Vault","floor":33},{"not_picked":["Sanctity","Consecrate","Nirvana","Indignation+1"],"picked":"SKIP","floor":35},{"not_picked":["CarveReality+1","Crescendo+1","FlyingSleeves+1"],"picked":"Wallop+1","floor":36},{"not_picked":["DevaForm","BowlingBash","Indignation+1"],"picked":"WaveOfTheHand","floor":41},{"not_picked":["EmptyBody+1","Protect+1","SashWhip"],"picked":"CrushJoints+1","floor":42},{"not_picked":["DevaForm","Worship+1","BowlingBash+1"],"picked":"Wireheading","floor":45},{"not_picked":["EmptyBody+1","JustLucky+1","SashWhip+1"],"picked":"Vault","floor":47},{"not_picked":["MentalFortress","Prostrate+1","EmptyFist","FlurryOfBlows+1"],"picked":"SKIP","floor":48},{"not_picked":["WreathOfFlame+1","WindmillStrike+1","ClearTheMind","Adaptation"],"picked":"SKIP","floor":54}],"player_experience":410020,"relics_obtained":[{"floor":7.0,"key":"Anchor"},{"floor":9.0,"key":"Pear"},{"floor":13.0,"key":"TungstenRod"},{"floor":14.0,"key":"Ancient Tea Set"},{"floor":24.0,"key":"Ornamental Fan"},{"floor":29.0,"key":"Peace Pipe"},{"floor":29.0,"key":"Darkstone Periapt"},{"floor":41,"key":"Damaru"},{"floor":43,"key":"Whetstone"},{"floor":45,"key":"Pantograph"},{"floor":47,"key":"MawBank"},{"floor":54,"key":"TeardropLocket"}],"event_choices":[{"damage_healed":0.0,"max_hp_gain":0.0,"max_hp_loss":0.0,"gold_gain":0.0,"event_name":"Scrap Ooze","player_choice":"Success","floor":4.0,"gold_loss":0.0,"damage_taken":12.0,"relics_obtained":["Question Card"]},{"damage_healed":0.0,"max_hp_gain":0.0,"max_hp_loss":0.0,"gold_gain":75.0,"event_name":"World of Goop","player_choice":"Gather Gold","floor":8.0,"gold_loss":0.0,"damage_taken":11.0},{"damage_healed":0.0,"max_hp_gain":0.0,"max_hp_loss":0.0,"gold_gain":0.0,"event_name":"Dead Adventurer","player_choice":"Searched \u00271\u0027 times","floor":14.0,"gold_loss":0.0,"damage_taken":0.0},{"damage_healed":0.0,"max_hp_gain":0.0,"max_hp_loss":0.0,"gold_gain":0.0,"event_name":"Colosseum","player_choice":"Fight","floor":29.0,"gold_loss":0.0,"damage_taken":0.0},{"damage_healed":0.0,"max_hp_gain":0.0,"max_hp_loss":0.0,"gold_gain":0.0,"event_name":"Colosseum","player_choice":"Fought Nobs","floor":29.0,"gold_loss":0.0,"damage_taken":0.0},{"damage_healed":0.0,"max_hp_gain":0.0,"max_hp_loss":0.0,"gold_gain":275.0,"event_name":"Golden Shrine","player_choice":"Desecrate","floor":30.0,"gold_loss":0.0,"damage_taken":0.0,"cards_obtained":["Regret"]},{"damage_healed":0,"gold_gain":999,"player_choice":"Gold","damage_taken":0,"max_hp_gain":0,"max_hp_loss":0,"event_name":"MindBloom","floor":37,"gold_loss":0,"cards_obtained":["Normality","Normality"]},{"damage_healed":0,"gold_gain":0,"player_choice":"Upgraded","damage_taken":0,"max_hp_gain":0,"max_hp_loss":0,"event_name":"Upgrade Shrine","floor":38,"gold_loss":0,"cards_upgraded":["Prostrate"]}],"is_beta":false,"boss_relics":[{"not_picked":["Ectoplasm","Snecko Eye"],"picked":"Runic Dome"},{"not_picked":["Astrolabe","Coffee Dripper"],"picked":"Fusion Hammer"}],"items_purged_floors":[20,22,39,53],"is_endless":false,"potions_floor_spawned":[3,7,10,13,18,28,29,31,36,42,47,54],"ascension_level":8}}