{"host":"ox77rn1xcurm2t5a","time":1612456838,"event":{"mods":["2.2 Compatiblity","AchievementEnabler","Act Like it!","Aspiration","BaseMod","Best Route Mod","Better Match","Better Note","Better Sensory Stone","Block Reminder","Colored Map","Colored Powertips","Conjunction","Conspire","Custom Start","Energized Spire","GifTheSpireLib","Gold Saver","Gremlin Skip","Halation","Highlight Path","Hubris","Infinite Spire","Minty Spire (QoL Compilation)","Pale of the Ancients","Quick Restart","Replay The Spire","Reworked Bosses","ShortenTheSpire","Spire Exporter","StSLib","Stuff the Spire","Wandering Minibosses"],"gold_per_floor":[115,115,39,55,55,89,89,124,150,150,178,178,212,223,223,297,297,311,14,25,25,426,426,426,426],"floor_reached":24,"language":"ENG","playtime":656,"items_purged":["Strike_B","Strike_B"],"score":420,"play_id":"fc794f51-57db-4c07-8cc0-70b4ac974e43","local_time":"20210204184038","is_ascension_mode":true,"campfire_choices":[{"data":"Zap","floor":7,"key":"SMITH"},{"floor":10,"key":"RECALL"},{"floor":12,"key":"REST"},{"data":"Capacitor","floor":15,"key":"SMITH"},{"data":"Static Discharge","floor":23,"key":"SMITH"}],"circlet_count":0,"master_deck":["AscendersBane","Strike_B","Strike_B","Defend_B","Defend_B","Defend_B","Zap+1","Dualcast","StuffTheSpire:Synthwave","Biased Cognition+1","StuffTheSpire:Synthwave","Gash","Capacitor+1","Electrodynamics","Ball Lightning","Static Discharge+1","Loop"],"relics":["Cracked Core","NeowsBlessing","Oddly Smooth Stone","Happy Flower","infinitespire:EmpoweringShard","DataDisk","Counterbalance","Sozu","TheAbacus","aspiration:TomeofQuesting","aspiration:PoetsPen_weak"],"acts_visited":["Exordium","TheCity"],"potions_floor_usage":[11,13,16,18,18],"damage_taken":[{"damage":0,"enemies":"2 Louse","floor":1,"turns":1},{"damage":0,"enemies":"Cultist","floor":4,"turns":1},{"damage":0,"enemies":"3 Sentries","floor":6,"turns":1},{"damage":22,"enemies":"Lagavulin","floor":8,"turns":5},{"damage":34,"enemies":"3 Sentries","floor":11,"turns":6},{"damage":14,"enemies":"Lagavulin","floor":13,"turns":3},{"damage":0,"enemies":"Small Slimes","floor":14,"turns":2},{"damage":8,"enemies":"The Guardian","floor":16,"turns":6},{"damage":17,"enemies":"Shell Parasite","floor":18,"turns":3},{"damage":0,"enemies":"Spheric Guardian","floor":20,"turns":2},{"damage":12,"enemies":"Chosen and Byrds","floor":22,"turns":6},{"damage":28,"enemies":"Slavers","floor":24,"turns":1}],"seed_played":"-7594545599246454549","potions_obtained":[{"floor":1,"key":"Dexterity Potion"},{"floor":6,"key":"Venom Potion"},{"floor":8,"key":"SneckoOil"},{"floor":11,"key":"Adrenaline Potion"},{"floor":14,"key":"Conjunction:LightningMarble"},{"floor":16,"key":"Milkshake"}],"is_trial":false,"path_per_floor":["M","?","$","M","?","E","R","E","T","R","E","R","E","M","R","B",null,"M","$","M","AVR","M","R","E"],"character_chosen":"DEFECT","items_purchased":["StuffTheSpire:Synthwave","TheAbacus","Static Discharge"],"campfire_rested":1,"item_purchase_floors":[3,19,19],"current_hp_per_floor":[64,64,64,64,64,64,64,42,42,42,8,29,15,15,15,7,55,38,38,38,38,26,26,0,0],"gold":426,"neow_bonus":"THREE_ENEMY_KILL","is_daily":false,"chose_seed":false,"campfire_upgraded":3,"win_rate":0.0,"timestamp":1612456838,"path_taken":["M","?","$","M","?","E","R","E","T","R","E","R","E","?","R","BOSS","M","$","M","AVR","M","R","E"],"items_purchased_type":["Card","Relic","Card"],"build_version":"2020-12-22","purchased_purges":2,"victory":false,"max_hp_per_floor":[71,71,71,71,71,71,71,71,71,71,71,71,71,71,71,71,71,71,71,71,71,71,71,71,71],"card_choices":[{"not_picked":["Go for the Eyes","FTL"],"picked":"StuffTheSpire:Synthwave","floor":1},{"not_picked":["Compile Driver","ReplayTheSpireMod:Dual Polarity","Panic Button"],"picked":"SKIP","floor":4},{"not_picked":["Cold Snap","Stack","Reinforced Body"],"picked":"SKIP","floor":6},{"not_picked":["ReplayTheSpireMod:Reroute Power","Go for the Eyes","Compile Driver"],"picked":"SKIP","floor":8},{"not_picked":["Conserve Battery","BootSequence"],"picked":"Gash","floor":11},{"not_picked":["Compile Driver","Heatsinks","StuffTheSpire:Plugnplay"],"picked":"SKIP","floor":13},{"not_picked":["Gash","Hologram"],"picked":"Capacitor","floor":14},{"not_picked":["Mirror Shield","Core Surge"],"picked":"Electrodynamics","floor":16},{"not_picked":["StuffTheSpire:Plugnplay","Reinforced Body"],"picked":"Ball Lightning","floor":18},{"not_picked":["Beam Cell","Conserve Battery"],"picked":"Loop","floor":20},{"not_picked":["Barrage","Go for the Eyes","Tempest"],"picked":"SKIP","floor":22}],"player_experience":3002259,"relics_obtained":[{"floor":6,"key":"Happy Flower"},{"floor":8,"key":"infinitespire:EmpoweringShard"},{"floor":11,"key":"DataDisk"},{"floor":13,"key":"Counterbalance"}],"event_choices":[{"damage_healed":0,"gold_gain":0,"player_choice":"Gave Potion","damage_taken":0,"relics_obtained":["Oddly Smooth Stone"],"max_hp_gain":0,"max_hp_loss":0,"event_name":"WeMeetAgain","floor":5,"gold_loss":0}],"is_beta":false,"boss_relics":[{"not_picked":["Tiny House","energizedSpire:CursedPentagram"],"picked":"Sozu"}],"items_purged_floors":[19,21],"is_endless":false,"potions_floor_spawned":[1,6,8,11,14,16,18,20],"killed_by":"Slavers","ascension_level":14}}