{"host":"126yiuos2nq86se7","time":1612405014,"event":{"mods":["AchievementEnabler","Act Like it!","BaseMod","Colored Map","Colored Powertips","Friendly Minions","Highlight Path","Hubris","Minty Spire (QoL Compilation)","Reimu??????","StSLib","SuperFastMode"],"gold_per_floor":[111,36,36,36,55,55,67,67,67,67,83,83,96,131,131,131,131],"floor_reached":16,"language":"ENG","playtime":382,"items_purged":["Zap"],"score":105,"play_id":"93af9a31-d9aa-4645-9023-635efdda0ac3","local_time":"20210204131654","is_ascension_mode":true,"campfire_choices":[{"data":"Dualcast","floor":6,"key":"SMITH"},{"data":"White Noise","floor":8,"key":"SMITH"},{"data":"Cold Snap","floor":12,"key":"SMITH"},{"floor":15,"key":"REST"}],"circlet_count":0,"master_deck":["Strike_B","Strike_B","Strike_B","Strike_B","Defend_B","Defend_B","Defend_B","Defend_B","Dualcast+1","White Noise+1","Redo+1","Cold Snap+1","hubris:SpecializedCircuitry"],"relics":["Cracked Core","Sundial","Turnip"],"acts_visited":["Exordium"],"potions_floor_usage":[16,16],"damage_taken":[{"damage":9,"enemies":"Cultist","floor":1,"turns":4},{"damage":0,"enemies":"Small Slimes","floor":5,"turns":5},{"damage":3,"enemies":"Jaw Worm","floor":7,"turns":4},{"damage":1,"enemies":"3 Louse","floor":11,"turns":4},{"damage":6,"enemies":"Exordium Wildlife","floor":13,"turns":5},{"damage":28,"enemies":"Lagavulin","floor":14,"turns":6},{"damage":68,"enemies":"Hexaghost","floor":16,"turns":16}],"seed_played":"141807514001877236","potions_obtained":[{"floor":11,"key":"SpeedPotion"},{"floor":13,"key":"SpeedPotion"}],"is_trial":false,"path_per_floor":["M","$","?","$","M","R","M","R","T","?","M","R","M","E","R","B"],"character_chosen":"DEFECT","items_purchased":[],"campfire_rested":1,"item_purchase_floors":[],"current_hp_per_floor":[73,73,78,78,78,78,75,75,75,75,74,74,68,40,66,0,0],"gold":131,"neow_bonus":"TEN_PERCENT_HP_BONUS","is_daily":false,"chose_seed":false,"campfire_upgraded":3,"win_rate":0.0,"timestamp":1612405014,"path_taken":["M","$","?","$","M","R","M","R","T","?","M","R","?","E","R","BOSS"],"items_purchased_type":[],"build_version":"2020-12-22","purchased_purges":1,"victory":false,"max_hp_per_floor":[82,82,87,87,87,87,87,87,87,87,87,87,87,87,87,87,87],"card_choices":[{"not_picked":["Compile Driver","Ball Lightning"],"picked":"White Noise","floor":1},{"not_picked":["Hologram","Steam Power"],"picked":"Redo","floor":5},{"not_picked":["Doom and Gloom","Go for the Eyes","Scrape"],"picked":"SKIP","floor":7},{"not_picked":["Redo","Ball Lightning"],"picked":"Cold Snap","floor":11},{"not_picked":["Cold Snap","Reprogram"],"picked":"hubris:SpecializedCircuitry","floor":13},{"not_picked":["Rebound","hubris:Ukulele","Creative AI"],"picked":"SKIP","floor":14}],"player_experience":1488294,"relics_obtained":[{"floor":9,"key":"Sundial"},{"floor":14,"key":"Turnip"}],"event_choices":[{"damage_healed":0,"gold_gain":0,"player_choice":"Donut","damage_taken":0,"max_hp_gain":5,"max_hp_loss":0,"event_name":"Big Fish","floor":3,"gold_loss":0},{"damage_healed":0,"gold_gain":0,"player_choice":"Upgraded","damage_taken":0,"max_hp_gain":0,"max_hp_loss":0,"event_name":"Upgrade Shrine","floor":10,"gold_loss":0,"cards_upgraded":["Redo"]}],"is_beta":false,"boss_relics":[],"items_purged_floors":[2],"is_endless":false,"potions_floor_spawned":[11,13],"killed_by":"Hexaghost","ascension_level":1}}