{"host":"9v3x998ddbx8o276","time":1612433219,"event":{"mods":["AchievementEnabler","BaseMod","Colored Map","Colored Powertips","Highlight Path","Minty Spire (QoL Compilation)","Quick Restart","Rare Cards Sparkle"],"gold_per_floor":[112,123,123,137,137,176,176,4,4,4,4,25,94,94,94],"floor_reached":14,"language":"ENG","playtime":358,"items_purged":["Strike_G"],"score":176,"play_id":"995ccc1f-1796-4d87-86ea-a3dd570d3088","local_time":"20210204203659","is_ascension_mode":true,"campfire_choices":[{"floor":7,"key":"REST"},{"floor":10,"key":"REST"}],"circlet_count":0,"master_deck":["AscendersBane","Strike_G","Strike_G","Strike_G","Defend_G","Defend_G","Defend_G","Defend_G","Defend_G","Survivor","Neutralize","Dagger Spray","Terror","Flying Knee","Slice","Dagger Spray","Noxious Fumes","Night Terror+1","Burst+1","Deadly Poison+1"],"relics":["Ring of the Snake","NeowsBlessing","Sundial","Golden Idol","Juzu Bracelet","Toxic Egg 2","Boot"],"acts_visited":["Exordium"],"potions_floor_usage":[6,6,13],"damage_taken":[{"damage":0,"enemies":"Small Slimes","floor":1,"turns":1},{"damage":0,"enemies":"2 Louse","floor":2,"turns":1},{"damage":0,"enemies":"Cultist","floor":4,"turns":1},{"damage":23,"enemies":"3 Sentries","floor":6,"turns":12},{"damage":4,"enemies":"Large Slime","floor":12,"turns":5},{"damage":27,"enemies":"3 Sentries","floor":13,"turns":5},{"damage":7,"enemies":"Lagavulin","floor":14,"turns":3}],"seed_played":"-7436216170641196284","potions_obtained":[{"floor":1,"key":"Dexterity Potion"},{"floor":2,"key":"BlessingOfTheForge"},{"floor":6,"key":"Energy Potion"}],"is_trial":false,"path_per_floor":["M","M","?","M","?","E","R","$","T","R","?","M","?","E"],"character_chosen":"THE_SILENT","items_purchased":["Dagger Spray","Noxious Fumes"],"campfire_rested":2,"item_purchase_floors":[8,8],"current_hp_per_floor":[59,59,24,24,24,1,19,19,19,37,37,33,6,0,0],"gold":94,"neow_bonus":"THREE_ENEMY_KILL","is_daily":false,"chose_seed":false,"campfire_upgraded":0,"win_rate":0.0,"timestamp":1612433219,"path_taken":["M","M","?","M","?","E","R","$","T","R","?","M","?","E"],"items_purchased_type":["Card","Card"],"build_version":"2020-12-22","purchased_purges":1,"victory":false,"max_hp_per_floor":[66,66,66,66,60,60,60,60,60,60,60,60,60,60,60],"card_choices":[{"not_picked":["Backstab","Quick Slash"],"picked":"Dagger Spray","floor":1},{"not_picked":["Cloak And Dagger","Acrobatics"],"picked":"Terror","floor":2},{"not_picked":["PiercingWail","Expertise"],"picked":"Flying Knee","floor":4},{"not_picked":["Dagger Spray","Sucker Punch"],"picked":"Slice","floor":6},{"not_picked":["Distraction+1","Caltrops"],"picked":"Burst+1","floor":12},{"not_picked":["Accuracy","Underhanded Strike"],"picked":"Deadly Poison+1","floor":13}],"player_experience":2215567,"relics_obtained":[{"floor":6,"key":"Juzu Bracelet"},{"floor":9,"key":"Toxic Egg 2"},{"floor":13,"key":"Boot"}],"event_choices":[{"damage_healed":0,"gold_gain":0,"player_choice":"Success","damage_taken":35,"relics_obtained":["Sundial"],"max_hp_gain":0,"max_hp_loss":0,"event_name":"Scrap Ooze","floor":3,"gold_loss":0},{"damage_healed":0,"gold_gain":0,"player_choice":"Lose Max HP","damage_taken":0,"relics_obtained":["Golden Idol"],"max_hp_gain":0,"max_hp_loss":6,"event_name":"Golden Idol","floor":5,"gold_loss":0},{"damage_healed":0,"gold_gain":0,"cards_transformed":["Strike_G"],"player_choice":"Transformed","damage_taken":0,"max_hp_gain":0,"max_hp_loss":0,"event_name":"Transmorgrifier","floor":11,"gold_loss":0,"cards_obtained":["Night Terror"]},{"damage_healed":0,"gold_gain":0,"player_choice":"Searched \u00272\u0027 times","damage_taken":0,"max_hp_gain":0,"max_hp_loss":0,"event_name":"Dead Adventurer","floor":13,"gold_loss":0}],"is_beta":false,"boss_relics":[],"items_purged_floors":[8],"is_endless":false,"potions_floor_spawned":[1,2,6],"killed_by":"Lagavulin","ascension_level":20}}