{"host":"8srk5r1dwtmjotwd","time":1612449134,"event":{"mods":["AchievementEnabler","Act Like it!","BaseMod","Beaked The Cultist","Bestiary","Better Note","Better Third Choice","Colored Map","Colored Powertips","Friendly Minions","GifTheSpireLib","Halation","Hallownest","Hermit","Hubris","Infinite Spire","Mimic Mod","Minty Spire (QoL Compilation)","Morshu Shopkeeper - ENHANCED","Quick Restart","Rare Cards Sparkle","Reliquary","Replay The Spire","Shop Mod","StSLib","SuperFastMode","Synergy Search","The Bug Knight","The Construct","The Cursed","Thieving Mod","Yohane!","everything is the same but u backflip on backflip","slay the spire mod where everything is the same but ironclad has a cowboy hat"],"gold_per_floor":[119,138,152,232,249,249,278,298,298,298,298,310,310,8,8,8,8],"floor_reached":16,"language":"ENG","playtime":671,"items_purged":[],"score":102,"play_id":"68ba5da1-b670-4ce0-a99c-ee642d42fb94","local_time":"20210204093214","is_ascension_mode":false,"campfire_choices":[{"floor":6.0,"key":"REST"},{"floor":10.0,"key":"REST"},{"floor":13.0,"key":"REST"},{"data":"Heavy Blade","floor":15.0,"key":"SMITH"}],"circlet_count":0,"master_deck":["Strike_R","Strike_R","Strike_R","Strike_R","Strike_R","Defend_R","Defend_R","Defend_R","Defend_R","Bash","Heavy Blade+1","ReplayTheSpireMod:LeadingStrike","Iron Wave"],"relics":["Burning Blood","NeowsBlessing","infinitespire:Broken Mirror","infinitespire:ShieldingShard","Pantograph","hubris:IronBody"],"acts_visited":["Exordium"],"potions_floor_usage":[16,16],"damage_taken":[{"damage":0.0,"enemies":"2 Louse","floor":1.0,"turns":1.0},{"damage":0.0,"enemies":"Small Slimes","floor":2.0,"turns":1.0},{"damage":0.0,"enemies":"Cultist","floor":3.0,"turns":1.0},{"damage":22.0,"enemies":"Exordium Wildlife","floor":5.0,"turns":6.0},{"damage":35.0,"enemies":"3 Sentries","floor":7.0,"turns":8.0},{"damage":15.0,"enemies":"3 Louse","floor":8.0,"turns":3.0},{"damage":25.0,"enemies":"Exordium Thugs","floor":12.0,"turns":5.0},{"damage":82,"enemies":"Hexaghost","floor":16,"turns":13}],"seed_played":"-7026703399731055188","potions_obtained":[{"floor":2.0,"key":"Strength Potion"},{"floor":8.0,"key":"Weak Potion"},{"floor":12.0,"key":"Dexterity Potion"}],"is_trial":false,"path_per_floor":["M","M","M","?","M","R","E","M","T","R","?","M","R","$","R","B"],"character_chosen":"IRONCLAD","items_purchased":["hubris:IronBody","SkillPotion"],"campfire_rested":3,"item_purchase_floors":[14,14],"current_hp_per_floor":[80,80,80,80,64,80,51,42,42,66,66,47,71,71,71,0,0],"gold":8,"neow_bonus":"THREE_ENEMY_KILL","is_daily":false,"chose_seed":false,"campfire_upgraded":1,"win_rate":0.0,"timestamp":1612449134,"path_taken":["M","M","M","?","M","R","E","M","T","R","?","M","R","$","R","BOSS"],"items_purchased_type":["Relic","Potion"],"build_version":"2020-12-22","purchased_purges":0,"victory":false,"max_hp_per_floor":[80,80,80,80,80,80,80,80,80,80,80,80,80,80,80,80,80],"card_choices":[{"not_picked":["Cleave","Body Slam"],"picked":"Heavy Blade","floor":1.0},{"not_picked":["Heavy Blade","Run Through","hubris:CleavingFinish"],"picked":"SKIP","floor":2.0},{"not_picked":["Body Slam","Flame Barrier"],"picked":"ReplayTheSpireMod:LeadingStrike","floor":3.0},{"not_picked":["Shrug It Off","Carnage","Heavy Blade"],"picked":"SKIP","floor":5.0},{"not_picked":["Dual Wield","ReplayTheSpireMod:Corrosion Curse","Body Slam"],"picked":"SKIP","floor":7.0},{"not_picked":["Sword Boomerang","Warcry"],"picked":"Iron Wave","floor":8.0},{"not_picked":["Clothesline","Wild Strike","Twin Strike"],"picked":"SKIP","floor":12.0}],"player_experience":100752,"relics_obtained":[{"floor":7.0,"key":"infinitespire:Broken Mirror"},{"floor":9.0,"key":"infinitespire:ShieldingShard"},{"floor":11.0,"key":"Pantograph"}],"event_choices":[{"damage_healed":0.0,"max_hp_gain":0.0,"max_hp_loss":0.0,"gold_gain":80.0,"event_name":"Golden Wing","player_choice":"Gained Gold","floor":4.0,"gold_loss":0.0,"damage_taken":0.0}],"is_beta":false,"boss_relics":[],"items_purged_floors":[],"is_endless":false,"potions_floor_spawned":[2,8,12],"killed_by":"Hexaghost","ascension_level":0}}