{"host":"3a1ypf1irl30q4k8","time":1612446325,"event":{"mods":["AchievementEnabler","BaseMod","Bestiary","Colored Map","Minty Spire (QoL Compilation)","Relic Stats","ojb\u0027s Info Mod"],"gold_per_floor":[117,137,53,73,73,105,116,116,116,116,128,228,255,270,270,365,365,384,400,112,123,141,141,172,172,198,198,198,114,140,152,152,248,248,261,63,75,88,88,88,88],"floor_reached":40,"language":"ENG","playtime":2770,"items_purged":["Strike_B","Defend_B"],"score":576,"play_id":"906b4725-17de-4884-a6a9-839247a5f6fe","local_time":"20210204134525","is_ascension_mode":true,"campfire_choices":[{"floor":10.0,"key":"REST"},{"floor":15.0,"key":"REST"},{"floor":23.0,"key":"REST"},{"floor":25.0,"key":"REST"},{"data":"Biased Cognition","floor":28.0,"key":"SMITH"},{"floor":32.0,"key":"REST"}],"circlet_count":0,"master_deck":["Defend_B","Defend_B","Defend_B","Zap","Dualcast","Core Surge","Sweeping Beam","Loop","Streamline","Static Discharge","Leap","Consume","Sunder","Glacier+1","Coolheaded+1","Redo+1","Biased Cognition+1","Doom and Gloom","Sunder","Skim+1","Ball Lightning","Bite","Bite","Bite","Bite","Bite","Streamline","Defragment","Core Surge","Stack+1","Electrodynamics","Glacier+1","Auto Shields+1","Doom and Gloom","The Bomb+1"],"relics":["Cracked Core","Darkstone Periapt","Toxic Egg 2","Cables","StrikeDummy","Snecko Eye","Membership Card","Oddly Smooth Stone","Gambling Chip","Potion Belt","Orrery","Kunai","Cursed Key","Gremlin Horn"],"acts_visited":["Exordium","TheCity","TheBeyond"],"potions_floor_usage":[38,40,40],"damage_taken":[{"damage":1.0,"enemies":"Cultist","floor":1.0,"turns":3.0},{"damage":2.0,"enemies":"Jaw Worm","floor":2.0,"turns":3.0},{"damage":0.0,"enemies":"Small Slimes","floor":4.0,"turns":3.0},{"damage":26.0,"enemies":"3 Sentries","floor":6.0,"turns":4.0},{"damage":7.0,"enemies":"Exordium Thugs","floor":7.0,"turns":4.0},{"damage":0.0,"enemies":"3 Louse","floor":11.0,"turns":2.0},{"damage":20.0,"enemies":"Lagavulin","floor":13.0,"turns":5.0},{"damage":12.0,"enemies":"Exordium Wildlife","floor":14.0,"turns":3.0},{"damage":31.0,"enemies":"The Guardian","floor":16.0,"turns":15.0},{"damage":5.0,"enemies":"Spheric Guardian","floor":18.0,"turns":3.0},{"damage":0.0,"enemies":"Chosen","floor":19.0,"turns":5.0},{"damage":23.0,"enemies":"Snake Plant","floor":21.0,"turns":4.0},{"damage":12.0,"enemies":"Chosen and Byrds","floor":22.0,"turns":3.0},{"damage":11.0,"enemies":"Book of Stabbing","floor":24.0,"turns":4.0},{"damage":27.0,"enemies":"Slavers","floor":30.0,"turns":3.0},{"damage":0.0,"enemies":"3 Cultists","floor":31.0,"turns":3.0},{"damage":9.0,"enemies":"Automaton","floor":33.0,"turns":12.0},{"damage":18.0,"enemies":"3 Shapes","floor":35.0,"turns":3.0},{"damage":0.0,"enemies":"3 Darklings","floor":37.0,"turns":2.0},{"damage":0,"enemies":"Spire Growth","floor":38,"turns":4},{"damage":69,"enemies":"Giant Head","floor":40,"turns":9}],"seed_played":"1589004721437321368","potions_obtained":[{"floor":2.0,"key":"BlessingOfTheForge"},{"floor":4.0,"key":"SpeedPotion"},{"floor":6.0,"key":"Explosive Potion"},{"floor":11.0,"key":"AttackPotion"},{"floor":21.0,"key":"Strength Potion"},{"floor":22.0,"key":"Strength Potion"},{"floor":24.0,"key":"Fruit Juice"},{"floor":31.0,"key":"Swift Potion"},{"floor":33.0,"key":"Fruit Juice"},{"floor":35.0,"key":"AttackPotion"}],"is_trial":false,"path_per_floor":["M","M","$","M","?","E","M","T","T","R","M","?","E","M","R","B",null,"M","M","$","M","M","R","E","R","T","?","R","$","E","M","R","B",null,"M","$","M","M","?","E"],"character_chosen":"DEFECT","items_purchased":["Streamline","Static Discharge","Membership Card","Sunder","Oddly Smooth Stone","Streamline","Orrery","Glacier+1","Gremlin Horn"],"campfire_rested":5,"item_purchase_floors":[3,3,20,20,20,29,29,36,36],"current_hp_per_floor":[67,65,65,65,58,32,25,25,25,45,45,45,25,13,33,2,68,63,63,63,40,28,48,37,57,57,47,47,47,22,26,40,47,47,29,29,33,41,41,0,0],"gold":88,"neow_bonus":"THREE_RARE_CARDS","is_daily":false,"chose_seed":false,"campfire_upgraded":1,"win_rate":0.0,"timestamp":1612446325,"path_taken":["M","?","$","M","?","E","M","?","T","R","M","?","E","M","R","BOSS","M","M","$","M","M","R","E","R","T","?","R","$","E","M","R","BOSS","M","$","M","M","?","E"],"items_purchased_type":["Card","Card","Relic","Card","Relic","Card","Relic","Card","Relic"],"build_version":"2020-12-22","purchased_purges":2,"victory":false,"max_hp_per_floor":[68,68,68,68,68,68,68,68,68,68,68,68,68,68,68,68,68,68,68,68,68,68,68,68,68,68,47,47,47,47,47,47,47,47,47,47,47,47,47,57,57],"relic_stats":{"Darkstone Periapt":0,"Gremlin Horn":[2,2],"counters":[21,97],"Gambling Chip":[18],"Snecko Eye":[110,102,125,96],"Kunai":[9],"Cursed Key":0,"obtain_stats":[{"Darkstone Periapt":6,"Potion Belt":26,"Gremlin Horn":36,"Oddly Smooth Stone":20,"Cursed Key":34,"Cables":9,"Gambling Chip":24,"Snecko Eye":17,"Orrery":29,"Membership Card":20,"Kunai":30,"Toxic Egg 2":8,"Cracked Core":0,"StrikeDummy":13},{"Darkstone Periapt":4,"Potion Belt":14,"Gremlin Horn":18,"Oddly Smooth Stone":11,"Cursed Key":17,"Cables":5,"Gambling Chip":14,"Snecko Eye":9,"Orrery":14,"Membership Card":11,"Kunai":15,"Toxic Egg 2":5,"Cracked Core":0,"StrikeDummy":7},{"Darkstone Periapt":13,"Potion Belt":61,"Gremlin Horn":82,"Oddly Smooth Stone":50,"Cursed Key":79,"Cables":17,"Gambling Chip":61,"Snecko Eye":42,"Orrery":61,"Membership Card":50,"Kunai":64,"Toxic Egg 2":17,"Cracked Core":0,"StrikeDummy":24}],"Cables":[65,26,30,8,1]},"card_choices":[{"not_picked":["Amplify","Fission"],"picked":"Core Surge","floor":0.0},{"not_picked":["Conserve Battery","Redo"],"picked":"Sweeping Beam","floor":1.0},{"not_picked":["Rip and Tear","Redo"],"picked":"Loop","floor":2.0},{"not_picked":["Hologram","Redo"],"picked":"Leap","floor":4.0},{"not_picked":["Multi-Cast","Streamline"],"picked":"Consume","floor":6.0},{"not_picked":["Force Field","FTL"],"picked":"Sunder","floor":7.0},{"not_picked":["Conserve Battery+1","Reinforced Body+1"],"picked":"Glacier+1","floor":11.0},{"not_picked":["Reinforced Body+1","Storm"],"picked":"Coolheaded+1","floor":13.0},{"not_picked":["Rebound","Glacier+1"],"picked":"Redo+1","floor":14.0},{"not_picked":["Machine Learning","Rainbow+1"],"picked":"Biased Cognition","floor":16.0},{"not_picked":["Leap+1","Turbo+1","Steam+1"],"picked":"SKIP","floor":18.0},{"not_picked":["Aggregate+1","Ball Lightning"],"picked":"Doom and Gloom","floor":19.0},{"not_picked":["Steam+1","Gash+1"],"picked":"Skim+1","floor":21.0},{"not_picked":["Aggregate+1","Chaos+1","Reboot+1"],"picked":"SKIP","floor":22.0},{"not_picked":["Rebound","Reprogram+1"],"picked":"Ball Lightning","floor":24.0},{"not_picked":["Heatsinks","Hologram+1"],"picked":"Defragment","floor":29.0},{"not_picked":["Steam+1","Redo+1"],"picked":"Core Surge","floor":30.0},{"not_picked":["Go for the Eyes","Gash"],"picked":"Stack+1","floor":31.0},{"not_picked":["Meteor Strike","Echo Form"],"picked":"Electrodynamics","floor":33.0},{"not_picked":["Compile Driver+1","Hello World","Sweeping Beam"],"picked":"SKIP","floor":35.0},{"not_picked":["Compile Driver","Cold Snap"],"picked":"Auto Shields+1","floor":37},{"not_picked":["Steam+1","Leap+1"],"picked":"Doom and Gloom","floor":38},{"not_picked":["Bandage Up+1","Thinking Ahead+1"],"picked":"The Bomb+1","floor":39}],"player_experience":1312911,"relics_obtained":[{"floor":6.0,"key":"Darkstone Periapt"},{"floor":8.0,"key":"Toxic Egg 2"},{"floor":9.0,"key":"Cables"},{"floor":13.0,"key":"StrikeDummy"},{"floor":24.0,"key":"Gambling Chip"},{"floor":26.0,"key":"Potion Belt"},{"floor":30.0,"key":"Kunai"}],"event_choices":[{"cards_removed":["Strike_B"],"damage_healed":0.0,"max_hp_gain":0.0,"max_hp_loss":0.0,"gold_gain":0.0,"event_name":"Golden Wing","player_choice":"Card Removal","floor":5.0,"gold_loss":0.0,"damage_taken":7.0},{"damage_healed":0.0,"max_hp_gain":0.0,"max_hp_loss":0.0,"gold_gain":100.0,"event_name":"Golden Shrine","player_choice":"Pray","floor":12.0,"gold_loss":0.0,"damage_taken":0.0},{"damage_healed":0.0,"max_hp_gain":0.0,"max_hp_loss":21.0,"gold_gain":0.0,"event_name":"Vampires","player_choice":"Became a vampire","floor":27.0,"gold_loss":0.0,"damage_taken":0.0,"cards_obtained":["Bite","Bite","Bite","Bite","Bite"]},{"damage_healed":0,"gold_gain":0,"player_choice":"Memory 1","damage_taken":0,"max_hp_gain":0,"max_hp_loss":0,"event_name":"SensoryStone","floor":39,"gold_loss":0}],"is_beta":false,"boss_relics":[{"not_picked":["Runic Pyramid","Black Star"],"picked":"Snecko Eye"},{"not_picked":["Astrolabe","Inserter"],"picked":"Cursed Key"}],"items_purged_floors":[20,36],"is_endless":false,"potions_floor_spawned":[2,4,6,11,21,22,24,31,33,35],"killed_by":"Giant Head","ascension_level":4}}