{"host":"tj6tjcyqgbd0xj5u","time":1612464918,"event":{"mods":["Aspiration","BaseMod","Better Match","BetterRewards","Challenge The Spire","Conspire","Defuse TimeMaze Blight","Downfall","Energized Spire","Evolution","GifTheSpireLib","Halation","Hubris","Infinite Spire","Minty Spire (QoL Compilation)","Replay The Spire","Reworked Bosses","Spikes Relics","StS++","StSLib","Stuff the Spire"],"gold_per_floor":[99,111,7,19,19,37,37,37,22,47,47,47,61,78,88,185,185,185,196,196,216,216,236,259,301,301,324,355,371,371,371,399,501,501,501,527,569,569,569,494,521,551,551,581,605,605,605,633,661,667],"floor_reached":51,"language":"ENG","playtime":3058,"items_purged":["hexamod:Defend","hexamod:SixthSeal"],"score":650,"play_id":"89f0fa41-fd8d-42b2-a421-61d5c882c04f","local_time":"20210204145518","is_ascension_mode":false,"campfire_choices":[{"data":"hexamod:Sear","floor":1,"key":"SMITH"},{"data":"hexamod:GhostflameInferno","floor":12,"key":"SMITH"},{"data":"hexamod:Defend","floor":18,"key":"PURGE"},{"floor":35,"key":"DIG"},{"floor":43,"key":"REST"},{"floor":47,"key":"REST"}],"circlet_count":0,"master_deck":["hexamod:Strike","hexamod:Strike","hexamod:Strike","hexamod:Defend","hexamod:Defend","hexamod:Sear+1","hexamod:Float","hexamod:GhostflameInferno+1","hexamod:ThermalTransfer+1","hexamod:ThirdSeal","expansioncontent:LastStand+1","hexamod:BurningTouch","hexamod:FourthSeal","hubris:Fate+1","hexamod:WildfireWeapon+1","hexamod:FirstSeal","hexamod:SpectersWail","hexamod:Firestarter+1","hexamod:AdvancingGuard+1","hexamod:EtherealExpedition+1","infinitespire:UltimateForm+1","hexamod:AdvancingGuard","hexamod:HeatMetal","hexamod:HauntingEcho+1","StuffTheSpire:BrainWave","hexamod:ExtraCrispy","hexamod:ThermalTransfer"],"relics":["hexamod:SpiritBrand","EVO:Axolotl","Pocketwatch","halation:PromiseList","Fusion Hammer","HandDrill","halation:SmartPhone","Replay:Bandana","Happy Flower","downfall:RedIOU","ChewingGum","infinitespire:FocusingShard","Simple Rune","StuffTheSpire:Experiment12"],"acts_visited":["Exordium","TheCity","TheBeyond"],"potions_floor_usage":[9,15,16,16,16,19,25,25,27,27,27,28,32,33,33,37,37,44,49,50,50],"damage_taken":[{"damage":0,"enemies":"conspire:RoseBush","floor":2,"turns":3},{"damage":5,"enemies":"downfall:FleeingMerchant","floor":3,"turns":4},{"damage":0,"enemies":"Small Slimes","floor":4,"turns":3},{"damage":6,"enemies":"Jaw Worm","floor":6,"turns":3},{"damage":0,"enemies":"downfall:FleeingMerchant","floor":9,"turns":4},{"damage":3,"enemies":"Gremlin Nob","floor":10,"turns":3},{"damage":12,"enemies":"2 Fungi Beasts","floor":13,"turns":4},{"damage":21,"enemies":"Blue Slaver","floor":14,"turns":4},{"damage":4,"enemies":"conspire:2 RoseBushes","floor":15,"turns":5},{"damage":23,"enemies":"SI_SHIV_ARCHETYPE","floor":16,"turns":5},{"damage":22,"enemies":"Spheric Guardian","floor":19,"turns":5},{"damage":7,"enemies":"Chosen","floor":21,"turns":4},{"damage":4,"enemies":"conspire:HollyBat","floor":23,"turns":6},{"damage":14,"enemies":"Book of Stabbing","floor":25,"turns":6},{"damage":13,"enemies":"Sentry and Sphere","floor":27,"turns":5},{"damage":11,"enemies":"Centurion and Healer","floor":28,"turns":5},{"damage":0,"enemies":"Snecko","floor":29,"turns":5},{"damage":7,"enemies":"3 Cultists","floor":32,"turns":5},{"damage":25,"enemies":"IC_MUSHROOM_ARCHETYPE","floor":33,"turns":7},{"damage":13,"enemies":"Orb Walker","floor":36,"turns":3},{"damage":5,"enemies":"3 Darklings","floor":37,"turns":4},{"damage":26,"enemies":"4 Shapes","floor":42,"turns":6},{"damage":20,"enemies":"Writhing Mass","floor":44,"turns":5},{"damage":19,"enemies":"Maw","floor":45,"turns":6},{"damage":34,"enemies":"Spire Growth","floor":48,"turns":5},{"damage":31,"enemies":"4 Shapes","floor":49,"turns":4},{"damage":1,"enemies":"WA_ARCHETYPE_DIVINITY","floor":50,"turns":6}],"seed_played":"6751147322498004253","potions_obtained":[{"floor":2,"key":"Swift Potion"},{"floor":6,"key":"StSpp:InhibitionPotion"},{"floor":10,"key":"Death Potion"},{"floor":13,"key":"champ:CounterPotion"},{"floor":15,"key":"Venom Potion"},{"floor":16,"key":"DistilledChaos"},{"floor":16,"key":"DuplicationPotion"},{"floor":19,"key":"EntropicBrew"},{"floor":21,"key":"Adrenaline Potion"},{"floor":25,"key":"Elixir"},{"floor":27,"key":"Dexterity Potion"},{"floor":28,"key":"Languid Potion"},{"floor":29,"key":"FairyPotion"},{"floor":32,"key":"Guardian:BlockOnCardUsePotion"},{"floor":33,"key":"Fire Potion"},{"floor":36,"key":"DistilledChaos"},{"floor":36,"key":"infinitespire:BlackPotion"},{"floor":37,"key":"LiquidBronze"},{"floor":42,"key":"SmokeBomb"},{"floor":44,"key":"Milkshake"},{"floor":45,"key":"LifebloodPotion"},{"floor":45,"key":"Strength Potion"},{"floor":48,"key":"Regen Potion"},{"floor":49,"key":"DuplicationPotion"}],"is_trial":false,"path_per_floor":["R","M","$","M","?","M","T","?","$","E","?","R","M","M","M","B",null,"R","M","?","M","AVR","M","T","E","?","M","M","M","?","?","M","B",null,"R","M","M","?","?","?","T","M","R","M","M","AVR","R","M","M","B",null],"character_chosen":"THE_SPIRIT","items_purchased":["expansioncontent:LastStand"],"campfire_rested":2,"item_purchase_floors":[3],"current_hp_per_floor":[70,70,65,65,65,59,59,42,42,39,39,39,27,13,16,15,70,70,55,55,55,55,58,58,44,44,38,34,51,51,51,51,33,70,70,64,66,57,57,57,57,42,60,46,44,44,62,38,19,25],"gold":667,"neow_bonus":"ONE_RANDOM_RARE_CARD","is_daily":false,"chose_seed":false,"campfire_upgraded":2,"win_rate":0.0,"timestamp":1612464918,"path_taken":["R","M","$","M","?","M","T","?","?","E","?","R","M","?","M","BOSS","R","M","?","M","AVR","M","T","E","?","?","M","M","?","?","M","BOSS","R","M","M","?","?","?","T","M","R","M","M","AVR","R","M","M","BOSS"],"items_purchased_type":["Card"],"build_version":"2020-12-22","purchased_purges":2,"victory":true,"max_hp_per_floor":[70,70,70,70,70,70,70,70,70,70,70,70,70,70,70,70,70,70,70,70,70,70,70,70,70,70,70,70,70,70,70,70,70,70,70,70,70,63,63,63,63,63,63,63,63,63,63,63,63,63],"card_choices":[{"not_picked":["hexamod:PhantomCloak","hexamod:RetreatToShadows"],"picked":"hexamod:ThermalTransfer","floor":2},{"not_picked":["hexamod:InspiringFlames","hexamod:Firestarter"],"picked":"hexamod:ThirdSeal","floor":3},{"not_picked":["hexamod:Incineration","hexamod:NightmareStrike"],"picked":"hexamod:BurningTouch","floor":4},{"not_picked":["hexamod:DynamicBlow","hexamod:FastForward","hexamod:SwordOfDarkness"],"picked":"SKIP","floor":4},{"not_picked":["hexamod:Firestarter","hexamod:AdvancingGuard"],"picked":"hexamod:FourthSeal","floor":6},{"not_picked":["infinitespire:TheBestDefense","infinitespire:Gouge"],"picked":"hubris:Fate","floor":8},{"not_picked":["hexamod:InspiringFlames","hexamod:GhostShield"],"picked":"hexamod:WildfireWeapon","floor":9},{"not_picked":["hexamod:FourthSeal","hexamod:DynamicBlow","hexamod:Again"],"picked":"SKIP","floor":9},{"not_picked":["hexamod:ParanormalForm","hexamod:GhostShield","hexamod:FastForward"],"picked":"SKIP","floor":10},{"not_picked":["hexamod:AdvancingGuard","hexamod:FastForward","hexamod:BurningTouch"],"picked":"SKIP","floor":10},{"not_picked":["hexamod:GhostOfSpirePast","hexamod:InspiringFlames"],"picked":"hexamod:FirstSeal","floor":13},{"not_picked":["hexamod:Haunt","hexamod:SkipABeat","hexamod:Rewind"],"picked":"SKIP","floor":13},{"not_picked":["hexamod:Again","hexamod:AdvancingGuard"],"picked":"hexamod:SpectersWail","floor":14},{"not_picked":["hexamod:Rewind","hexamod:HauntingEcho"],"picked":"hexamod:Firestarter","floor":14},{"not_picked":["hexamod:GhostLash","hexamod:HauntingEcho","hexamod:FifthSeal"],"picked":"SKIP","floor":15},{"not_picked":["hexamod:GhostflameBarrier","hexamod:ShieldOfDarkness","hexamod:FourthSeal"],"picked":"SKIP","floor":15},{"not_picked":["hexamod:ForkedFlame","hexamod:GhostOfSpirePresent"],"picked":"hexamod:SixthSeal","floor":16},{"not_picked":["hexamod:GhostOfSpireFuture","hexamod:Haunt"],"picked":"hexamod:AdvancingGuard+1","floor":19},{"not_picked":["hexamod:FourthSeal","hexamod:RecurringNightmare","hexamod:GhostShield"],"picked":"SKIP","floor":19},{"not_picked":["hexamod:ChargedBarrage","hexamod:PhantomCloak"],"picked":"hexamod:EtherealExpedition","floor":21},{"not_picked":["hexamod:CatchUp+1","hexamod:BurningTouch","hexamod:EtherealExpedition"],"picked":"SKIP","floor":21},{"not_picked":["hexamod:HeatMetal","hexamod:SearingWound"],"picked":"hexamod:AdvancingGuard","floor":23},{"not_picked":["hexamod:ShieldOfDarkness","hexamod:Rewind+1","hexamod:BurningTouch"],"picked":"SKIP","floor":23},{"not_picked":["hexamod:SkipABeat+1","hexamod:BacktrackSmack"],"picked":"hexamod:HeatMetal","floor":25},{"not_picked":["hexamod:FastForward","hexamod:InspiringFlames+1","hexamod:GhostflameInferno"],"picked":"SKIP","floor":25},{"not_picked":["hexamod:HeatMetal","hexamod:Again+1","hexamod:Hexaguard"],"picked":"SKIP","floor":27},{"not_picked":["hexamod:SpectersWail","hexamod:Incineration","hexamod:CatchUp"],"picked":"SKIP","floor":27},{"not_picked":["hexamod:ChargedBarrage","hexamod:PhantomFireball","hexamod:InspiringFlames+1"],"picked":"SKIP","floor":28},{"not_picked":["hexamod:FourthSeal","hexamod:Haunt","hexamod:NightmareStrike"],"picked":"SKIP","floor":28},{"not_picked":["hexamod:HeatMetal","hexamod:SkipABeat"],"picked":"hexamod:HauntingEcho","floor":29},{"not_picked":["hexamod:Firestarter","hexamod:BurningTouch","hexamod:GhostOfSpirePresent"],"picked":"SKIP","floor":29},{"not_picked":["hexamod:HeatMetal+1","hexamod:InspiringFlames","hexamod:GhostLash"],"picked":"SKIP","floor":32},{"not_picked":["hexamod:FastForward+1","hexamod:ShieldOfDarkness","hexamod:Haunt"],"picked":"SKIP","floor":32},{"not_picked":["hexamod:HeatMetal+1","hexamod:ShieldOfDarkness","hexamod:PhantomCloak"],"picked":"SKIP","floor":36},{"not_picked":["hexamod:DynamicBlow","hexamod:Hexaguard","hexamod:FastForward+1"],"picked":"SKIP","floor":37},{"not_picked":["hexamod:Firestarter+1","hexamod:AdvancingGuard","hexamod:GhostOfSpirePast"],"picked":"SKIP","floor":37},{"not_picked":["hexamod:RadiantFlame+1","hexamod:FastForward+1"],"picked":"hexamod:ExtraCrispy","floor":42},{"not_picked":["hexamod:Haunt+1","hexamod:NightmareStrike","hexamod:SwordOfDarkness"],"picked":"SKIP","floor":42},{"not_picked":["hexamod:NightmareGuise","hexamod:TurnItUp"],"picked":"hexamod:ThermalTransfer","floor":44},{"not_picked":["hexamod:SwordOfDarkness+1","hexamod:NightmareGuise","hexamod:Hexaguard+1"],"picked":"SKIP","floor":44},{"not_picked":["hexamod:ChargedBarrage+1","hexamod:NightmareGuise+1","hexamod:ThermalTransfer"],"picked":"SKIP","floor":45},{"not_picked":["hexamod:ExtraCrispy+1","hexamod:BurningTouch+1","hexamod:SkipABeat"],"picked":"SKIP","floor":45},{"not_picked":["hexamod:NightmareStrike","hexamod:GhostLash","hexamod:PhantomFireball+1"],"picked":"SKIP","floor":48},{"not_picked":["hexamod:BurningTouch+1","hexamod:NightmareStrike+1","hexamod:Hexaguard+1"],"picked":"SKIP","floor":48},{"not_picked":["hexamod:SpectersWail+1","hexamod:DynamicBlow+1","hexamod:BacktrackSmack+1"],"picked":"SKIP","floor":49},{"not_picked":["hexamod:Haunt","hexamod:ShieldOfDarkness","hexamod:Rewind+1"],"picked":"SKIP","floor":49},{"not_picked":["hexamod:SpectersWail+1","hexamod:DynamicBlow+1","hexamod:BacktrackSmack+1"],"picked":"SKIP","floor":49},{"not_picked":["hexamod:Haunt","hexamod:ShieldOfDarkness","hexamod:Rewind+1"],"picked":"SKIP","floor":49}],"player_experience":103621,"relics_obtained":[{"floor":7,"key":"Pocketwatch"},{"floor":10,"key":"halation:PromiseList"},{"floor":24,"key":"Replay:Bandana"},{"floor":25,"key":"Replay:Wax Seal"},{"floor":26,"key":"Happy Flower"},{"floor":35,"key":"infinitespire:FocusingShard"},{"floor":41,"key":"Simple Rune"}],"event_choices":[{"damage_healed":0,"gold_gain":0,"player_choice":"Relic","damage_taken":0,"max_hp_gain":0,"max_hp_loss":0,"event_name":"Wheel of Change","floor":26,"gold_loss":0},{"damage_healed":0,"gold_gain":0,"player_choice":"Ignored","damage_taken":0,"max_hp_gain":0,"max_hp_loss":0,"event_name":"Vampires","floor":30,"gold_loss":0},{"damage_healed":0,"gold_gain":0,"player_choice":"Leave","damage_taken":0,"max_hp_gain":0,"max_hp_loss":0,"event_name":"conspire:Investor","floor":39,"gold_loss":0},{"damage_healed":0,"gold_gain":0,"player_choice":"3","damage_taken":0,"max_hp_gain":0,"max_hp_loss":0,"event_name":"betterMatch:BetterMatch","floor":40,"gold_loss":0,"cards_obtained":[]}],"is_beta":false,"boss_relics":[{"not_picked":["Replay:Grab Bag","Painkiller Herb"],"picked":"Fusion Hammer"},{"not_picked":["hubris:HollowSoul","conspire:SeveredTorchhead"],"picked":"ChewingGum"}],"items_purged_floors":[22,46],"is_endless":false,"potions_floor_spawned":[2,6,13,16,23,27,29,32,36,45,49],"ascension_level":0}}