{"host":"0s8kyghz8ihx2r41","time":1612481532,"event":{"mods":["2.2 Compatiblity","Act Like it!","Bard","BaseMod","CapriCore","Chen","Conspire","Downfall","Friendly Minions","GungeonMod","Hermit","HololiveMod","Hubris","Koishi","Lobotomy","LobotomyExtend","Marisa（霧雨　魔理沙）","Minty Spire (QoL Compilation)","Monster B Gone","Morshu Shopkeeper","Onozuka Komachi Mod","Prisma Mod","READ ME - Snecko Mod","Reimu（博??梦）","Reliquary","Replay The Spire","Spire Birthday Party","StSLib","The Administrix","The Alterego","The Clintock","The Construct","The Cursed","The Disciple","The Druid","The Edgeheg","The Gatherer","The Immortal","The Marked","The Mystic","The Servant 0.9.4","TheVacant","Waifu the Spire","Yakumo Yukari mod","Yuyuko","everything is the same but u backflip on backflip","slay the spire mod where everything is the same but ironclad has a cowboy hat"],"gold_per_floor":[119,89,109,122,122,154,172,172,251,251,202,213,245,258,258,361,361,380,398,416,416,416],"floor_reached":21,"language":"ENG","playtime":1823,"items_purged":[],"score":218,"play_id":"4aacebf6-4b1f-4f5c-9572-f315aaa03b88","local_time":"20210204183212","is_ascension_mode":false,"campfire_choices":[{"floor":8,"key":"REST"},{"floor":15,"key":"REST"}],"circlet_count":0,"master_deck":["alterego_mod:Strike","alterego_mod:Strike","alterego_mod:Strike","alterego_mod:Strike","alterego_mod:Defend","alterego_mod:Defend","alterego_mod:Defend","alterego_mod:Defend","alterego_mod:Impale","alterego_mod:BigMeatyClaws","alterego_mod:BrynhildrsRune+1","alterego_mod:Bounce","alterego_mod:TrashNCrash","alterego_mod:Nekomimi","alterego_mod:SakuraLabyrinth","alterego_mod:1TonWallop","alterego_mod:RidiculouslyBig","alterego_mod:Undulate","alterego_mod:Mirror","alterego_mod:ChallengeComplete","alterego_mod:Schoolgirl+1"],"relics":["alterego_mod:MasochisticConstitution","Matryoshka","reliquary:TatteredRug","hubris:Towel","Calipers"],"acts_visited":["Exordium","TheCity"],"potions_floor_usage":[7,13,14,16,21,21],"damage_taken":[{"damage":6,"enemies":"Jaw Worm","floor":1,"turns":6},{"damage":5,"enemies":"Cultist","floor":3,"turns":6},{"damage":0,"enemies":"2 Louse","floor":4,"turns":3},{"damage":38,"enemies":"3 Sentries","floor":6,"turns":16},{"damage":26,"enemies":"Lots of Slimes","floor":7,"turns":8},{"damage":7,"enemies":"Blue Slaver","floor":12,"turns":7},{"damage":0,"enemies":"Lagavulin","floor":13,"turns":13},{"damage":41,"enemies":"Exordium Thugs","floor":14,"turns":10},{"damage":32,"enemies":"Hexaghost","floor":16,"turns":24},{"damage":12,"enemies":"Shell Parasite","floor":18,"turns":8},{"damage":10,"enemies":"3 Byrds","floor":19,"turns":8},{"damage":34,"enemies":"Snake Plant","floor":20,"turns":7},{"damage":28,"enemies":"Centurion and Healer","floor":21,"turns":13}],"seed_played":"564674477899995010","potions_obtained":[{"floor":2,"key":"Ancient Potion"},{"floor":2,"key":"Milkshake"},{"floor":3,"key":"Adrenaline Potion"},{"floor":6,"key":"LifebloodPotion"},{"floor":7,"key":"Fire Potion"},{"floor":14,"key":"Adrenaline Potion"},{"floor":18,"key":"bronze:BurnAndBuffPotion"}],"is_trial":false,"path_per_floor":["M","?","M","M","?","E","M","R","T","?","$","M","E","M","R","B",null,"M","M","M","M"],"character_chosen":"The_Alterego","items_purchased":["alterego_mod:1TonWallop"],"campfire_rested":2,"item_purchase_floors":[11],"current_hp_per_floor":[71,71,67,72,72,42,45,67,67,67,67,68,68,42,64,40,77,66,57,24,0,0],"gold":416,"neow_bonus":"RANDOM_EVENT","is_daily":false,"chose_seed":false,"campfire_upgraded":0,"win_rate":0.0,"timestamp":1612481532,"path_taken":["M","?","M","?","?","E","?","R","T","?","$","M","E","M","R","BOSS","M","M","M","M"],"items_purchased_type":["Card"],"build_version":"2020-12-22","purchased_purges":0,"victory":false,"max_hp_per_floor":[71,71,72,72,72,73,74,74,74,74,74,75,75,76,76,77,77,78,79,80,80,80],"card_choices":[{"not_picked":["alterego_mod:Cooking","alterego_mod:Complex"],"picked":"alterego_mod:Bounce","floor":1},{"not_picked":["alterego_mod:Cooking","alterego_mod:Punishment"],"picked":"alterego_mod:BusterCard","floor":3},{"not_picked":["alterego_mod:Maid","alterego_mod:Lingerie"],"picked":"alterego_mod:TrashNCrash","floor":4},{"not_picked":["alterego_mod:Cooking","alterego_mod:Punishment"],"picked":"alterego_mod:Nekomimi","floor":6},{"not_picked":["alterego_mod:Birthday","alterego_mod:Stockings"],"picked":"alterego_mod:SakuraLabyrinth","floor":7},{"not_picked":["alterego_mod:DestructionOfProperty","alterego_mod:Cooking"],"picked":"alterego_mod:RidiculouslyBig","floor":12},{"not_picked":["alterego_mod:Smother","alterego_mod:DiscoLights"],"picked":"alterego_mod:Undulate","floor":13},{"not_picked":["alterego_mod:Clones","alterego_mod:GachaTicket"],"picked":"alterego_mod:Mirror","floor":14},{"not_picked":["alterego_mod:Lingerie+1","alterego_mod:DiscoLights+1"],"picked":"alterego_mod:ChallengeComplete","floor":18},{"not_picked":["alterego_mod:BoobPocket","alterego_mod:DiscoLights+1","alterego_mod:Santa"],"picked":"SKIP","floor":19},{"not_picked":["alterego_mod:BeGentle","alterego_mod:GoddessCore"],"picked":"alterego_mod:Schoolgirl+1","floor":20}],"player_experience":342578,"relics_obtained":[{"floor":6,"key":"Matryoshka"},{"floor":9,"key":"reliquary:TatteredRug"},{"floor":13,"key":"Calipers"}],"event_choices":[{"damage_healed":0,"gold_gain":0,"player_choice":"Grow","damage_taken":0,"max_hp_gain":0,"max_hp_loss":0,"event_name":"Living Wall","floor":0,"gold_loss":0,"cards_upgraded":["alterego_mod:BrynhildrsRune"]},{"damage_healed":0,"gold_gain":0,"player_choice":"Bought 2 Potions","damage_taken":0,"max_hp_gain":0,"max_hp_loss":0,"event_name":"The Woman in Blue","floor":2,"gold_loss":0},{"cards_removed":["alterego_mod:BusterCard"],"damage_healed":0,"gold_gain":0,"player_choice":"Offered Uncommon","damage_taken":0,"max_hp_gain":0,"max_hp_loss":0,"event_name":"Bonfire Elementals","floor":5,"gold_loss":0}],"is_beta":false,"boss_relics":[{"not_picked":["Hololive_Finger","Pandora\u0027s Box","conspire:RunicOctahedron"]}],"items_purged_floors":[],"is_endless":false,"potions_floor_spawned":[3,6,7,14,18],"killed_by":"Centurion and Healer","ascension_level":0}}