{"host":"jbmvtpvel2a8rbg6","time":1612465262,"event":{"mods":["Aspiration","BaseMod","Better Match","Better Sensory Stone","Better Skull","Conspire","Downfall","Energized Spire","GungeonMod","Hubris","Infinite Spire","Minty Spire (QoL Compilation)","RRrroohrrRGHHhhh!!","Reliquary","Replay The Spire","StSLib","Wandering Minibosses"],"gold_per_floor":[119,69,80,80,98,125,125,125,195,195,208,226,258,275,275,376,376,389,266,385,403,267,267,282,282,309,309,320,337,302,302,302],"floor_reached":31,"language":"ENG","playtime":2424,"items_purged":["DemoMod:HuntsMan","DemoMod:CrossBow"],"score":247,"play_id":"ae2d76af-81ba-4ee6-887e-ef3260be8872","local_time":"20210204110102","is_ascension_mode":false,"campfire_choices":[{"data":"DemoMod:MegaHand","floor":8,"key":"SMITH"},{"data":"DemoMod:LifeOrb","floor":10,"key":"SMITH"},{"floor":15,"key":"REST"},{"floor":23,"key":"REST"},{"floor":27,"key":"REST"}],"circlet_count":0,"master_deck":["DemoMod:Strike_Huntress","DemoMod:Strike_Huntress","DemoMod:Strike_Huntress","DemoMod:Defend_Huntress","DemoMod:Defend_Huntress","DemoMod:Defend_Huntress","DemoMod:Defend_Huntress","DemoMod:Roll","DemoMod:ManualReload","DemoMod:RustySidearm","DemoMod:DoubleSwitch","DemoMod:LifeOrb+1","DemoMod:MegaHand+1","DemoMod:ProbeStrike","DemoMod:BlankBullets","DemoMod:PotionOfGunFriendShip","DemoMod:ThirdPartyController","DemoMod:CursedBullets","DemoMod:AC15+1","DemoMod:Purify","ReplayTheSpireMod:Private Reserves","DemoMod:GunslingerForm","rorgmod:Feeble","DemoMod:GunstockTap+1"],"relics":["DemoMod:Dog","NeowsBlessing","hubris:TinFlute","Counterbalance","SsserpentHead","DemoMod:PinkGuonStone","Durian","energizedSpire:CursedPentagram","Lantern","Ring of Chaos","reliquary:PorcupineQuills","reliquary:RosewoodLute"],"acts_visited":["Exordium","TheCity"],"potions_floor_usage":[11,16,16,20,28,29,29],"damage_taken":[{"damage":0,"enemies":"Cultist","floor":1,"turns":1},{"damage":0,"enemies":"Jaw Worm","floor":3,"turns":1},{"damage":0,"enemies":"Small Slimes","floor":5,"turns":2},{"damage":35,"enemies":"Gremlin Nob","floor":6,"turns":5},{"damage":1,"enemies":"Exordium Thugs","floor":11,"turns":4},{"damage":6,"enemies":"2 Fungi Beasts","floor":12,"turns":3},{"damage":17,"enemies":"3 Sentries","floor":13,"turns":6},{"damage":10,"enemies":"3 Louse","floor":14,"turns":6},{"damage":28,"enemies":"Hexaghost","floor":16,"turns":10},{"damage":0,"enemies":"Spheric Guardian","floor":18,"turns":3},{"damage":56,"enemies":"conspire:MimicChest","floor":20,"turns":8},{"damage":22,"enemies":"2 Thieves","floor":21,"turns":5},{"damage":12,"enemies":"Snake Plant","floor":24,"turns":4},{"damage":9,"enemies":"3 Cultists","floor":28,"turns":5},{"damage":10,"enemies":"Snecko","floor":29,"turns":5},{"damage":26,"enemies":"Snake Plant","floor":31,"turns":3}],"seed_played":"8657276198714620007","potions_obtained":[{"floor":1,"key":"SpeedPotion"},{"floor":5,"key":"infinitespire:BlackPotion"},{"floor":12,"key":"Strength Potion"},{"floor":14,"key":"Strength Potion"},{"floor":21,"key":"Block Potion"},{"floor":21,"key":"Guardian:BlockOnCardUsePotion"}],"is_trial":false,"path_per_floor":["M","$","M","T","M","E","?","R","T","R","M","M","E","M","R","B",null,"M","$","?","M","$","R","M","AVR","T","R","M","M","?","M"],"character_chosen":"HUNTRESS","items_purchased":["DemoMod:HuntsMan","AttackPotion","ReplayTheSpireMod:Private Reserves"],"campfire_rested":3,"item_purchase_floors":[2,19,22],"current_hp_per_floor":[70,70,70,70,70,35,35,35,42,42,41,35,23,13,37,9,82,82,82,26,4,4,28,16,16,16,40,31,21,21,0,0],"gold":302,"neow_bonus":"THREE_ENEMY_KILL","is_daily":false,"chose_seed":false,"campfire_upgraded":2,"win_rate":0.0,"timestamp":1612465262,"path_taken":["M","$","?","?","M","E","?","R","T","R","M","M","E","M","R","BOSS","M","$","?","M","?","R","M","AVR","T","R","M","M","?","M"],"items_purchased_type":["Card","Potion","Card"],"build_version":"2020-12-22","purchased_purges":2,"victory":false,"max_hp_per_floor":[70,70,70,70,70,70,70,70,77,77,77,77,82,82,82,82,82,82,82,82,82,82,82,82,82,82,82,82,82,82,82,82],"card_choices":[{"not_picked":["DemoMod:MachoBrace","DemoMod:HighKaliber","DemoMod:ConditionalReflex"],"picked":"SKIP","floor":1},{"not_picked":["DemoMod:Ejector","DemoMod:BoxingGlove"],"picked":"DemoMod:DoubleSwitch","floor":3},{"not_picked":["DemoMod:ShadowBullets","DemoMod:TeaPot"],"picked":"DemoMod:LifeOrb","floor":5},{"not_picked":["DemoMod:SuppressiveFire","DemoMod:RadGun"],"picked":"DemoMod:MegaHand","floor":6},{"not_picked":["DemoMod:HardPowerCard","DemoMod:ConditionalReflex","DemoMod:MachoBrace"],"picked":"SKIP","floor":11},{"not_picked":["DemoMod:FastSwitch","DemoMod:Ejector"],"picked":"DemoMod:ProbeStrike","floor":12},{"not_picked":["DemoMod:Ejector","DemoMod:StickyCrossBow"],"picked":"DemoMod:BlankBullets","floor":13},{"not_picked":["DemoMod:HardPowerCard","DemoMod:Ejector","DemoMod:SkilledReload"],"picked":"SKIP","floor":13},{"not_picked":["DemoMod:GunShield","DemoMod:AC15"],"picked":"DemoMod:PotionOfGunFriendShip","floor":14},{"not_picked":["DemoMod:BalloonGun","DemoMod:SuppressiveFire"],"picked":"DemoMod:ThirdPartyController","floor":16},{"not_picked":["DemoMod:DirectionalPad+1","DemoMod:SAA"],"picked":"DemoMod:CursedBullets","floor":18},{"not_picked":["DemoMod:FortunesFavor","DemoMod:EasyReloadBullets+1"],"picked":"DemoMod:AC15+1","floor":20},{"not_picked":["DemoMod:ConditionalReflex+1","DemoMod:StickyCrossBow"],"picked":"DemoMod:Purify","floor":21},{"not_picked":["DemoMod:BoxingGlove","DemoMod:Unmoved","DemoMod:Purify"],"picked":"SKIP","floor":24},{"not_picked":["DemoMod:JK47","DemoMod:HardPowerCard"],"picked":"DemoMod:GunslingerForm","floor":28},{"not_picked":["DemoMod:StickyCrossBow+1","DemoMod:ConditionalReflex+1"],"picked":"DemoMod:GunstockTap+1","floor":29}],"player_experience":825030,"relics_obtained":[{"floor":4,"key":"hubris:TinFlute"},{"floor":6,"key":"Counterbalance"},{"floor":9,"key":"DemoMod:PinkGuonStone"},{"floor":13,"key":"Durian"},{"floor":20,"key":"Lantern"},{"floor":26,"key":"reliquary:PorcupineQuills"}],"event_choices":[{"damage_healed":0,"gold_gain":0,"player_choice":"Trade","damage_taken":0,"relics_obtained":["SsserpentHead"],"max_hp_gain":0,"max_hp_loss":0,"event_name":"FaceTrader","floor":7,"gold_loss":0},{"damage_healed":0,"gold_gain":0,"player_choice":"Obtained Relic","damage_taken":0,"relics_obtained":["reliquary:RosewoodLute"],"max_hp_gain":0,"max_hp_loss":0,"event_name":"Addict","floor":30,"gold_loss":85}],"is_beta":false,"boss_relics":[{"not_picked":["DemoMod:Test1","Replay:Ancient Bell"],"picked":"energizedSpire:CursedPentagram"}],"items_purged_floors":[19,22],"is_endless":false,"potions_floor_spawned":[1,5,12,14,21,21,24],"killed_by":"Snake Plant","ascension_level":0}}