{"host":"kvh5342rl0c7vxi5","time":1612482758,"event":{"mods":["BaseMod","Downfall","Hermit","Jorbs\u0027s Wanderer Trilogy","Minty Spire (QoL Compilation)","Quick Restart","StSLib","SuperFastMode","The Poker Player"],"gold_per_floor":[99,110,129,148,248,248,248,248],"floor_reached":6,"language":"ENG","playtime":408,"items_purged":[],"score":41,"play_id":"2e23e3ea-21e2-4f13-9021-4479ac21dab8","local_time":"20210204185238","is_ascension_mode":true,"campfire_choices":[{"data":"Guardian:TwinSlam","floor":1,"key":"SMITH"}],"circlet_count":0,"master_deck":["Guardian:Strike_Guardian","Guardian:Strike_Guardian","Guardian:Defend_Guardian","Guardian:Defend_Guardian","Guardian:Defend_Guardian","Guardian:Defend_Guardian","Guardian:CurlUp","Guardian:TwinSlam+1","Guardian:TemporalStrike","Guardian:BodySlam","Guardian:BronzeArmor+1","Guardian:Repulse","Guardian:Gem_Blue"],"relics":["Guardian:ModeShifter"],"acts_visited":["Exordium"],"potions_floor_usage":[],"damage_taken":[{"damage":0,"enemies":"Cultist","floor":2,"turns":4},{"damage":7,"enemies":"2 Louse","floor":3,"turns":3},{"damage":13,"enemies":"Small Slimes","floor":4,"turns":3},{"damage":44,"enemies":"downfall:Heads","floor":5,"turns":10},{"damage":35,"enemies":"Lagavulin","floor":6,"turns":7}],"seed_played":"1997645365759446799","potions_obtained":[{"floor":3,"key":"GamblersBrew"},{"floor":4,"key":"DuplicationPotion"}],"is_trial":false,"path_per_floor":["R","M","M","M","?","E"],"character_chosen":"GUARDIAN","items_purchased":[],"campfire_rested":0,"item_purchase_floors":[],"current_hp_per_floor":[88,88,81,68,24,0,0,0],"gold":248,"neow_bonus":"TEN_PERCENT_HP_BONUS","is_daily":false,"chose_seed":false,"campfire_upgraded":1,"win_rate":0.0,"timestamp":1612482758,"path_taken":["R","M","M","?","?","E"],"items_purchased_type":[],"build_version":"2020-12-22","purchased_purges":0,"victory":false,"max_hp_per_floor":[88,88,88,88,88,88,88,88],"card_choices":[{"not_picked":["Guardian:Planning","Guardian:Recover"],"picked":"Guardian:TemporalStrike","floor":2},{"not_picked":["Guardian:Planning","Guardian:PiercingHide"],"picked":"Guardian:BodySlam","floor":3},{"not_picked":["Guardian:PrimingBeam","Guardian:TemporalStrike"],"picked":"Guardian:BronzeArmor","floor":4},{"not_picked":["Guardian:Gem_Yellow","Guardian:Reroute"],"picked":"Guardian:Gem_Blue","floor":5}],"player_experience":587416,"relics_obtained":[],"event_choices":[],"is_beta":false,"boss_relics":[],"items_purged_floors":[],"is_endless":false,"potions_floor_spawned":[3,4],"killed_by":"Lagavulin","ascension_level":3}}