{"host":"a3wpq7kyokchzawk","time":1612398622,"event":{"mods":["BaseMod","Colored Map","Highlight Path","Minty Spire (QoL Compilation)","Permanent Neow","Potion Indicator Mod","Relic Stats","Weighted Paths"],"gold_per_floor":[118,133,183,198,209,209,220,248,248,280,280,311,311,64,64,138,138,150,150,170,189,209,209,234,234,261,261,261,261,294,308,308,382,382,398,398,298,298,315,344,40,57,80,97,97,97],"floor_reached":45,"language":"ENG","playtime":6192,"items_purged":["Strike_B","Doubt"],"score":1078,"play_id":"1b9b253e-65bc-4c96-8336-deba7e1bd611","local_time":"20210203223022","is_ascension_mode":true,"campfire_choices":[{"data":"Reinforced Body","floor":6.0,"key":"SMITH"},{"floor":11.0,"key":"REST"},{"data":"Stack","floor":15.0,"key":"SMITH"},{"data":"Double Energy","floor":23.0,"key":"SMITH"},{"data":"Coolheaded","floor":25.0,"key":"SMITH"},{"data":"Conserve Battery","floor":29.0,"key":"SMITH"},{"floor":32.0,"key":"REST"}],"circlet_count":0,"master_deck":["AscendersBane","Strike_B","Strike_B","Strike_B","Defend_B","Defend_B","Defend_B","Defend_B","Zap","Dualcast","Ball Lightning","Reinforced Body+1","Coolheaded+1","Rebound","Core Surge","Stack+1","Self Repair","Electrodynamics","Genetic Algorithm+1","Genetic Algorithm+1","Conserve Battery+1","Lockon+1","Double Energy+1","Steam+1","Defragment+1","CurseOfTheBell","BootSequence+1","Chill+1","Static Discharge+1","Loop","Undo","Turbo+1","Regret","Stack"],"relics":["Nuclear Battery","Vajra","Kunai","Bag of Preparation","Symbiotic Virus","Runic Capacitor","Cursed Key","Bag of Marbles","Art of War","Pen Nib","Calling Bell","Anchor","Mummified Hand","Bird Faced Urn","Sundial","Toolbox"],"acts_visited":["Exordium","TheCity","TheBeyond"],"potions_floor_usage":[],"damage_taken":[{"damage":1.0,"enemies":"Cultist","floor":1.0,"turns":4.0},{"damage":0.0,"enemies":"Jaw Worm","floor":2.0,"turns":3.0},{"damage":10.0,"enemies":"Small Slimes","floor":4.0,"turns":3.0},{"damage":8.0,"enemies":"Red Slaver","floor":5.0,"turns":4.0},{"damage":0.0,"enemies":"2 Fungi Beasts","floor":7.0,"turns":2.0},{"damage":6.0,"enemies":"Gremlin Nob","floor":8.0,"turns":3.0},{"damage":5.0,"enemies":"3 Sentries","floor":10.0,"turns":4.0},{"damage":0.0,"enemies":"Gremlin Nob","floor":12.0,"turns":2.0},{"damage":9.0,"enemies":"Slime Boss","floor":16.0,"turns":7.0},{"damage":9.0,"enemies":"2 Thieves","floor":18.0,"turns":4.0},{"damage":18.0,"enemies":"Shell Parasite","floor":20.0,"turns":5.0},{"damage":0.0,"enemies":"3 Cultists","floor":21.0,"turns":4.0},{"damage":6.0,"enemies":"Centurion and Healer","floor":22.0,"turns":5.0},{"damage":15.0,"enemies":"Slavers","floor":24.0,"turns":4.0},{"damage":6.0,"enemies":"Book of Stabbing","floor":30.0,"turns":4.0},{"damage":11.0,"enemies":"Cultist and Chosen","floor":31.0,"turns":5.0},{"damage":60.0,"enemies":"Champ","floor":33.0,"turns":17.0},{"damage":0.0,"enemies":"3 Shapes","floor":35.0,"turns":4.0},{"damage":20.0,"enemies":"3 Darklings","floor":39.0,"turns":5.0},{"damage":19.0,"enemies":"Nemesis","floor":40.0,"turns":9.0},{"damage":8.0,"enemies":"Writhing Mass","floor":42.0,"turns":6.0},{"damage":55.0,"enemies":"Transient","floor":44.0,"turns":6.0},{"damage":37,"enemies":"Giant Head","floor":45,"turns":7}],"seed_played":"-3370099527221421306","potions_obtained":[{"floor":4.0,"key":"AttackPotion"},{"floor":5.0,"key":"AttackPotion"},{"floor":7.0,"key":"SkillPotion"},{"floor":10.0,"key":"FearPotion"},{"floor":12.0,"key":"Energy Potion"},{"floor":21.0,"key":"SpeedPotion"},{"floor":22.0,"key":"SkillPotion"},{"floor":24.0,"key":"EntropicBrew"},{"floor":33.0,"key":"Block Potion"},{"floor":35.0,"key":"LiquidMemories"},{"floor":44.0,"key":"ColorlessPotion"}],"is_trial":false,"path_per_floor":["M","M","?","M","M","R","M","E","T","E","R","E","?","$","R","B",null,"M","?","M","M","M","R","E","R","T","?","?","R","E","M","R","B",null,"M","?","$","?","M","E","$","M","T","M","E"],"character_chosen":"DEFECT","items_purchased":["Runic Capacitor","Toolbox","Loop","Undo"],"campfire_rested":2,"item_purchase_floors":[14,41,41,41],"current_hp_per_floor":[63,63,56,46,38,38,38,32,32,27,48,48,48,48,48,46,65,63,63,45,52,53,53,45,45,45,45,45,45,46,42,63,10,56,69,69,69,69,60,54,54,63,63,25,0,0],"gold":97,"neow_bonus":"BOSS_RELIC","is_daily":false,"chose_seed":false,"campfire_upgraded":5,"win_rate":0.0,"timestamp":1612398622,"path_taken":["M","M","?","M","?","R","M","E","T","E","R","E","?","$","R","BOSS","M","?","M","?","M","R","E","R","T","?","?","R","E","M","R","BOSS","M","?","$","?","?","E","?","M","T","M","E"],"items_purchased_type":["Relic","Relic","Card","Card"],"build_version":"2020-12-22","purchased_purges":2,"victory":false,"max_hp_per_floor":[71,71,71,71,71,71,71,71,71,71,71,71,71,71,71,71,71,71,71,71,71,71,71,71,71,71,71,71,71,71,71,71,71,71,71,71,71,71,71,71,71,71,71,71,71,71],"relic_stats":{"counters":[23,117],"Mummified Hand":[27],"Sundial":[2],"Bird Faced Urn":[46],"Pen Nib":[7],"Bag of Preparation":[32],"Art of War":[12],"Kunai":[12],"Cursed Key":2,"obtain_stats":[{"Vajra":8,"Pen Nib":30,"Bag of Preparation":10,"Runic Capacitor":14,"Cursed Key":17,"Nuclear Battery":0,"Calling Bell":34,"Anchor":34,"Mummified Hand":34,"Sundial":40,"Bird Faced Urn":34,"Toolbox":41,"Bag of Marbles":24,"Art of War":26,"Kunai":9,"Cracked Core":0,"Symbiotic Virus":12},{"Vajra":6,"Pen Nib":15,"Bag of Preparation":7,"Runic Capacitor":8,"Cursed Key":9,"Nuclear Battery":0,"Calling Bell":17,"Anchor":17,"Mummified Hand":17,"Sundial":20,"Bird Faced Urn":17,"Toolbox":20,"Bag of Marbles":14,"Art of War":14,"Kunai":6,"Cracked Core":0,"Symbiotic Virus":8},{"Vajra":19,"Pen Nib":58,"Bag of Preparation":23,"Runic Capacitor":25,"Cursed Key":32,"Nuclear Battery":0,"Calling Bell":80,"Anchor":80,"Mummified Hand":80,"Sundial":98,"Bird Faced Urn":80,"Toolbox":98,"Bag of Marbles":54,"Art of War":54,"Kunai":19,"Cracked Core":0,"Symbiotic Virus":25}]},"card_choices":[{"not_picked":["Sweeping Beam","Tempest"],"picked":"Ball Lightning","floor":1.0},{"not_picked":["Reinforced Body","Conserve Battery"],"picked":"Doom and Gloom","floor":2.0},{"not_picked":["Rebound","Compile Driver"],"picked":"Reinforced Body","floor":4.0},{"not_picked":["Scrape","Fusion"],"picked":"Coolheaded","floor":5.0},{"not_picked":["Rip and Tear","Force Field"],"picked":"Rebound","floor":7.0},{"not_picked":["Sweeping Beam","Coolheaded"],"picked":"Core Surge","floor":8.0},{"not_picked":["Rebound","Leap"],"picked":"Stack","floor":10.0},{"not_picked":["Steam Power","Tempest"],"picked":"Self Repair","floor":12.0},{"not_picked":["Thunder Strike","Creative AI"],"picked":"Electrodynamics","floor":16.0},{"not_picked":["Ball Lightning","Conserve Battery"],"picked":"Genetic Algorithm+1","floor":18.0},{"not_picked":["Beam Cell","Melter"],"picked":"Conserve Battery","floor":20.0},{"not_picked":["Hologram","Conserve Battery"],"picked":"Lockon+1","floor":21.0},{"not_picked":["Compile Driver","Turbo"],"picked":"Double Energy","floor":22.0},{"not_picked":["Thunder Strike","Turbo"],"picked":"Steam+1","floor":24.0},{"not_picked":["Steam+1","Turbo","Rebound"],"picked":"SKIP","floor":30.0},{"not_picked":["Force Field","Go for the Eyes+1"],"picked":"Defragment","floor":31.0},{"not_picked":["Steam","Hello World"],"picked":"BootSequence+1","floor":35.0},{"not_picked":["Sweeping Beam","Beam Cell"],"picked":"Chill+1","floor":39.0},{"not_picked":["Static Discharge+1","Heatsinks","Turbo"],"picked":"SKIP","floor":40.0},{"not_picked":["Heatsinks","Turbo"],"picked":"Static Discharge+1","floor":40.0},{"not_picked":["Rip and Tear+1","Lockon"],"picked":"Turbo+1","floor":42.0},{"not_picked":["Cold Snap","Leap"],"picked":"Stack","floor":44.0}],"player_experience":2619689,"relics_obtained":[{"floor":8.0,"key":"Vajra"},{"floor":9.0,"key":"Kunai"},{"floor":10.0,"key":"Bag of Preparation"},{"floor":12.0,"key":"Symbiotic Virus"},{"floor":24.0,"key":"Bag of Marbles"},{"floor":26.0,"key":"Art of War"},{"floor":30.0,"key":"Pen Nib"},{"floor":34.0,"key":"Anchor"},{"floor":34.0,"key":"Mummified Hand"},{"floor":34.0,"key":"Bird Faced Urn"},{"floor":40.0,"key":"Sundial"}],"event_choices":[{"damage_healed":0.0,"max_hp_gain":0.0,"max_hp_loss":0.0,"gold_gain":50.0,"event_name":"FaceTrader","player_choice":"Touch","floor":3.0,"gold_loss":0.0,"damage_taken":7.0},{"damage_healed":0.0,"max_hp_gain":0.0,"max_hp_loss":0.0,"gold_gain":0.0,"event_name":"The Cleric","player_choice":"Leave","floor":13.0,"gold_loss":0.0,"damage_taken":0.0},{"damage_healed":0.0,"max_hp_gain":0.0,"max_hp_loss":0.0,"gold_gain":0.0,"event_name":"Duplicator","player_choice":"Copied","floor":19.0,"gold_loss":0.0,"damage_taken":0.0,"cards_obtained":["Genetic Algorithm"]},{"damage_healed":0.0,"max_hp_gain":0.0,"max_hp_loss":0.0,"gold_gain":0.0,"event_name":"Vampires","player_choice":"Ignored","floor":27.0,"gold_loss":0.0,"damage_taken":0.0},{"damage_healed":0.0,"max_hp_gain":0.0,"max_hp_loss":0.0,"gold_gain":0.0,"event_name":"The Mausoleum","player_choice":"Ignored","floor":28.0,"gold_loss":0.0,"damage_taken":0.0},{"cards_removed":["Doom and Gloom"],"damage_healed":0.0,"max_hp_gain":0.0,"max_hp_loss":0.0,"gold_gain":0.0,"event_name":"Falling","player_choice":"Removed Attack","floor":36.0,"gold_loss":0.0,"damage_taken":0.0},{"damage_healed":0.0,"max_hp_gain":0.0,"max_hp_loss":0.0,"gold_gain":0.0,"event_name":"Accursed Blacksmith","player_choice":"Forge","floor":38.0,"gold_loss":0.0,"damage_taken":0.0,"cards_upgraded":["Defragment"]}],"is_beta":false,"boss_relics":[{"not_picked":["Busted Crown","Sozu"],"picked":"Cursed Key"},{"not_picked":["Coffee Dripper","Philosopher\u0027s Stone"],"picked":"Calling Bell"}],"items_purged_floors":[14,37],"is_endless":false,"potions_floor_spawned":[4,5,7,10,12,21,22,24,33,35,44],"killed_by":"Giant Head","ascension_level":19}}