{"host":"cfv8orgc8997ql4r","time":1612458997,"event":{"mods":["AchievementEnabler","BaseMod","DeckTracker","Keyboard Shortcuts","Minty Spire (QoL Compilation)"],"gold_per_floor":[118,44,44,44,64,96,96,110,133,113,113,125,154,171,171,276,276,288,58,78,91,111,111,138,138,213,213,224,244,46,58,58,156,156,168,168,10,25,35,35,55,55,78,78,87,29,47,7,7,7],"floor_reached":51,"language":"KOR","playtime":1186,"items_purged":["Strike_R","Writhe","Body Slam"],"score":895,"play_id":"213ddb84-df72-4d97-b10b-69d6d8199325","local_time":"20210205021637","is_ascension_mode":true,"campfire_choices":[{"data":"Inflame","floor":7.0,"key":"SMITH"},{"data":"Inflame","floor":11.0,"key":"SMITH"},{"data":"1","floor":15.0,"key":"LIFT"},{"data":"2","floor":23.0,"key":"LIFT"},{"data":"3","floor":25.0,"key":"LIFT"},{"data":"Limit Break","floor":32.0,"key":"SMITH"},{"data":"Double Tap","floor":40,"key":"SMITH"},{"data":"Armaments","floor":42,"key":"SMITH"},{"data":"Perfected Strike","floor":44,"key":"SMITH"},{"data":"Burning Pact","floor":49,"key":"SMITH"}],"circlet_count":0,"master_deck":["Strike_R","Strike_R","Strike_R","Strike_R","Defend_R","Defend_R","Defend_R","Defend_R","Bash","Inflame+1","Flame Barrier","Inflame+1","Heavy Blade","Sword Boomerang","Perfected Strike+1","Sword Boomerang","Reaper","Twin Strike+1","Limit Break+1","Warcry","Burning Pact+1","Perfected Strike","Armaments+1","Double Tap+1","Havoc","Normality","Limit Break+1"],"relics":["Burning Blood","NeowsBlessing","Centennial Puzzle","The Courier","Anchor","Girya","Cursed Key","Regal Pillow","Pantograph","Self Forming Clay","Orichalcum","Runic Pyramid","CeramicFish"],"acts_visited":["Exordium","TheCity","TheBeyond"],"potions_floor_usage":[41,50,50],"damage_taken":[{"damage":0.0,"enemies":"2 Louse","floor":1.0,"turns":1.0},{"damage":0.0,"enemies":"Cultist","floor":5.0,"turns":1.0},{"damage":0.0,"enemies":"3 Sentries","floor":6.0,"turns":2.0},{"damage":13.0,"enemies":"Jaw Worm","floor":8.0,"turns":4.0},{"damage":11.0,"enemies":"Blue Slaver","floor":12.0,"turns":3.0},{"damage":0.0,"enemies":"Gremlin Nob","floor":13.0,"turns":2.0},{"damage":0.0,"enemies":"3 Louse","floor":14.0,"turns":3.0},{"damage":28.0,"enemies":"The Guardian","floor":16.0,"turns":9.0},{"damage":0.0,"enemies":"Chosen","floor":18.0,"turns":3.0},{"damage":11.0,"enemies":"Spheric Guardian","floor":20.0,"turns":3.0},{"damage":0.0,"enemies":"Chosen and Byrds","floor":21.0,"turns":4.0},{"damage":26.0,"enemies":"Snecko","floor":22.0,"turns":4.0},{"damage":33.0,"enemies":"Book of Stabbing","floor":24.0,"turns":4.0},{"damage":25.0,"enemies":"Snake Plant","floor":28.0,"turns":3.0},{"damage":13.0,"enemies":"Centurion and Healer","floor":29.0,"turns":2.0},{"damage":2.0,"enemies":"Chosen and Byrds","floor":31.0,"turns":4.0},{"damage":78.0,"enemies":"Automaton","floor":33.0,"turns":7.0},{"damage":18.0,"enemies":"3 Shapes","floor":35.0,"turns":2.0},{"damage":1,"enemies":"Orb Walker","floor":38,"turns":2},{"damage":29,"enemies":"Sphere and 2 Shapes","floor":39,"turns":4},{"damage":3,"enemies":"Transient","floor":41,"turns":5},{"damage":25,"enemies":"4 Shapes","floor":47,"turns":5},{"damage":78,"enemies":"Awakened One","floor":50,"turns":6}],"seed_played":"-4105476650159667753","potions_obtained":[{"floor":5.0,"key":"SkillPotion"},{"floor":6.0,"key":"Strength Potion"},{"floor":10.0,"key":"DistilledChaos"},{"floor":12.0,"key":"Energy Potion"},{"floor":14.0,"key":"ElixirPotion"},{"floor":20.0,"key":"Ancient Potion"},{"floor":24.0,"key":"HeartOfIron"},{"floor":31.0,"key":"EssenceOfSteel"},{"floor":38,"key":"Fire Potion"},{"floor":41,"key":"DistilledChaos"}],"is_trial":false,"path_per_floor":["M","$","?","$","M","E","R","M","T","?","R","M","E","M","R","B",null,"M","$","M","M","M","R","E","R","T","?","M","M","$","M","R","B",null,"M","?","$","M","M","R","M","R","T","R","?","$","M","$","R","B",null],"character_chosen":"IRONCLAD","items_purchased":["Inflame","Limit Break","Regal Pillow","Orichalcum","DuplicationPotion","DistilledChaos","BloodPotion"],"campfire_rested":0,"item_purchase_floors":[2,19,19,30,37,46,48],"current_hp_per_floor":[80,80,55,55,61,67,67,60,60,60,60,55,61,67,67,45,80,80,80,75,80,68,68,53,53,53,53,34,80,80,80,80,8,80,68,68,68,73,62,62,80,80,80,80,80,80,77,77,77,68],"gold":7,"neow_bonus":"THREE_ENEMY_KILL","is_daily":false,"chose_seed":false,"campfire_upgraded":7,"win_rate":0.0,"timestamp":1612458997,"path_taken":["M","$","?","$","M","E","R","M","T","?","R","M","E","?","R","BOSS","M","$","M","M","M","R","E","R","T","?","M","M","$","M","R","BOSS","M","?","$","M","M","R","M","R","T","R","?","$","M","$","R","BOSS"],"items_purchased_type":["Card","Card","Relic","Relic","Potion","Potion","Potion"],"build_version":"2020-12-22","purchased_purges":3,"victory":true,"max_hp_per_floor":[80,80,80,80,80,80,80,80,80,80,80,80,80,80,80,80,80,80,80,80,80,80,80,80,80,80,80,80,80,80,80,80,80,80,80,80,80,80,80,80,80,80,80,80,80,80,80,80,80,80],"card_choices":[{"not_picked":["Headbutt","Spot Weakness"],"picked":"Body Slam","floor":1.0},{"not_picked":["True Grit","Iron Wave"],"picked":"Flame Barrier","floor":5.0},{"not_picked":["Bloodletting","Pommel Strike"],"picked":"Inflame","floor":6.0},{"not_picked":["Cleave","Shrug It Off"],"picked":"Heavy Blade","floor":8.0},{"not_picked":["Impervious","Pommel Strike"],"picked":"Sword Boomerang","floor":12.0},{"not_picked":["Headbutt","Rampage"],"picked":"Perfected Strike","floor":13.0},{"not_picked":["Evolve","Wild Strike"],"picked":"Sword Boomerang","floor":14.0},{"not_picked":["Exhume","Berserk"],"picked":"Reaper","floor":16.0},{"not_picked":["Searing Blow","Bloodletting+1"],"picked":"Twin Strike+1","floor":18.0},{"not_picked":["Anger","Cleave"],"picked":"Warcry","floor":20.0},{"not_picked":["Thunderclap","Disarm","Evolve"],"picked":"SKIP","floor":21.0},{"not_picked":["Sentinel","Anger","Clash+1"],"picked":"SKIP","floor":22.0},{"not_picked":["Cleave","Sever Soul+1"],"picked":"Burning Pact","floor":24.0},{"not_picked":["Warcry","Anger+1","Rage+1"],"picked":"SKIP","floor":28.0},{"not_picked":["Power Through","Headbutt"],"picked":"Perfected Strike","floor":29.0},{"not_picked":["Iron Wave+1","Cleave"],"picked":"Armaments","floor":31.0},{"not_picked":["Offering","Demon Form"],"picked":"Double Tap","floor":33.0},{"not_picked":["Infernal Blade+1","Searing Blow"],"picked":"Havoc","floor":35.0},{"not_picked":["Rage","Clothesline+1","Body Slam+1"],"picked":"SKIP","floor":38},{"not_picked":["Rampage","Ghostly Armor","Iron Wave+1"],"picked":"SKIP","floor":39},{"not_picked":["Body Slam","Clash","Headbutt+1"],"picked":"SKIP","floor":41},{"not_picked":["Perfected Strike","Pommel Strike+1","Cleave"],"picked":"SKIP","floor":47}],"player_experience":192680,"relics_obtained":[{"floor":6.0,"key":"The Courier"},{"floor":9.0,"key":"Anchor"},{"floor":13.0,"key":"Girya"},{"floor":24.0,"key":"Pantograph"},{"floor":26.0,"key":"Self Forming Clay"},{"floor":43,"key":"CeramicFish"}],"event_choices":[{"damage_healed":0.0,"max_hp_gain":0.0,"max_hp_loss":0.0,"gold_gain":0.0,"event_name":"Scrap Ooze","player_choice":"Success","floor":3.0,"gold_loss":0.0,"damage_taken":25.0,"relics_obtained":["Centennial Puzzle"]},{"damage_healed":0.0,"max_hp_gain":0.0,"max_hp_loss":0.0,"gold_gain":0.0,"event_name":"The Woman in Blue","player_choice":"Bought 1 Potion","floor":10.0,"gold_loss":0.0,"damage_taken":0.0},{"damage_healed":0.0,"max_hp_gain":0.0,"max_hp_loss":0.0,"gold_gain":0.0,"event_name":"Ghosts","player_choice":"Ignored","floor":27.0,"gold_loss":0.0,"damage_taken":0.0},{"damage_healed":0,"gold_gain":0,"player_choice":"Ignored","damage_taken":0,"max_hp_gain":0,"max_hp_loss":0,"event_name":"Mysterious Sphere","floor":36,"gold_loss":0},{"damage_healed":0,"gold_gain":0,"player_choice":"Copied","damage_taken":0,"max_hp_gain":0,"max_hp_loss":0,"event_name":"Duplicator","floor":45,"gold_loss":0,"cards_obtained":["Limit Break"]}],"is_beta":false,"boss_relics":[{"not_picked":["Runic Cube","Fusion Hammer"],"picked":"Cursed Key"},{"not_picked":["Pandora\u0027s Box","Velvet Choker"],"picked":"Runic Pyramid"}],"items_purged_floors":[19,30,37],"is_endless":false,"potions_floor_spawned":[5,6,12,14,20,22,24,31,38,41],"ascension_level":4}}