{"host":"ebb80zukoz08lvke","time":1612411263,"event":{"mods":["2.2 Compatiblity","AchievementEnabler","Act Like it!","BaseMod","Bestiary","Better Altar","Better Note","Better Skull","Colored Powertips","Friendly Minions","Highlight Path","Minty Spire (QoL Compilation)","Relic Stats","StSLib","The Necromancer"],"gold_per_floor":[116,134,148,148,163,198,198,198,198],"floor_reached":8,"language":"ENG","playtime":720,"items_purged":[],"score":58,"play_id":"a7d0dd54-21b1-4602-87c5-8a6261096ed2","local_time":"20210204000103","is_ascension_mode":false,"campfire_choices":[{"floor":7,"key":"REST"}],"circlet_count":0,"master_deck":["Strike_W","Strike_W","Strike_W","Defend_W","Defend_W","Defend_W","Defend_W","Negative_Energy_Arrows","Bone_Wall","Spectral_Armor","Bone_Bullets","Finger_Of_Death","Shackles_Of_Pain","Bone_Prison"],"relics":["Vampire_Amulet","NeowsBlessing","Bird Faced Urn"],"acts_visited":["Exordium"],"potions_floor_usage":[6,6],"damage_taken":[{"damage":0,"enemies":"2 Louse","floor":1,"turns":1},{"damage":0,"enemies":"Jaw Worm","floor":2,"turns":1},{"damage":0,"enemies":"Cultist","floor":3,"turns":1},{"damage":0,"enemies":"Exordium Wildlife","floor":5,"turns":4},{"damage":65,"enemies":"3 Sentries","floor":6,"turns":15},{"damage":39,"enemies":"Gremlin Nob","floor":8,"turns":4}],"seed_played":"3827101067900120394","potions_obtained":[{"floor":1,"key":"AttackPotion"},{"floor":5,"key":"SteroidPotion"}],"is_trial":false,"path_per_floor":["M","M","M","?","M","E","R","E"],"character_chosen":"NECROMANCER","items_purchased":[],"campfire_rested":1,"item_purchase_floors":[],"current_hp_per_floor":[75,75,75,75,75,16,38,0,0],"gold":198,"neow_bonus":"THREE_ENEMY_KILL","is_daily":false,"chose_seed":false,"campfire_upgraded":0,"win_rate":0.0,"timestamp":1612411263,"path_taken":["M","M","M","?","M","E","R","E"],"items_purchased_type":[],"build_version":"2020-12-22","purchased_purges":0,"victory":false,"max_hp_per_floor":[75,75,75,75,75,75,75,75,75],"relic_stats":{"counters":[6,26],"Bird Faced Urn":[0],"obtain_stats":[{"NeowsBlessing":0,"Bird Faced Urn":6,"Vampire_Amulet":0},{"NeowsBlessing":0,"Bird Faced Urn":5,"Vampire_Amulet":0},{"NeowsBlessing":0,"Bird Faced Urn":22,"Vampire_Amulet":0}]},"card_choices":[{"not_picked":["Plague_Bolt","Consume_Illness"],"picked":"Spectral_Armor","floor":1},{"not_picked":["Necrotic_Claws","Bone_Shift"],"picked":"Bone_Bullets","floor":2},{"not_picked":["Violent_Necrosis","Shackles_Of_Pain"],"picked":"Finger_Of_Death","floor":3},{"not_picked":["Consume_Illness","Negative_Energy_Mist"],"picked":"Shackles_Of_Pain","floor":5},{"not_picked":["Bones_to_Steel","Death_Knell"],"picked":"Bone_Prison","floor":6}],"player_experience":77500,"relics_obtained":[{"floor":6,"key":"Bird Faced Urn"}],"event_choices":[{"cards_removed":["Strike_W"],"damage_healed":0,"gold_gain":0,"player_choice":"Forget","damage_taken":0,"max_hp_gain":0,"max_hp_loss":0,"event_name":"Living Wall","floor":4,"gold_loss":0}],"is_beta":false,"boss_relics":[],"items_purged_floors":[],"is_endless":false,"potions_floor_spawned":[1,5],"killed_by":"Gremlin Nob","ascension_level":0}}