{"host":"zjc1tzo4ovig5lll","time":1612450981,"event":{"mods":["AchievementEnabler","Aspiration","BaseMod","Beaked The Cultist","Better Altar","Better Match","Better Note","Better Sensory Stone","Colored Map","Colored Powertips","Conspire","Energized Spire","Friendly Minions","GifTheSpireLib","Halation","Hermit","Hubris","Minty Spire (QoL Compilation)","Rare Cards Sparkle","Replay The Spire","StSLib","The Blue Laboratory","The Bug Knight","The Construct","The Jungle","everything is the same but u backflip on backflip"],"gold_per_floor":[119,137,58,58,76,103,103,103,103,103,138,138,171,191,191,295,295,317,317,247,265,115,115,132,132,132,171,271,313,313,313,313,418,418,453,121,221,126,150,150,176,200,200,220,243,243,203,220,220,248,248,248,89,139,163,163],"floor_reached":55,"language":"ENG","playtime":3066,"items_purged":["Skewer"],"score":799,"play_id":"2a6af71f-abd4-434c-ae5f-d413e8523b3c","local_time":"20210204170301","is_ascension_mode":true,"campfire_choices":[{"floor":8.0,"key":"REST"},{"floor":10.0,"key":"REST"},{"floor":15.0,"key":"RECALL"},{"data":"beaked:VigorBurst","floor":23.0,"key":"SMITH"},{"data":"ReplayTheSpireMod:From All Sides","floor":30.0,"key":"SMITH"},{"data":"Bite","floor":32.0,"key":"SMITH"},{"floor":40.0,"key":"REST"},{"data":"beaked:MachineEssence","floor":46.0,"key":"SMITH"},{"floor":49.0,"key":"REST"},{"data":"beaked:KnowThyFoe","floor":52.0,"key":"SMITH"}],"circlet_count":0,"master_deck":["beaked:Defend_Y","beaked:Defend_Y","beaked:Defend_Y","beaked:Ceremony+1","beaked:Ceremony","beaked:Ceremony","beaked:Insight","beaked:Insight","beaked:Insight","beaked:Evade+1","beaked:CrazyRituals+1","ReplayTheSpireMod:From All Sides+1","Cloak And Dagger","beaked:VigorBurst+1","Bite+1","Bite+1","Bite","Bite+1","Bite","beaked:MimicMachine","beaked:Hexing","beaked:Foresight+1","beaked:MaddeningMurmurs+1","beaked:KnowThyFoe+1","Deep Breath","Replay:Bootleg Shield Generator","beaked:MaddeningMurmurs","Parasite","beaked:MachineEssence+1","beaked:SurvivalInstinct+1","beaked:MachineEssence"],"relics":["beaked:MendingPlumage","NeowsBlessing","hubris:BundleOfHerbs","aspiration:BabyByrd","halation:IllGainedPizza","Juzu Bracelet","hubris:Backtick","aspiration:HatOfInfinitePower","Iron Hammer","hubris:Metronome","Whetstone","energizedSpire:OgreHead","Replay:Ringing Soul","Ancient Tea Set","halation:KoshaPiece"],"acts_visited":["Exordium","TheCity","TheBeyond","TheEnding"],"potions_floor_usage":[55],"damage_taken":[{"damage":0.0,"enemies":"2 Louse","floor":1.0,"turns":1.0},{"damage":0.0,"enemies":"conspire:RoseBush","floor":2.0,"turns":1.0},{"damage":2.0,"enemies":"Jaw Worm","floor":5.0,"turns":2.0},{"damage":47.0,"enemies":"Gremlin Nob","floor":6.0,"turns":5.0},{"damage":19.0,"enemies":"HollowMod:MossKnight","floor":11.0,"turns":8.0},{"damage":46.0,"enemies":"Gremlin Nob","floor":13.0,"turns":6.0},{"damage":9.0,"enemies":"2 Fungi Beasts","floor":14.0,"turns":5.0},{"damage":26.0,"enemies":"Slime Boss","floor":16.0,"turns":7.0},{"damage":33.0,"enemies":"Shell Parasite","floor":18.0,"turns":5.0},{"damage":7.0,"enemies":"Chosen","floor":21.0,"turns":6.0},{"damage":18.0,"enemies":"conspire:HollyBat","floor":24.0,"turns":5.0},{"damage":31.0,"enemies":"HollowMod:Nosk","floor":27.0,"turns":7.0},{"damage":38.0,"enemies":"Gremlin Leader","floor":29.0,"turns":6.0},{"damage":26.0,"enemies":"hubris:MusketHawk","floor":33.0,"turns":6.0},{"damage":67.0,"enemies":"3 Darklings","floor":35.0,"turns":7.0},{"damage":44.0,"enemies":"3 Shapes","floor":39.0,"turns":3.0},{"damage":50.0,"enemies":"Writhing Mass","floor":41.0,"turns":8.0},{"damage":74.0,"enemies":"Spire Growth","floor":42.0,"turns":6.0},{"damage":40.0,"enemies":"Transient","floor":44.0,"turns":5.0},{"damage":73.0,"enemies":"Jaw Worm Horde","floor":45.0,"turns":8.0},{"damage":59.0,"enemies":"Spire Growth","floor":48.0,"turns":4.0},{"damage":156.0,"enemies":"Awakened One","floor":50.0,"turns":17.0},{"damage":127.0,"enemies":"Shield and Spear","floor":54.0,"turns":8.0},{"damage":96,"enemies":"The Heart","floor":55,"turns":3}],"seed_played":"-7143839797629559645","potions_obtained":[{"floor":16.0,"key":"blueLaboratory:PyrophylliteBrew"},{"floor":29.0,"key":"BlessingOfTheForge"},{"floor":33.0,"key":"Dexterity Potion"}],"is_trial":false,"path_per_floor":["M","M","$","?","M","E","?","R","T","R","E","?","E","M","R_BF","B",null,"M","?","$","M","$","R","M","?","T","E","?","E","R","$","R","B",null,"M","$","?","$","M","R","M","M","T","M","M","R","?","M","R","B",null,"R","$","E","B"],"character_chosen":"BEAKED_THE_CULTIST","items_purchased":["beaked:Insight","beaked:Evade+1","beaked:MimicMachine","beaked:Hexing","Replay:Ringing Soul","Deep Breath","Replay:Bootleg Shield Generator","beaked:MachineEssence"],"campfire_rested":4,"item_purchase_floors":[3,3,20,22,36,36,38,53],"current_hp_per_floor":[50,50,50,50,49,16,16,31,31,46,50,50,14,30,30,35,55,40,38,38,38,38,38,33,33,33,38,38,37,37,37,37,38,38,36,39,39,42,12,26,46,50,50,33,53,53,53,33,48,53,53,53,56,56,0,0],"gold":163,"neow_bonus":"THREE_ENEMY_KILL","is_daily":false,"chose_seed":false,"campfire_upgraded":5,"win_rate":0.0,"timestamp":1612450981,"path_taken":["M","M","$","?","?","E","?","R","T","R","E","?","E","M","R_BF","BOSS","M","?","$","M","$","R","M","?","T","E","?","E","R","?","R","BOSS","M","$","?","$","M","R","M","M","T","M","M","R","?","M","R","BOSS","R","$","E","BOSS"],"items_purchased_type":["Card","Card","Card","Card","Relic","Card","Card","Card"],"build_version":"2020-12-22","purchased_purges":1,"victory":false,"max_hp_per_floor":[50,50,50,50,50,50,50,50,50,50,50,50,50,55,55,55,55,55,38,38,38,38,38,38,38,38,38,38,38,38,38,38,38,38,38,41,41,44,47,47,50,50,50,50,53,53,53,53,53,53,53,53,56,56,56,56],"card_choices":[{"not_picked":["beaked:VigorBurst","beaked:Brace"],"picked":"beaked:Insight","floor":1.0},{"not_picked":["beaked:FeelMyPain","beaked:Tweet"],"picked":"beaked:Insight","floor":2.0},{"not_picked":["beaked:BloodForTheGods","beaked:SacrificialScars"],"picked":"beaked:CrazyRituals","floor":5.0},{"not_picked":["beaked:WarriorEssence","beaked:Evade","beaked:MimicHuntress"],"picked":"SKIP","floor":6.0},{"not_picked":["beaked:RuinSticks","beaked:FullHouse","beaked:SacrificialDive"],"picked":"SKIP","floor":11.0},{"not_picked":["beaked:Devastation","beaked:MimicWarrior","beaked:Overpower"],"picked":"SKIP","floor":13.0},{"not_picked":["beaked:VigorBurst","beaked:Overpower","beaked:Brace"],"picked":"SKIP","floor":14.0},{"not_picked":["beaked:Overpower","beaked:Brace"],"picked":"beaked:VigorBurst","floor":14.0},{"not_picked":["beaked:Daydream","beaked:HuntressSpirit","beaked:Resilience"],"picked":"SKIP","floor":18.0},{"not_picked":["beaked:BloodForTheGods","beaked:Windmill","ReplayTheSpireMod:Prepare the Ceremony"],"picked":"SKIP","floor":21.0},{"not_picked":["beaked:Brace","beaked:Roost+1"],"picked":"beaked:Foresight","floor":24.0},{"not_picked":["beaked:StunningBlow","beaked:Overpower","beaked:Poke"],"picked":"SKIP","floor":27.0},{"not_picked":["beaked:SacrificialScars","beaked:TuckingFeathers+1"],"picked":"beaked:MaddeningMurmurs+1","floor":29.0},{"not_picked":["beaked:DarkPact","beaked:SacrificialScars"],"picked":"beaked:KnowThyFoe","floor":33.0},{"not_picked":["beaked:Redirect+1","beaked:Daydream+1","beaked:Poke+1"],"picked":"SKIP","floor":35.0},{"not_picked":["beaked:BounceBack+1","beaked:CursingBlood+1"],"picked":"beaked:MaddeningMurmurs","floor":39.0},{"not_picked":["beaked:StunningBlow","beaked:Insight"],"picked":"beaked:MachineEssence","floor":41.0},{"not_picked":["beaked:Tradeoff+1","beaked:Overpower+1","beaked:StickSmack+1"],"picked":"SKIP","floor":42.0},{"not_picked":["beaked:HuntressEssence+1","beaked:SurvivalInstinct","beaked:Brace+1"],"picked":"SKIP","floor":44.0},{"not_picked":["beaked:Insight+1","beaked:Tradeoff"],"picked":"beaked:SurvivalInstinct+1","floor":45.0},{"not_picked":["beaked:Poke","beaked:Flinch","beaked:Daydream+1"],"picked":"SKIP","floor":48.0},{"not_picked":["beaked:StickSmack","beaked:MimicMachine","beaked:Sacrifice"],"picked":"SKIP","floor":54.0}],"player_experience":678776,"relics_obtained":[{"floor":6.0,"key":"hubris:BundleOfHerbs"},{"floor":11.0,"key":"halation:IllGainedPizza"},{"floor":13.0,"key":"Juzu Bracelet"},{"floor":26.0,"key":"Iron Hammer"},{"floor":27.0,"key":"hubris:Metronome"},{"floor":29.0,"key":"Whetstone"},{"floor":43.0,"key":"Ancient Tea Set"},{"floor":54.0,"key":"halation:KoshaPiece"}],"event_choices":[{"cards_removed":["beaked:Strike_Y"],"damage_healed":0.0,"max_hp_gain":0.0,"max_hp_loss":0.0,"gold_gain":0.0,"event_name":"Purifier","player_choice":"Purged","floor":4.0,"gold_loss":0.0,"damage_taken":0.0},{"damage_healed":0.0,"max_hp_gain":0.0,"max_hp_loss":17.0,"gold_gain":0.0,"event_name":"Vampires","player_choice":"Became a vampire","floor":19.0,"gold_loss":0.0,"damage_taken":0.0,"cards_obtained":["Bite","Bite","Bite","Bite","Bite"]},{"damage_healed":0.0,"max_hp_gain":0.0,"max_hp_loss":0.0,"gold_gain":0.0,"event_name":"Upgrade Shrine","player_choice":"Upgraded","floor":25.0,"gold_loss":0.0,"damage_taken":0.0,"cards_upgraded":["beaked:Foresight"]},{"damage_healed":0.0,"max_hp_gain":0.0,"max_hp_loss":0.0,"gold_gain":100.0,"event_name":"Golden Shrine","player_choice":"Pray","floor":28.0,"gold_loss":0.0,"damage_taken":0.0},{"damage_healed":0.0,"max_hp_gain":0.0,"max_hp_loss":0.0,"gold_gain":100.0,"event_name":"Golden Shrine","player_choice":"Pray","floor":37.0,"gold_loss":0.0,"damage_taken":0.0},{"damage_healed":0.0,"max_hp_gain":0.0,"max_hp_loss":0.0,"gold_gain":0.0,"event_name":"Designer","player_choice":"Upgraded Two","floor":47.0,"gold_loss":40.0,"damage_taken":0.0,"cards_upgraded":["beaked:Ceremony","beaked:CrazyRituals"]}],"is_beta":false,"boss_relics":[{"not_picked":["aspiration:IroncladSkillbook","Black Star"],"picked":"hubris:Backtick"},{"not_picked":["energizedSpire:HugeHouse","Replay:Drink Me"],"picked":"energizedSpire:OgreHead"}],"items_purged_floors":[22],"is_endless":false,"potions_floor_spawned":[1,11,16,24,27,29,33,42,44,54],"killed_by":"The Heart","ascension_level":3}}