{"host":"0hb9w7uizu7y13wj","time":1612398340,"event":{"mods":["Act Like it!","Aspiration","BaseMod","BetterRewards","Colored Map","Conspire","Downfall","Energized Spire","FTL Soundtrack","Friendly Minions","Halation","Hubris","Infinite Spire","Minty Spire (QoL Compilation)","Quick Restart","Replay The Spire","StSLib","Synergy Search","The Hierophant","The Jungle","The Poker Player","Trackpad","everything is the same but u backflip on backflip"],"gold_per_floor":[115,115,115,265,290,320,320,354,406,406,425,460,476,486,486,486,486],"floor_reached":16,"language":"ENG","playtime":760,"items_purged":[],"score":336,"play_id":"48792802-97c8-4b5c-9bab-b25b52358958","local_time":"20210204002540","is_ascension_mode":true,"campfire_choices":[{"data":"Neutralize","floor":7,"key":"SMITH"},{"data":"Dagger Throw","floor":15,"key":"SMITH"}],"circlet_count":0,"master_deck":["AscendersBane","Strike_G","Strike_G","Strike_G","Strike_G","Strike_G","Defend_G","Defend_G","Defend_G","Defend_G","Defend_G","Survivor","Neutralize+1","Slice+1","Injury","Doubt","Leg Sweep+1","conspire:PoisonWeapons+1","Dagger Throw+1","PiercingWail+1","Hidden Blade+1"],"relics":["Ring of the Snake","NeowsBlessing","Toxic Egg 2","Bag of Marbles","MealTicket","Nunchaku","halation:AfternoonTea","Snack Pack"],"acts_visited":["Exordium"],"potions_floor_usage":[],"damage_taken":[{"damage":0,"enemies":"2 Louse","floor":1,"turns":1},{"damage":0,"enemies":"Lagavulin","floor":6,"turns":1},{"damage":0,"enemies":"3 Sentries","floor":8,"turns":1},{"damage":1,"enemies":"Small Slimes","floor":11,"turns":3},{"damage":10,"enemies":"Lagavulin","floor":12,"turns":4},{"damage":2,"enemies":"Jaw Worm","floor":13,"turns":5},{"damage":11,"enemies":"Exordium Thugs","floor":14,"turns":4},{"damage":36,"enemies":"Slime Boss","floor":16,"turns":7}],"seed_played":"4241050757186033034","potions_obtained":[{"floor":6,"key":"SkillPotion"},{"floor":11,"key":"EssenceOfSteel"},{"floor":12,"key":"Dexterity Potion"}],"is_trial":false,"path_per_floor":["M","?","?","?","T","E","R","E","T","?","M","E","M","M","R","B"],"character_chosen":"THE_SILENT","items_purchased":[],"campfire_rested":0,"item_purchase_floors":[],"current_hp_per_floor":[59,64,64,64,64,64,64,64,64,64,63,53,53,46,46,14,14],"gold":486,"neow_bonus":"THREE_ENEMY_KILL","is_daily":false,"chose_seed":false,"campfire_upgraded":2,"win_rate":0.0,"timestamp":1612398340,"path_taken":["M","?","?","?","?","E","R","E","T","?","M","E","M","M","R","BOSS"],"items_purchased_type":[],"build_version":"2020-12-22","purchased_purges":0,"victory":false,"max_hp_per_floor":[66,71,71,71,71,71,71,71,71,71,71,71,71,71,71,71,71],"card_choices":[{"not_picked":["Concentrate","Dodge and Roll"],"picked":"Slice","floor":1},{"not_picked":["Prepared+1","Poisoned Stab"],"picked":"Leg Sweep+1","floor":6},{"not_picked":["Wraith Form v2","PiercingWail+1"],"picked":"conspire:PoisonWeapons+1","floor":8},{"not_picked":["Finisher","ReplayTheSpireMod:Scrap Shanks"],"picked":"Dagger Throw","floor":11},{"not_picked":["Outmaneuver+1","Expertise+1"],"picked":"PiercingWail+1","floor":12},{"not_picked":["Masterful Stab","hubris:Sniper+1"],"picked":"Hidden Blade+1","floor":13},{"not_picked":["Endless Agony","Concentrate+1","Well Laid Plans"],"picked":"SKIP","floor":14}],"player_experience":959370,"relics_obtained":[{"floor":5,"key":"Bag of Marbles"},{"floor":6,"key":"MealTicket"},{"floor":8,"key":"Nunchaku"},{"floor":9,"key":"halation:AfternoonTea"},{"floor":12,"key":"Snack Pack"}],"event_choices":[{"damage_healed":0,"gold_gain":0,"player_choice":"Donut","damage_taken":0,"max_hp_gain":5,"max_hp_loss":0,"event_name":"Big Fish","floor":2,"gold_loss":0},{"damage_healed":0,"gold_gain":150,"player_choice":"AGREE","damage_taken":0,"max_hp_gain":0,"max_hp_loss":0,"event_name":"Liars Game","floor":4,"gold_loss":0,"cards_obtained":["Doubt"]}],"is_beta":false,"boss_relics":[],"items_purged_floors":[],"is_endless":false,"potions_floor_spawned":[6,11,12],"killed_by":"Slime Boss","ascension_level":20}}