{"host":"26y75e64s1raelh1","time":1612458689,"event":{"mods":["AchievementEnabler","BaseMod","Block Reminder","Card Forge","Colored Map","Colored Powertips","Highlight Path","Minty Spire (QoL Compilation)","Quick Restart","StSLib"],"gold_per_floor":[109,109,109,133,149,149,167,182,251,291,291,291,316,334,334,462,462,475,19,0,0,23,23,23,63,63,84,105,126,151,190,190,316,316,335,395,416,429,454,492,516,516,541,196,211,54,73,114,114,114],"floor_reached":51,"language":"ENG","playtime":4563,"items_purged":["Strike_G"],"score":830,"play_id":"9c0edbe1-52e7-4bd3-bff0-c1ad9bca0205","local_time":"20210204141129","is_ascension_mode":false,"campfire_choices":[{"data":"PiercingWail","floor":6.0,"key":"SMITH"},{"floor":15.0,"key":"REST"},{"data":"Dagger Throw","floor":23.0,"key":"SMITH"},{"floor":32.0,"key":"REST"},{"floor":49,"key":"REST"}],"circlet_count":0,"master_deck":["Defend_G+1","Defend_G+1","Defend_G+1","Survivor+1","Neutralize+1","Blade Dance+1","PiercingWail+1","Backflip+1","Slice+1","Outmaneuver+1","Leg Sweep+1","After Image+1","Adrenaline+1","Slice+1","Infinite Blades+1","J.A.X.+1","Dagger Throw+1","Acrobatics+1","Flying Knee+1","Blade Dance+1","Slice+1","Backstab+1","Envenom"],"relics":["Ring of the Serpent","Hammer of Thor","Seething Fire","Anvil of the Gods","Golden Idol","Bottled Lightning","Unceasing Top","Pen Nib","TwistedFunnel","Anchor","StoneCalendar","Lantern","HoveringKite","CaptainsWheel","Centennial Puzzle","MealTicket","OrangePellets","War Paint","Ancient Tea Set","Mummified Hand"],"acts_visited":["Exordium","TheCity","TheBeyond"],"potions_floor_usage":[40,48,50,50],"damage_taken":[{"damage":3.0,"enemies":"Jaw Worm","floor":1.0,"turns":6.0},{"damage":0.0,"enemies":"Small Slimes","floor":4.0,"turns":3.0},{"damage":0.0,"enemies":"2 Louse","floor":5.0,"turns":3.0},{"damage":8.0,"enemies":"Blue Slaver","floor":7.0,"turns":3.0},{"damage":3.0,"enemies":"Large Slime","floor":8.0,"turns":6.0},{"damage":18.0,"enemies":"Gremlin Nob","floor":10.0,"turns":5.0},{"damage":2.0,"enemies":"Lots of Slimes","floor":13.0,"turns":4.0},{"damage":0.0,"enemies":"3 Louse","floor":14.0,"turns":3.0},{"damage":14.0,"enemies":"Slime Boss","floor":16.0,"turns":14.0},{"damage":0.0,"enemies":"Chosen","floor":18.0,"turns":8.0},{"damage":7.0,"enemies":"Shell Parasite","floor":22.0,"turns":3.0},{"damage":6.0,"enemies":"Book of Stabbing","floor":25.0,"turns":4.0},{"damage":3.0,"enemies":"Centurion and Healer","floor":27.0,"turns":4.0},{"damage":6.0,"enemies":"Cultist and Chosen","floor":28.0,"turns":3.0},{"damage":6.0,"enemies":"Snake Plant","floor":29.0,"turns":3.0},{"damage":7.0,"enemies":"Centurion and Healer","floor":30.0,"turns":3.0},{"damage":6.0,"enemies":"Gremlin Leader","floor":31.0,"turns":4.0},{"damage":9.0,"enemies":"Champ","floor":33.0,"turns":6.0},{"damage":6.0,"enemies":"Orb Walker","floor":35.0,"turns":3.0},{"damage":19.0,"enemies":"2 Orb Walkers","floor":36.0,"turns":3.0},{"damage":3.0,"enemies":"3 Shapes","floor":37.0,"turns":2.0},{"damage":6,"enemies":"Spire Growth","floor":38,"turns":3},{"damage":0,"enemies":"Sphere and 2 Shapes","floor":39,"turns":4},{"damage":3,"enemies":"Giant Head","floor":40,"turns":4},{"damage":3,"enemies":"Jaw Worm Horde","floor":41,"turns":3},{"damage":3,"enemies":"3 Darklings","floor":45,"turns":4},{"damage":6,"enemies":"Maw","floor":47,"turns":5},{"damage":21,"enemies":"Reptomancer","floor":48,"turns":3},{"damage":19,"enemies":"Awakened One","floor":50,"turns":7}],"seed_played":"6849933939354397862","potions_obtained":[{"floor":1.0,"key":"PowerPotion"},{"floor":5.0,"key":"FairyPotion"},{"floor":13.0,"key":"BlessingOfTheForge"},{"floor":14.0,"key":"Energy Potion"},{"floor":18.0,"key":"DuplicationPotion"},{"floor":25.0,"key":"Weak Potion"},{"floor":30.0,"key":"PowerPotion"},{"floor":37.0,"key":"Regen Potion"},{"floor":38,"key":"Block Potion"},{"floor":41,"key":"SkillPotion"},{"floor":48,"key":"LiquidBronze"}],"is_trial":false,"path_per_floor":["M","?","?","M","M","R","M","M","T","E","?","?","M","M","R","B",null,"M","$","?","?","M","R","?","E","T","M","M","M","M","E","R","B",null,"M","?","M","M","M","E","M","?","T","$","M","$","M","E","R","B",null],"character_chosen":"THE_SILENT","items_purchased":["Pen Nib","Infinite Blades","TwistedFunnel","OrangePellets","Strength Potion","War Paint","Ancient Tea Set"],"campfire_rested":3,"item_purchase_floors":[19,19,19,44,44,44,46],"current_hp_per_floor":[46,29,29,29,29,29,21,18,18,21,21,21,19,19,40,26,70,70,70,70,70,63,63,63,57,57,54,48,42,35,29,50,41,70,64,45,42,36,36,45,42,61,61,61,58,61,55,34,52,33],"gold":114,"neow_bonus":"REMOVE_TWO","is_daily":false,"chose_seed":false,"campfire_upgraded":2,"win_rate":0.0,"timestamp":1612458689,"path_taken":["M","?","?","M","M","R","M","M","T","E","?","?","M","M","R","BOSS","M","$","?","?","M","R","?","E","T","M","?","M","M","E","R","BOSS","M","?","M","M","M","E","M","?","T","$","M","?","M","E","R","BOSS"],"items_purchased_type":["Relic","Card","Relic","Relic","Potion","Relic","Relic"],"build_version":"2020-12-22","purchased_purges":1,"victory":true,"max_hp_per_floor":[70,70,70,70,70,70,70,70,70,70,70,70,70,70,70,70,70,70,70,70,70,70,70,70,70,70,70,70,70,70,70,70,70,70,70,70,70,70,70,70,70,61,61,61,61,61,61,61,61,61],"card_choices":[{"not_picked":["Leg Sweep","Riddle With Holes"],"picked":"Blade Dance","floor":1.0},{"not_picked":["Distraction","Sucker Punch"],"picked":"PiercingWail","floor":4.0},{"not_picked":["Tactician","Poisoned Stab","Bouncing Flask"],"picked":"SKIP","floor":5.0},{"not_picked":["Escape Plan","Deadly Poison"],"picked":"Backflip","floor":7.0},{"not_picked":["Flying Knee","Blur"],"picked":"Slice","floor":8.0},{"not_picked":["Sucker Punch","Blur"],"picked":"Prepared","floor":10.0},{"not_picked":["Sucker Punch","Dagger Throw"],"picked":"Outmaneuver","floor":13.0},{"not_picked":["Prepared","Crippling Poison"],"picked":"Leg Sweep","floor":14.0},{"not_picked":["Die Die Die","Adrenaline"],"picked":"After Image","floor":16.0},{"not_picked":["Flying Knee","Underhanded Strike+1"],"picked":"Slice","floor":18.0},{"not_picked":["Footwork","Backflip"],"picked":"Dagger Throw","floor":22.0},{"not_picked":["Distraction+1","Dagger Throw+1","Outmaneuver"],"picked":"SKIP","floor":25.0},{"not_picked":["Outmaneuver","Backflip"],"picked":"Acrobatics+1","floor":27.0},{"not_picked":["Quick Slash","Backflip"],"picked":"Flying Knee+1","floor":28.0},{"not_picked":["Prepared","Dagger Throw+1","Bullet Time"],"picked":"SKIP","floor":29.0},{"not_picked":["Outmaneuver","Masterful Stab"],"picked":"Blade Dance+1","floor":30.0},{"not_picked":["Deflect","All Out Attack","Dodge and Roll"],"picked":"SKIP","floor":31.0},{"not_picked":["Acrobatics","Dagger Spray+1"],"picked":"Slice+1","floor":35.0},{"not_picked":["Acrobatics","Outmaneuver+1","Well Laid Plans"],"picked":"SKIP","floor":37.0},{"not_picked":["Reflex","Masterful Stab+1","Well Laid Plans+1"],"picked":"SKIP","floor":38},{"not_picked":["Dagger Spray+1","Dagger Throw+1"],"picked":"Backstab+1","floor":39},{"not_picked":["Masterful Stab+1","Caltrops"],"picked":"Envenom","floor":40},{"not_picked":["PiercingWail","Dagger Spray+1","Flying Knee+1"],"picked":"SKIP","floor":41},{"not_picked":["Distraction+1","Deadly Poison+1","Poisoned Stab"],"picked":"SKIP","floor":45},{"not_picked":["Reflex","Deadly Poison+1","Blur+1"],"picked":"SKIP","floor":47},{"not_picked":["Crippling Poison","Bouncing Flask","Reflex+1"],"picked":"SKIP","floor":48}],"player_experience":32473,"relics_obtained":[{"floor":9.0,"key":"Bottled Lightning"},{"floor":10.0,"key":"Unceasing Top"},{"floor":25.0,"key":"Anchor"},{"floor":26.0,"key":"StoneCalendar"},{"floor":31.0,"key":"Lantern"},{"floor":36.0,"key":"CaptainsWheel"},{"floor":40,"key":"Centennial Puzzle"},{"floor":43,"key":"MealTicket"},{"floor":48,"key":"Mummified Hand"}],"event_choices":[{"damage_healed":0.0,"max_hp_gain":0.0,"max_hp_loss":0.0,"gold_gain":0.0,"event_name":"Golden Idol","player_choice":"Take Damage","floor":2.0,"gold_loss":0.0,"damage_taken":17.0,"relics_obtained":["Golden Idol"]},{"damage_healed":0.0,"max_hp_gain":0.0,"max_hp_loss":0.0,"gold_gain":0.0,"event_name":"Liars Game","player_choice":"Ignored","floor":3.0,"gold_loss":0.0,"damage_taken":0.0},{"cards_removed":["Strike_G"],"damage_healed":0.0,"max_hp_gain":0.0,"max_hp_loss":0.0,"gold_gain":0.0,"event_name":"Living Wall","player_choice":"Forget","floor":11.0,"gold_loss":0.0,"damage_taken":0.0},{"damage_healed":0.0,"max_hp_gain":0.0,"max_hp_loss":0.0,"gold_gain":0.0,"event_name":"Shining Light","player_choice":"Ignored","floor":12.0,"gold_loss":0.0,"damage_taken":0.0},{"damage_healed":0.0,"max_hp_gain":0.0,"max_hp_loss":0.0,"gold_gain":0.0,"event_name":"Masked Bandits","player_choice":"Paid Fearfully","floor":20.0,"gold_loss":19.0,"damage_taken":0.0},{"damage_healed":0.0,"max_hp_gain":0.0,"max_hp_loss":0.0,"gold_gain":0.0,"event_name":"Drug Dealer","player_choice":"Obtain J.A.X.","floor":21.0,"gold_loss":0.0,"damage_taken":0.0,"cards_obtained":["J.A.X."]},{"damage_healed":0.0,"max_hp_gain":0.0,"max_hp_loss":0.0,"gold_gain":0.0,"event_name":"NoteForYourself","player_choice":"Ignored","floor":24.0,"gold_loss":0.0,"damage_taken":0.0},{"damage_healed":0.0,"max_hp_gain":0.0,"max_hp_loss":0.0,"gold_gain":0.0,"event_name":"Mysterious Sphere","player_choice":"Fight","floor":36.0,"gold_loss":0.0,"damage_taken":0.0},{"damage_healed":61,"gold_gain":0,"player_choice":"Heal","damage_taken":0,"max_hp_gain":0,"max_hp_loss":9,"event_name":"The Moai Head","floor":42,"gold_loss":0}],"is_beta":false,"boss_relics":[{"not_picked":["Coffee Dripper","SlaversCollar"],"picked":"Ring of the Serpent"},{"not_picked":["SacredBark","Tiny House"],"picked":"HoveringKite"}],"items_purged_floors":[19],"is_endless":false,"potions_floor_spawned":[1,5,13,14,18,25,27,29,30,37,38,41,45,48],"ascension_level":0}}