{"host":"9brt9rggm379u2p7","time":1612425068,"event":{"mods":["AchievementEnabler","BaseMod","Faster Ascension Climbing","Highlight Path","Minty Spire (QoL Compilation)","Permanent Neow","Quick Restart","SuperFastMode"],"gold_per_floor":[110,110,35,53,65,99,99,99,99,112,112,112,130,154,154,154,154],"floor_reached":16,"language":"ENG","playtime":547,"items_purged":["Decay"],"score":107,"play_id":"7dae9b86-37ad-432d-b776-247b2a7dcf3f","local_time":"20210204165108","is_ascension_mode":true,"campfire_choices":[{"data":"Poisoned Stab","floor":8,"key":"SMITH"},{"data":"Concentrate","floor":15,"key":"SMITH"}],"circlet_count":0,"master_deck":["Strike_G","Strike_G","Strike_G","Defend_G","Defend_G","Defend_G","Defend_G","Defend_G","Survivor","Neutralize","Poisoned Stab+1","PiercingWail","Reflex","Concentrate+1","Tactician","Bane"],"relics":["Ring of the Snake","The Courier","Question Card","Golden Idol"],"acts_visited":["Exordium"],"potions_floor_usage":[16,16],"damage_taken":[{"damage":0.0,"enemies":"Small Slimes","floor":1.0,"turns":4.0},{"damage":0,"enemies":"Cultist","floor":4,"turns":3},{"damage":3,"enemies":"Jaw Worm","floor":5,"turns":4},{"damage":43,"enemies":"Lagavulin","floor":6,"turns":10},{"damage":5,"enemies":"2 Fungi Beasts","floor":10,"turns":4},{"damage":1,"enemies":"Red Slaver","floor":13,"turns":7},{"damage":12,"enemies":"Large Slime","floor":14,"turns":9},{"damage":12,"enemies":"Hexaghost","floor":16,"turns":7}],"seed_played":"-8248257001580374386","potions_obtained":[{"floor":4,"key":"LiquidBronze"},{"floor":13,"key":"Fire Potion"}],"is_trial":false,"path_per_floor":["M","?","$","M","M","E","?","R","T","M","?","?","M","M","R","B"],"character_chosen":"THE_SILENT","items_purchased":[],"campfire_rested":0,"item_purchase_floors":[],"current_hp_per_floor":[70,70,70,70,67,24,24,24,24,19,19,24,23,11,11,0,0],"gold":154,"neow_bonus":"REMOVE_CARD","is_daily":false,"chose_seed":false,"campfire_upgraded":2,"win_rate":0.0,"timestamp":1612425068,"path_taken":["M","?","$","M","?","E","?","R","T","?","?","?","M","M","R","BOSS"],"items_purchased_type":[],"build_version":"2020-12-22","purchased_purges":1,"victory":false,"max_hp_per_floor":[70,70,70,70,70,70,70,70,70,70,65,70,70,70,70,70,70],"card_choices":[{"not_picked":["Endless Agony","Backflip"],"picked":"Poisoned Stab","floor":1.0},{"not_picked":["Slice","Eviscerate"],"picked":"PiercingWail","floor":4},{"not_picked":["Slice","Prepared"],"picked":"Reflex","floor":5},{"not_picked":["Deflect","Distraction","Flying Knee"],"picked":"SKIP","floor":6},{"not_picked":["Deflect","Distraction","Flying Knee"],"picked":"SKIP","floor":6},{"not_picked":["Heel Hook","Riddle With Holes","Flying Knee"],"picked":"Concentrate","floor":10},{"not_picked":["Deadly Poison","Tools of the Trade","Dagger Throw"],"picked":"Tactician","floor":13},{"not_picked":["Flying Knee","Outmaneuver","Setup"],"picked":"Bane","floor":14}],"player_experience":410584,"relics_obtained":[{"floor":6,"key":"The Courier"},{"floor":9,"key":"Question Card"}],"event_choices":[{"damage_healed":0,"gold_gain":0,"player_choice":"Cursed","damage_taken":0,"max_hp_gain":0,"max_hp_loss":0,"event_name":"Wheel of Change","floor":2,"gold_loss":0,"cards_obtained":["Decay"]},{"cards_removed":["Strike_G"],"damage_healed":0,"gold_gain":0,"player_choice":"Offered Basic","damage_taken":0,"max_hp_gain":0,"max_hp_loss":0,"event_name":"Bonfire Elementals","floor":7,"gold_loss":0},{"damage_healed":0,"gold_gain":0,"player_choice":"Lose Max HP","damage_taken":0,"relics_obtained":["Golden Idol"],"max_hp_gain":0,"max_hp_loss":5,"event_name":"Golden Idol","floor":11,"gold_loss":0},{"damage_healed":0,"gold_gain":0,"player_choice":"Donut","damage_taken":0,"max_hp_gain":5,"max_hp_loss":0,"event_name":"Big Fish","floor":12,"gold_loss":0}],"is_beta":false,"boss_relics":[],"items_purged_floors":[3],"is_endless":false,"potions_floor_spawned":[4,13],"killed_by":"Hexaghost","ascension_level":1}}