{"host":"8anmd7ibyxevnonj","time":1612433328,"event":{"mods":["BaseMod","Curses Come First","Downfall","Minty Spire (QoL Compilation)","StSLib"],"gold_per_floor":[99,110,130,194,206,219,219,219,238,258,258,285,301,330,343,438,438,438,449,468,468,478,150,176,193,219,219,230,130,130,163,183,183,183,183],"floor_reached":33,"language":"ENG","playtime":2833,"items_purged":[],"score":328,"play_id":"448e7780-62f0-46fb-a1bb-95e071246590","local_time":"20210204110848","is_ascension_mode":false,"campfire_choices":[{"data":"hexamod:Sear","floor":1,"key":"SMITH"},{"data":"hexamod:CatchUp","floor":8,"key":"SMITH"},{"data":"hexamod:SuperheatedStrike","floor":18,"key":"SMITH"},{"data":"RitualDagger","floor":29,"key":"SMITH"}],"circlet_count":0,"master_deck":["hexamod:Strike","hexamod:Strike","hexamod:Strike+1","hexamod:Strike","hexamod:Defend","hexamod:Defend","hexamod:Defend","hexamod:Defend","hexamod:Sear+1","hexamod:Float","hexamod:SearingWound","hexamod:PhantomFireball","hexamod:SpectersWail+1","hexamod:Hexaguard","hexamod:CatchUp+1","hexamod:PowerFromBeyond","hexamod:RecurringNightmare","hexamod:SuperheatedStrike+1","hexamod:WildfireWeapon+1","hexamod:ThermalTransfer","hexamod:GiftsFromTheDead+1","hexamod:Firestarter","hexamod:VolcanoVisage+1","hexamod:GhostflameBarrier","hexamod:SuperheatedStrike+1","hexamod:EmpoweredFlame+1","hexamod:GhostLash","hexamod:FlamesFromBeyond+1","hexamod:Firestarter","RitualDagger+1","hexamod:HauntingEcho+1","hexamod:Hexaguard","hexamod:FourthSeal"],"relics":["hexamod:SpiritBrand","hexamod:SoulConsumer","Frozen Egg 2","Strawberry","HornCleat","Pen Nib","SlaversCollar","Calipers","Whetstone","Blood Vial","downfall:HeartBlessingGreen","Molten Egg 2","Oddly Smooth Stone"],"acts_visited":["Exordium","TheCity"],"potions_floor_usage":[12,16,26,26,26],"damage_taken":[{"damage":0,"enemies":"Small Slimes","floor":2,"turns":2},{"damage":2,"enemies":"2 Louse","floor":3,"turns":2},{"damage":16,"enemies":"3 Sentries","floor":4,"turns":8},{"damage":0,"enemies":"Jaw Worm","floor":5,"turns":3},{"damage":4,"enemies":"Lots of Slimes","floor":6,"turns":3},{"damage":0,"enemies":"Large Slime","floor":9,"turns":5},{"damage":4,"enemies":"Exordium Wildlife","floor":10,"turns":3},{"damage":0,"enemies":"Gremlin Nob","floor":12,"turns":3},{"damage":4,"enemies":"3 Louse","floor":13,"turns":3},{"damage":4,"enemies":"3 Sentries","floor":14,"turns":7},{"damage":2,"enemies":"Blue Slaver","floor":15,"turns":3},{"damage":19,"enemies":"WA_ARCHETYPE_RETAIN","floor":16,"turns":6},{"damage":10,"enemies":"Spheric Guardian","floor":19,"turns":4},{"damage":5,"enemies":"Chosen","floor":20,"turns":3},{"damage":4,"enemies":"Snecko","floor":22,"turns":4},{"damage":0,"enemies":"downfall:FleeingMerchant","floor":23,"turns":4},{"damage":16,"enemies":"Centurion and Healer","floor":25,"turns":5},{"damage":18,"enemies":"Gremlin Leader","floor":26,"turns":6},{"damage":16,"enemies":"Snake Plant","floor":28,"turns":4},{"damage":16,"enemies":"Book of Stabbing","floor":31,"turns":4},{"damage":0,"enemies":"3 Cultists","floor":32,"turns":5},{"damage":40,"enemies":"IC_MUSHROOM_ARCHETYPE","floor":33,"turns":8}],"seed_played":"3926388630665101225","potions_obtained":[{"floor":2,"key":"EssenceOfSteel"},{"floor":3,"key":"Fire Potion"},{"floor":4,"key":"Slimebound:ThreeZeroPotion"},{"floor":12,"key":"DistilledChaos"},{"floor":13,"key":"Explosive Potion"},{"floor":15,"key":"PowerPotion"},{"floor":22,"key":"Weak Potion"},{"floor":32,"key":"SpeedPotion"}],"is_trial":false,"path_per_floor":["R","M","M","?","M","M","T","R","M","M","?","E","M","E","M","B",null,"R","M","M","?","M","$","T","M","E","?","M","R","T","E","M","B"],"character_chosen":"THE_SPIRIT","items_purchased":["Calipers"],"campfire_rested":0,"item_purchase_floors":[23],"current_hp_per_floor":[70,70,68,52,56,56,56,56,60,60,49,53,53,53,55,40,77,77,71,70,77,77,77,77,65,51,45,35,35,35,25,31,0,0,0],"gold":183,"neow_bonus":"ONE_RANDOM_RARE_CARD","is_daily":false,"chose_seed":false,"campfire_upgraded":4,"win_rate":0.0,"timestamp":1612433328,"path_taken":["R","M","M","?","M","M","T","R","M","M","?","E","M","E","M","BOSS","R","M","M","?","M","$","T","?","E","?","M","R","?","E","M","BOSS"],"items_purchased_type":["Relic"],"build_version":"2020-12-13","purchased_purges":0,"victory":false,"max_hp_per_floor":[70,70,70,70,70,70,70,70,70,70,77,77,77,77,77,77,77,77,77,77,77,77,77,77,77,77,77,77,77,77,77,77,77,77,77],"card_choices":[{"not_picked":["hexamod:GhostLash","hexamod:Hexaguard"],"picked":"hexamod:PhantomFireball","floor":2},{"not_picked":["hexamod:EtherealExpedition","hexamod:GhostOfSpireFuture"],"picked":"hexamod:SpectersWail","floor":3},{"not_picked":["hexamod:ShieldOfDarkness","hexamod:SpectersWail"],"picked":"hexamod:Hexaguard","floor":4},{"not_picked":["hexamod:Again","hexamod:Haunt"],"picked":"hexamod:CatchUp","floor":5},{"not_picked":["hexamod:HeatMetal","hexamod:SpectersWail"],"picked":"hexamod:PowerFromBeyond","floor":6},{"not_picked":["hexamod:BacktrackSmack","hexamod:SecondSeal"],"picked":"hexamod:RecurringNightmare","floor":9},{"not_picked":["hexamod:NecessarySacrifice","hexamod:NightmareStrike"],"picked":"hexamod:SuperheatedStrike","floor":10},{"not_picked":["hexamod:CatchUp","hexamod:Haunt"],"picked":"hexamod:WildfireWeapon+1","floor":12},{"not_picked":["hexamod:SwordOfDarkness","hexamod:GhostShield"],"picked":"hexamod:ThermalTransfer","floor":13},{"not_picked":["hexamod:TurnItUp","hexamod:FlamesFromBeyond"],"picked":"hexamod:GiftsFromTheDead+1","floor":14},{"not_picked":["hexamod:SpectralSpark","hexamod:BacktrackSmack"],"picked":"hexamod:Firestarter","floor":15},{"not_picked":["hexamod:GhostflameInferno","hexamod:FlameSwitch"],"picked":"hexamod:VolcanoVisage+1","floor":16},{"not_picked":["hexamod:NightmareGuise+1","hexamod:EtherealExpedition"],"picked":"hexamod:GhostflameBarrier","floor":19},{"not_picked":["hexamod:CatchUp+1","hexamod:SoulSteal"],"picked":"hexamod:SuperheatedStrike+1","floor":20},{"not_picked":["hexamod:Firestarter+1","hexamod:SuperheatedStrike"],"picked":"hexamod:EmpoweredFlame+1","floor":22},{"not_picked":["hexamod:HeatCrush","hexamod:Rewind+1"],"picked":"hexamod:GhostLash","floor":23},{"not_picked":["hexamod:ThermalTransfer+1","hexamod:DynamicBlow"],"picked":"hexamod:FlamesFromBeyond+1","floor":25},{"not_picked":["hexamod:NecessarySacrifice","hexamod:SpectralAdrenaline"],"picked":"hexamod:Firestarter","floor":26},{"not_picked":["hexamod:GhostflameBarrier","hexamod:SuperheatedStrike"],"picked":"hexamod:HauntingEcho+1","floor":28},{"not_picked":["hexamod:Again+1","hexamod:StepThrough+1"],"picked":"hexamod:Hexaguard","floor":31},{"not_picked":["hexamod:ThermalTransfer+1","hexamod:BurningTouch"],"picked":"hexamod:FourthSeal","floor":32}],"player_experience":76737,"relics_obtained":[{"floor":4,"key":"hexamod:SoulConsumer"},{"floor":7,"key":"Frozen Egg 2"},{"floor":12,"key":"HornCleat"},{"floor":14,"key":"Pen Nib"},{"floor":24,"key":"Whetstone"},{"floor":26,"key":"Blood Vial"},{"floor":30,"key":"Molten Egg 2"},{"floor":31,"key":"Oddly Smooth Stone"}],"event_choices":[{"damage_healed":0,"gold_gain":0,"player_choice":"Success","damage_taken":18,"relics_obtained":["Strawberry"],"max_hp_gain":0,"max_hp_loss":0,"event_name":"Scrap Ooze","floor":11,"gold_loss":0},{"damage_healed":7,"gold_gain":0,"player_choice":"Full Heal","damage_taken":0,"max_hp_gain":0,"max_hp_loss":0,"event_name":"Wheel of Change","floor":21,"gold_loss":0}],"is_beta":false,"boss_relics":[{"not_picked":["Velvet Choker","bronze:MakeshiftBattery"],"picked":"SlaversCollar"}],"items_purged_floors":[],"is_endless":false,"potions_floor_spawned":[2,3,4,12,13,15,22,25,32],"killed_by":"IC_MUSHROOM_ARCHETYPE","ascension_level":0}}