{"host":"uv5ws9rdk87e8i5k","time":1612456507,"event":{"mods":["AchievementEnabler","BaseMod","Colored Map","Jorbs\u0027s Wanderer Trilogy","Minty Spire (QoL Compilation)","Permanent Neow","Quick Restart","StSLib","SuperFastMode","The Necromancer"],"gold_per_floor":[111,125,136,155,172,172,201,221,274,274,305,317,317,327,327,398,398,417,417,436,436,447,481,481,513,513,525,625,321,352,352,352],"floor_reached":31,"language":"ENG","playtime":1443,"items_purged":["Strike_W"],"score":556,"play_id":"f00bd973-7b9d-435c-b65a-01f215c91bd3","local_time":"20210204103507","is_ascension_mode":true,"campfire_choices":[{"data":"Summon_Death_Knight","floor":6.0,"key":"SMITH"},{"data":"Summon_Vampire_Lady","floor":10.0,"key":"SMITH"},{"data":"Requiem","floor":13.0,"key":"SMITH"},{"data":"Summon_Lich","floor":15.0,"key":"SMITH"},{"data":"Summon_Vampire_Lady","floor":24.0,"key":"SMITH"}],"circlet_count":0,"master_deck":["AscendersBane","Strike_W","Strike_W","Defend_W","Defend_W+1","Defend_W","Defend_W","Negative_Energy_Arrows","Bone_Wall+1","Summon_Death_Knight+1","Life_Drain","Summon_Vampire_Lady+1","Summon_Lich+1","Siphon_Strength","Requiem+1","Summon_Vampire_Lady+1","Grasp_Heart","Summon_Undead_Army","Summon_Lich","Summon_Undead_Army"],"relics":["Vampire_Amulet","Ginger","War Paint","Nunchaku","SlaversCollar","The Courier","Oddly Smooth Stone","Bag of Marbles","Unceasing Top","Sundial","Anchor","Ancient Tea Set"],"acts_visited":["Exordium","TheCity"],"potions_floor_usage":[],"damage_taken":[{"damage":5.0,"enemies":"Small Slimes","floor":1.0,"turns":4.0},{"damage":1.0,"enemies":"Cultist","floor":2.0,"turns":4.0},{"damage":3.0,"enemies":"Jaw Worm","floor":3.0,"turns":4.0},{"damage":1.0,"enemies":"2 Fungi Beasts","floor":4.0,"turns":4.0},{"damage":16.0,"enemies":"Exordium Wildlife","floor":5.0,"turns":4.0},{"damage":20.0,"enemies":"Lagavulin","floor":7.0,"turns":6.0},{"damage":13.0,"enemies":"Red Slaver","floor":8.0,"turns":4.0},{"damage":22.0,"enemies":"Gremlin Nob","floor":11.0,"turns":4.0},{"damage":0.0,"enemies":"3 Louse","floor":12.0,"turns":3.0},{"damage":1.0,"enemies":"2 Fungi Beasts","floor":14.0,"turns":4.0},{"damage":23.0,"enemies":"Slime Boss","floor":16.0,"turns":7.0},{"damage":18.0,"enemies":"Chosen","floor":18.0,"turns":6.0},{"damage":31.0,"enemies":"Shell Parasite","floor":20.0,"turns":6.0},{"damage":36.0,"enemies":"Snake Plant","floor":22.0,"turns":5.0},{"damage":25.0,"enemies":"Book of Stabbing","floor":23.0,"turns":6.0},{"damage":43.0,"enemies":"Gremlin Leader","floor":25.0,"turns":7.0},{"damage":32.0,"enemies":"Centurion and Healer","floor":27.0,"turns":6.0},{"damage":22.0,"enemies":"Colosseum Slavers","floor":28.0,"turns":5.0},{"damage":27.0,"enemies":"Colosseum Nobs","floor":28.0,"turns":5.0},{"damage":29.0,"enemies":"Book of Stabbing","floor":30.0,"turns":5.0},{"damage":21,"enemies":"3 Cultists","floor":31,"turns":4}],"seed_played":"3955530537610165173","potions_obtained":[{"floor":4.0,"key":"FearPotion"},{"floor":5.0,"key":"DistilledChaos"},{"floor":8.0,"key":"DuplicationPotion"},{"floor":12.0,"key":"Energy Potion"},{"floor":22.0,"key":"Energy Potion"},{"floor":23.0,"key":"Energy Potion"},{"floor":25.0,"key":"CultistPotion"},{"floor":27.0,"key":"SpeedPotion"}],"is_trial":false,"path_per_floor":["M","M","M","M","M","R","E","M","T","R","E","M","R","M","R","B",null,"M","?","M","?","M","E","R","E","T","M","?","$","E","M"],"character_chosen":"NECROMANCER","items_purchased":["Anchor","Summon_Undead_Army","Fruit Juice"],"campfire_rested":0,"item_purchase_floors":[29,29,29],"current_hp_per_floor":[63,64,63,66,63,63,70,69,69,69,65,71,71,71,71,71,71,71,67,71,71,61,66,66,53,53,50,39,44,48,30,30],"gold":352,"neow_bonus":"ONE_RANDOM_RARE_CARD","is_daily":false,"chose_seed":false,"campfire_upgraded":5,"win_rate":0.0,"timestamp":1612456507,"path_taken":["M","M","M","M","M","R","E","M","T","R","E","M","R","M","R","BOSS","M","?","?","?","M","E","R","E","T","M","?","?","E","M"],"items_purchased_type":["Relic","Card","Potion"],"build_version":"2020-12-22","purchased_purges":1,"victory":false,"max_hp_per_floor":[71,71,71,71,71,71,71,71,71,71,71,71,71,71,71,71,71,71,71,71,71,71,71,71,71,71,71,71,76,76,76,76],"card_choices":[{"not_picked":["Vampiric_Strike","Toxic_Smoke_Screen","Necromantic_Selection"],"picked":"SKIP","floor":1.0},{"not_picked":["Blood_Shield","Bones_to_Steel","Bone_Bullets"],"picked":"SKIP","floor":2.0},{"not_picked":["Negative_Energy_Shield","Bone_Bullets","Death_March_Dance"],"picked":"SKIP","floor":3.0},{"not_picked":["Negative_Energy_Javelin","Death_Coil"],"picked":"Life_Drain","floor":4.0},{"not_picked":["Negative_Energy_Javelin","Death_Coil"],"picked":"Summon_Vampire_Lady","floor":5.0},{"not_picked":["Deaths_Shadow","Stop_Heart"],"picked":"Summon_Lich","floor":7.0},{"not_picked":["Bone_Armor","Blood_Curse","Chill_Blood"],"picked":"SKIP","floor":8.0},{"not_picked":["Violent_Necrosis","Bone_Spikes"],"picked":"Siphon_Strength","floor":11.0},{"not_picked":["Blood_Curse","Finger_Of_Death"],"picked":"Requiem","floor":12.0},{"not_picked":["Bone_Armory","Negative_Energy_Javelin","Bone_Bullets"],"picked":"SKIP","floor":14.0},{"not_picked":["Reap_The_Weak","Blood_Magic"],"picked":"Summon_Vampire_Lady","floor":16.0},{"not_picked":["Vampiric_Strike","Bone_Spikes","Negative_Energy_Sphere"],"picked":"SKIP","floor":18.0},{"not_picked":["Bone_Armor+1","Flesh_Made_Foul","Negative_Energy_Shield"],"picked":"SKIP","floor":20.0},{"not_picked":["Bones_to_Steel","Consume_Illness","Death_March_Dance+1"],"picked":"SKIP","floor":22.0},{"not_picked":["Detonate_Bones","Blood_for_Blood"],"picked":"Grasp_Heart","floor":23.0},{"not_picked":["Scare","Consume_Illness+1","Negative_Energy_Mist"],"picked":"SKIP","floor":25.0},{"not_picked":["Death_Coil","Thousand_Bone_Knives"],"picked":"Summon_Undead_Army","floor":27.0},{"not_picked":["Detonate_Bones","Acid_Javelin+1"],"picked":"Summon_Lich","floor":28.0},{"not_picked":["Death_March_Dance","Blood_Whip","Negative_Energy_Sphere"],"picked":"SKIP","floor":30.0}],"player_experience":223384,"relics_obtained":[{"floor":7.0,"key":"Ginger"},{"floor":9.0,"key":"War Paint"},{"floor":11.0,"key":"Nunchaku"},{"floor":23.0,"key":"The Courier"},{"floor":25.0,"key":"Oddly Smooth Stone"},{"floor":26.0,"key":"Bag of Marbles"},{"floor":28.0,"key":"Unceasing Top"},{"floor":28.0,"key":"Sundial"},{"floor":30.0,"key":"Ancient Tea Set"}],"event_choices":[{"damage_healed":0.0,"max_hp_gain":0.0,"max_hp_loss":0.0,"gold_gain":0.0,"event_name":"The Woman in Blue","player_choice":"Bought 0 Potions","floor":19.0,"gold_loss":0.0,"damage_taken":0.0},{"cards_removed":["Strike_W"],"damage_healed":0.0,"max_hp_gain":0.0,"max_hp_loss":0.0,"gold_gain":0.0,"event_name":"Back to Basics","player_choice":"Elegance","floor":21.0,"gold_loss":0.0,"damage_taken":0.0},{"damage_healed":0.0,"max_hp_gain":0.0,"max_hp_loss":0.0,"gold_gain":0.0,"event_name":"Colosseum","player_choice":"Fight","floor":28.0,"gold_loss":0.0,"damage_taken":0.0},{"damage_healed":0.0,"max_hp_gain":0.0,"max_hp_loss":0.0,"gold_gain":0.0,"event_name":"Colosseum","player_choice":"Fought Nobs","floor":28.0,"gold_loss":0.0,"damage_taken":0.0}],"is_beta":false,"boss_relics":[{"not_picked":["Black Star","Astrolabe"],"picked":"SlaversCollar"}],"items_purged_floors":[29],"is_endless":false,"potions_floor_spawned":[4,5,8,12,22,23,25,27,28],"killed_by":"3 Cultists","ascension_level":16}}