{"host":"qj91dvco5uhu9oti","time":1612464106,"event":{"mods":["BaseMod","Colored Map","Keyboard Shortcuts","Minty Spire (QoL Compilation)","Permanent Neow","Relic Stats","StSLib","SuperFastMode","everything is the same but u backflip on backflip"],"gold_per_floor":[16,29,29,29,48,60,60,80,80,92,59,59,78,112,112,215,215,225,225,150,150,160,195,195,229,229,242,18,18,18,28,28,127,127,137,147,72,87,87,87,63,63,115,115,144,175,187,238,238,238],"floor_reached":51,"language":"KOR","playtime":1573,"items_purged":["Concentrate"],"score":870,"play_id":"3d5f8807-e29f-45b5-9390-7a768d71ffdc","local_time":"20210205034146","is_ascension_mode":false,"campfire_choices":[{"data":"Blade Dance","floor":7.0,"key":"SMITH"},{"data":"Blade Dance","floor":15.0,"key":"SMITH"},{"data":"Envenom","floor":24.0,"key":"SMITH"},{"data":"Tactician","floor":29.0,"key":"SMITH"},{"data":"Tactician","floor":32.0,"key":"SMITH"},{"data":"After Image","floor":40.0,"key":"SMITH"},{"data":"Prepared","floor":42.0,"key":"SMITH"},{"data":"PiercingWail","floor":49,"key":"SMITH"}],"circlet_count":0,"master_deck":["Strike_G+1","Strike_G+1","Defend_G+1","Defend_G+1","Survivor+1","Neutralize+1","Envenom+1","Distraction+1","Blade Dance+1","Blade Dance+1","Eviscerate+1","Adrenaline+1","Cloak And Dagger+1","Terror+1","After Image+1","Riddle With Holes+1","Concentrate+1","Blade Dance+1","Burst+1","Acrobatics+1","Acrobatics+1","Tactician+1","Eviscerate+1","Tactician+1","Backflip+1","Burst+1","Blade Dance+1","Prepared+1","After Image","PiercingWail+1"],"relics":["Ring of the Snake","Mango","Pear","Sozu","WingedGreaves","Turnip","HornCleat","Orrery","HoveringKite","Oddly Smooth Stone","Mark of the Bloom","FossilizedHelix","Nunchaku","Thread and Needle"],"acts_visited":["Exordium","TheCity","TheBeyond"],"potions_floor_usage":[50,50,50],"damage_taken":[{"damage":0.0,"enemies":"2 Louse","floor":1.0,"turns":5.0},{"damage":0.0,"enemies":"Jaw Worm","floor":2.0,"turns":4.0},{"damage":0.0,"enemies":"Cultist","floor":5.0,"turns":3.0},{"damage":2.0,"enemies":"Blue Slaver","floor":6.0,"turns":5.0},{"damage":0.0,"enemies":"Large Slime","floor":8.0,"turns":5.0},{"damage":14.0,"enemies":"3 Louse","floor":10.0,"turns":3.0},{"damage":2.0,"enemies":"Looter","floor":13.0,"turns":2.0},{"damage":6.0,"enemies":"3 Sentries","floor":14.0,"turns":6.0},{"damage":39.0,"enemies":"The Guardian","floor":16.0,"turns":9.0},{"damage":0.0,"enemies":"Chosen","floor":18.0,"turns":3.0},{"damage":18.0,"enemies":"Spheric Guardian","floor":22.0,"turns":4.0},{"damage":24.0,"enemies":"Slavers","floor":23.0,"turns":6.0},{"damage":13.0,"enemies":"Gremlin Leader","floor":25.0,"turns":7.0},{"damage":11.0,"enemies":"Centurion and Healer","floor":27.0,"turns":4.0},{"damage":2.0,"enemies":"Chosen and Byrds","floor":31.0,"turns":4.0},{"damage":3.0,"enemies":"Automaton","floor":33.0,"turns":6.0},{"damage":1.0,"enemies":"3 Darklings","floor":35.0,"turns":5.0},{"damage":0.0,"enemies":"Orb Walker","floor":36.0,"turns":2.0},{"damage":2.0,"enemies":"Spire Growth","floor":38.0,"turns":2.0},{"damage":0.0,"enemies":"Giant Head","floor":45.0,"turns":3.0},{"damage":0,"enemies":"Nemesis","floor":46,"turns":3},{"damage":0,"enemies":"Maw","floor":47,"turns":4},{"damage":0,"enemies":"2 Orb Walkers","floor":48,"turns":4},{"damage":81,"enemies":"Time Eater","floor":50,"turns":12}],"seed_played":"-9067613640112286966","potions_obtained":[{"floor":1.0,"key":"Ancient Potion"},{"floor":6.0,"key":"DistilledChaos"},{"floor":13.0,"key":"GamblersBrew"}],"is_trial":false,"path_per_floor":["M","M","?","$","M","M","R","M","T","M","$","?","M","E","R","B",null,"M","?","?","?","M","E","R","E","T","M","$","R","$","M","R","B",null,"M","M","$","M","$","R","$","R","T","?","E","E","M","?","R","B",null],"character_chosen":"THE_SILENT","items_purchased":["Terror","Orrery","Tactician","Prepared"],"campfire_rested":0,"item_purchase_floors":[11,28,28,41],"current_hp_per_floor":[70,70,70,70,70,68,68,68,82,68,68,51,49,53,53,14,94,94,94,94,94,76,52,52,39,39,28,28,28,28,26,26,23,94,93,93,93,91,91,91,91,91,91,91,91,91,91,91,91,10],"gold":238,"neow_bonus":"TRANSFORM_TWO_CARDS","is_daily":false,"chose_seed":false,"campfire_upgraded":8,"win_rate":0.0,"timestamp":1612464106,"path_taken":["M","M","?","?","?","M","R","M","T","M","$","?","M","E","R","BOSS","M","?","?","?","M","E","R","E","T","?","$","R","?","M","R","BOSS","M","M","$","M","$","R","$","R","T","?","E","E","M","?","R","BOSS"],"items_purchased_type":["Card","Relic","Card","Card"],"build_version":"2020-12-22","purchased_purges":1,"victory":true,"max_hp_per_floor":[70,70,70,70,70,70,70,70,84,84,84,84,84,94,94,94,94,94,94,94,94,94,94,94,94,94,94,94,94,94,94,94,94,94,94,94,94,94,94,94,94,94,94,94,94,94,94,94,94,94],"relic_stats":{"Sozu":6,"Mark of the Bloom":0,"Nunchaku":[12],"counters":[24,111],"HoveringKite":[24],"Turnip":[3],"obtain_stats":[{"Mark of the Bloom":44,"Pear":14,"HoveringKite":34,"Oddly Smooth Stone":43,"Mango":9,"Thread and Needle":48,"Sozu":17,"Nunchaku":46,"HornCleat":26,"Orrery":28,"WingedGreaves":23,"Turnip":25,"FossilizedHelix":45,"Ring of the Snake":0},{"Mark of the Bloom":19,"Pear":8,"HoveringKite":16,"Oddly Smooth Stone":19,"Mango":5,"Thread and Needle":23,"Sozu":9,"Nunchaku":21,"HornCleat":13,"Orrery":14,"WingedGreaves":12,"Turnip":13,"FossilizedHelix":20,"Ring of the Snake":0},{"Mark of the Bloom":85,"Pear":33,"HoveringKite":76,"Oddly Smooth Stone":85,"Mango":22,"Thread and Needle":99,"Sozu":42,"Nunchaku":91,"HornCleat":62,"Orrery":66,"WingedGreaves":55,"Turnip":62,"FossilizedHelix":88,"Ring of the Snake":0}],"Ring of the Snake":[48]},"card_choices":[{"not_picked":["Underhanded Strike","Poisoned Stab"],"picked":"Concentrate","floor":1.0},{"not_picked":["Bane","Sucker Punch"],"picked":"Blade Dance","floor":2.0},{"not_picked":["Outmaneuver","Quick Slash"],"picked":"Blade Dance","floor":5.0},{"not_picked":["Backstab","PiercingWail"],"picked":"Eviscerate","floor":6.0},{"not_picked":["Dagger Spray","Escape Plan"],"picked":"Adrenaline","floor":8.0},{"not_picked":["Outmaneuver","Flying Knee"],"picked":"Cloak And Dagger","floor":10.0},{"not_picked":["Poisoned Stab","Dodge and Roll","Choke"],"picked":"SKIP","floor":13.0},{"not_picked":["Caltrops","Expertise","Bouncing Flask"],"picked":"SKIP","floor":14.0},{"not_picked":["Glass Knife","Doppelganger"],"picked":"After Image","floor":16.0},{"not_picked":["Flying Knee","Dodge and Roll","Dagger Spray+1"],"picked":"SKIP","floor":18.0},{"not_picked":["Bouncing Flask+1","Bane+1","Concentrate"],"picked":"SKIP","floor":22.0},{"not_picked":["Corpse Explosion","Cloak And Dagger"],"picked":"Blade Dance","floor":23.0},{"not_picked":["Bane+1","Dagger Spray"],"picked":"Burst","floor":25.0},{"not_picked":["Predator+1","Slice","Quick Slash+1"],"picked":"SKIP","floor":27.0},{"not_picked":["Die Die Die","Deadly Poison"],"picked":"Acrobatics+1","floor":28.0},{"not_picked":["Crippling Poison","Flechettes"],"picked":"Acrobatics","floor":28.0},{"not_picked":["Dodge and Roll","Masterful Stab"],"picked":"Tactician","floor":28.0},{"not_picked":["Flying Knee+1","Doppelganger"],"picked":"Eviscerate","floor":28.0},{"not_picked":["Infinite Blades","Acrobatics"],"picked":"Backflip","floor":31.0},{"not_picked":["Tools of the Trade","Unload"],"picked":"Burst","floor":33.0},{"not_picked":["Quick Slash","Dagger Spray","Expertise"],"picked":"SKIP","floor":35.0},{"not_picked":["Backflip+1","Quick Slash"],"picked":"Blade Dance+1","floor":36.0},{"not_picked":["Backstab+1","Blur","Bouncing Flask"],"picked":"SKIP","floor":38.0},{"not_picked":["Slice","Venomology","Deflect"],"picked":"SKIP","floor":45.0},{"not_picked":["Cloak And Dagger","Noxious Fumes+1"],"picked":"After Image","floor":46},{"not_picked":["Deadly Poison","Riddle With Holes","Dagger Throw+1"],"picked":"SKIP","floor":47},{"not_picked":["Deflect+1","Backflip+1"],"picked":"PiercingWail","floor":48}],"player_experience":358712,"relics_obtained":[{"floor":9.0,"key":"Mango"},{"floor":14.0,"key":"Pear"},{"floor":23.0,"key":"WingedGreaves"},{"floor":25.0,"key":"Turnip"},{"floor":26.0,"key":"HornCleat"},{"floor":43.0,"key":"Oddly Smooth Stone"},{"floor":45.0,"key":"FossilizedHelix"},{"floor":46,"key":"Nunchaku"},{"floor":48,"key":"Thread and Needle"}],"event_choices":[{"cards_removed":["Defend_G"],"damage_healed":0.0,"max_hp_gain":0.0,"max_hp_loss":0.0,"gold_gain":0.0,"event_name":"Living Wall","player_choice":"Forget","floor":3.0,"gold_loss":0.0,"damage_taken":0.0},{"damage_healed":0.0,"max_hp_gain":0.0,"max_hp_loss":0.0,"gold_gain":0.0,"event_name":"Shining Light","player_choice":"Entered Light","floor":12.0,"gold_loss":0.0,"damage_taken":17.0,"cards_upgraded":["Cloak And Dagger","Defend_G"]},{"damage_healed":0.0,"max_hp_gain":0.0,"max_hp_loss":0.0,"gold_gain":0.0,"cards_transformed":["Strike_G","Strike_G"],"event_name":"Drug Dealer","player_choice":"Became Test Subject","floor":19.0,"gold_loss":0.0,"damage_taken":0.0,"cards_obtained":["Riddle With Holes","Concentrate"]},{"cards_removed":["Defend_G"],"damage_healed":0.0,"max_hp_gain":0.0,"max_hp_loss":0.0,"gold_gain":0.0,"event_name":"Beggar","player_choice":"Gave Gold","floor":20.0,"gold_loss":75.0,"damage_taken":0.0},{"damage_healed":0.0,"max_hp_gain":0.0,"max_hp_loss":0.0,"gold_gain":0.0,"event_name":"Ghosts","player_choice":"Ignored","floor":21.0,"gold_loss":0.0,"damage_taken":0.0},{"damage_healed":0.0,"max_hp_gain":0.0,"max_hp_loss":0.0,"gold_gain":0.0,"event_name":"MindBloom","player_choice":"Upgrade","floor":44.0,"gold_loss":0.0,"damage_taken":0.0,"cards_upgraded":["Strike_G","Strike_G","Defend_G","Survivor","Neutralize","Distraction","Eviscerate","Adrenaline","Terror","Riddle With Holes","Concentrate","Blade Dance","Burst","Acrobatics","Eviscerate","Backflip","Burst"],"relics_obtained":["Mark of the Bloom"]},{"damage_healed":0,"gold_gain":0,"player_choice":"Fight","damage_taken":0,"max_hp_gain":0,"max_hp_loss":0,"event_name":"Mysterious Sphere","floor":48,"gold_loss":0}],"is_beta":false,"boss_relics":[{"not_picked":["Calling Bell","Busted Crown"],"picked":"Sozu"},{"not_picked":["Cursed Key","Velvet Choker"],"picked":"HoveringKite"}],"items_purged_floors":[37],"is_endless":false,"potions_floor_spawned":[1,6,13,16,22,27,31,36,38,46],"ascension_level":0}}