{"host":"746m694if73h3gai","time":1612445566,"event":{"mods":["2.2 Compatiblity","AchievementEnabler","Act Like it!","BaseMod","Colored Map","Colored Powertips","Downfall","Minty Spire (QoL Compilation)","Quick Restart","Rare Cards Sparkle","Relic Stats","StSLib","everything is the same but u backflip on backflip","slay the spire mod where everything is the same but ironclad has a cowboy hat"],"gold_per_floor":[110,122,133,148,148,175,188,203,229,255,267,267],"floor_reached":11,"language":"ENG","playtime":411,"items_purged":[],"score":83,"play_id":"a1924e72-7cf4-4e12-bd67-5a7868f5688d","local_time":"20210204143246","is_ascension_mode":true,"campfire_choices":[],"circlet_count":0,"master_deck":["Strike_P","Strike_P","Strike_P","Strike_P","Defend_P","Defend_P","Defend_P","Defend_P","Eruption","Vigilance","TalkToTheHand+1","Nirvana","ThirdEye","WheelKick","Fasting2+1","Evaluate","BowlingBash"],"relics":["Runic Dome","Frozen Egg 2","MawBank"],"acts_visited":[],"potions_floor_usage":[6,6,11],"damage_taken":[{"damage":0,"enemies":"Cultist","floor":1,"turns":4},{"damage":0,"enemies":"2 Louse","floor":2,"turns":1},{"damage":0,"enemies":"Small Slimes","floor":3,"turns":2},{"damage":16,"enemies":"Looter","floor":4,"turns":3},{"damage":21,"enemies":"3 Sentries","floor":6,"turns":8},{"damage":10,"enemies":"Gremlin Gang","floor":7,"turns":5},{"damage":5,"enemies":"2 Fungi Beasts","floor":8,"turns":3},{"damage":4,"enemies":"3 Louse","floor":10,"turns":4},{"damage":36,"enemies":"Lagavulin","floor":11,"turns":3}],"seed_played":"-1793575927070001829","potions_obtained":[{"floor":1,"key":"Fire Potion"},{"floor":2,"key":"SteroidPotion"},{"floor":3,"key":"Block Potion"},{"floor":10,"key":"Swift Potion"}],"is_trial":false,"path_per_floor":["M","M","M","M","?","E","M","M","T","M","E"],"character_chosen":"WATCHER","items_purchased":[],"campfire_rested":0,"item_purchase_floors":[],"current_hp_per_floor":[72,72,72,56,56,35,25,20,20,16,0,0],"gold":267,"neow_bonus":"BOSS_RELIC","is_daily":false,"chose_seed":false,"campfire_upgraded":0,"win_rate":0.0,"timestamp":1612445566,"path_taken":["M","M","?","M","?","E","?","M","T","M","E"],"items_purchased_type":[],"build_version":"2020-12-22","purchased_purges":0,"victory":false,"max_hp_per_floor":[72,72,72,72,72,72,72,72,72,72,72,72],"relic_stats":{"counters":[9,33],"MawBank":24,"obtain_stats":[{"Runic Dome":0,"PureWater":0,"Frozen Egg 2":6,"MawBank":9},{"Runic Dome":0,"PureWater":0,"Frozen Egg 2":5,"MawBank":7},{"Runic Dome":0,"PureWater":0,"Frozen Egg 2":18,"MawBank":26}]},"card_choices":[{"not_picked":["FollowUp","InnerPeace"],"picked":"TalkToTheHand","floor":1},{"not_picked":["EmptyBody","LikeWater"],"picked":"Nirvana","floor":2},{"not_picked":["Protect","SignatureMove","WheelKick"],"picked":"SKIP","floor":3},{"not_picked":["ReachHeaven","Protect"],"picked":"ThirdEye","floor":4},{"not_picked":["MentalFortress+1","Meditate"],"picked":"WheelKick","floor":6},{"not_picked":["InnerPeace","JustLucky"],"picked":"Fasting2+1","floor":7},{"not_picked":["Consecrate","FollowUp"],"picked":"Evaluate","floor":8},{"not_picked":["ThirdEye","DeceiveReality"],"picked":"BowlingBash","floor":10}],"player_experience":167729,"relics_obtained":[{"floor":6,"key":"Frozen Egg 2"},{"floor":9,"key":"MawBank"}],"event_choices":[{"damage_healed":0,"gold_gain":0,"player_choice":"Upgraded","damage_taken":0,"max_hp_gain":0,"max_hp_loss":0,"event_name":"Upgrade Shrine","floor":5,"gold_loss":0,"cards_upgraded":["TalkToTheHand"]}],"is_beta":false,"boss_relics":[],"items_purged_floors":[],"is_endless":false,"potions_floor_spawned":[1,2,3,10],"killed_by":"Lagavulin","ascension_level":1}}