{"host":"8tgyo6jwzgmjsiz5","time":1612471869,"event":{"mods":["AchievementEnabler","BaseMod","Best Route Mod","Colored Map","Highlight Path","Minty Spire (QoL Compilation)","Permanent Neow","Quick Restart","StSLib","SuperFastMode","everything is the same but u backflip on backflip"],"gold_per_floor":[118,135,145,145,160,188,205,205,256,267,267,267,297,252,252,327,327,341,341,100,118,128,128,154,154,232,117,117,117],"floor_reached":28,"language":"ENG","playtime":4247,"items_purged":[],"score":438,"play_id":"89e0ff4a-da3c-4c0b-9966-38d3f5efaa20","local_time":"20210204175109","is_ascension_mode":true,"campfire_choices":[{"data":"Twin Strike","floor":8.0,"key":"SMITH"},{"data":"Sword Boomerang","floor":12.0,"key":"SMITH"},{"data":"Anger","floor":15.0,"key":"SMITH"},{"floor":23,"key":"REST"}],"circlet_count":0,"master_deck":["AscendersBane","Strike_R+1","Strike_R+1","Strike_R+1","Strike_R+1","Strike_R+1","Defend_R+1","Defend_R+1","Defend_R+1","Defend_R+1","Bash+1","Flash of Steel","Spot Weakness","Sword Boomerang+1","Shrug It Off","Twin Strike+1","Pommel Strike","Anger+1","Cleave","Feed","Armaments","Apotheosis","Mayhem"],"relics":["Burning Blood","StrikeDummy","Blood Vial","Shuriken","Darkstone Periapt","SlaversCollar","Membership Card","Nunchaku","Meat on the Bone"],"acts_visited":["Exordium","TheCity"],"potions_floor_usage":[25],"damage_taken":[{"damage":6.0,"enemies":"Cultist","floor":1.0,"turns":3.0},{"damage":4.0,"enemies":"2 Louse","floor":2.0,"turns":3.0},{"damage":14.0,"enemies":"Jaw Worm","floor":3.0,"turns":5.0},{"damage":15.0,"enemies":"3 Louse","floor":5.0,"turns":4.0},{"damage":18.0,"enemies":"Gremlin Nob","floor":6.0,"turns":3.0},{"damage":4.0,"enemies":"2 Fungi Beasts","floor":7.0,"turns":4.0},{"damage":16.0,"enemies":"Lots of Slimes","floor":10.0,"turns":4.0},{"damage":15.0,"enemies":"Lagavulin","floor":13.0,"turns":5.0},{"damage":28.0,"enemies":"The Guardian","floor":16.0,"turns":7.0},{"damage":3.0,"enemies":"Spheric Guardian","floor":18.0,"turns":3.0},{"damage":17,"enemies":"2 Thieves","floor":21,"turns":4},{"damage":34,"enemies":"Snecko","floor":22,"turns":7},{"damage":52,"enemies":"Slavers","floor":24,"turns":4},{"damage":8,"enemies":"Snake Plant","floor":25,"turns":3},{"damage":20,"enemies":"Gremlin Leader","floor":28,"turns":2}],"seed_played":"-4326303097658646867","potions_obtained":[{"floor":3.0,"key":"Weak Potion"},{"floor":5.0,"key":"Strength Potion"},{"floor":10.0,"key":"AttackPotion"},{"floor":13.0,"key":"SmokeBomb"},{"floor":21,"key":"SpeedPotion"}],"is_trial":false,"path_per_floor":["M","M","M","?","M","E","M","R","T","M","T","R","E","$","R","B",null,"M","?","$","M","M","R","E","M","T","$","E"],"character_chosen":"IRONCLAD","items_purchased":["Cleave","Membership Card","Apotheosis","FearPotion","Mayhem"],"campfire_rested":1,"item_purchase_floors":[14,20,20,27,27],"current_hp_per_floor":[68,70,62,62,53,41,43,43,43,35,35,35,28,28,28,8,58,63,63,63,58,32,55,15,15,15,15,0,0],"gold":117,"neow_bonus":"RANDOM_COLORLESS","is_daily":false,"chose_seed":false,"campfire_upgraded":3,"win_rate":0.0,"timestamp":1612471869,"path_taken":["M","?","M","?","M","E","M","R","T","?","?","R","E","$","R","BOSS","M","?","$","M","M","R","E","M","T","$","E"],"items_purchased_type":["Card","Relic","Card","Potion","Card"],"build_version":"2020-12-22","purchased_purges":0,"victory":false,"max_hp_per_floor":[75,75,75,75,75,75,75,75,75,75,75,75,75,75,75,75,75,75,75,75,79,79,79,83,83,83,83,83,83],"card_choices":[{"not_picked":["Impatience","PanicButton"],"picked":"Flash of Steel","floor":0.0},{"not_picked":["Clothesline","Body Slam","Burning Pact"],"picked":"SKIP","floor":1.0},{"not_picked":["Shrug It Off","Cleave"],"picked":"Spot Weakness","floor":2.0},{"not_picked":["Sentinel","Havoc"],"picked":"Sword Boomerang","floor":3.0},{"not_picked":["Heavy Blade","Perfected Strike"],"picked":"Shrug It Off","floor":5.0},{"not_picked":["Havoc","Corruption"],"picked":"Twin Strike","floor":6.0},{"not_picked":["True Grit","Anger"],"picked":"Pommel Strike","floor":7.0},{"not_picked":["Entrench","Iron Wave","Sword Boomerang"],"picked":"SKIP","floor":10.0},{"not_picked":["Wild Strike","Flex"],"picked":"Anger","floor":13.0},{"not_picked":["Bludgeon","Barricade"],"picked":"Feed","floor":16.0},{"not_picked":["Iron Wave","Sword Boomerang"],"picked":"Armaments","floor":18.0},{"not_picked":["Havoc","Cleave","Clothesline"],"picked":"SKIP","floor":21},{"not_picked":["Fire Breathing","Reckless Charge","Inflame"],"picked":"SKIP","floor":22},{"not_picked":["Feed","Searing Blow","Body Slam"],"picked":"SKIP","floor":24}],"player_experience":1969439,"relics_obtained":[{"floor":6.0,"key":"StrikeDummy"},{"floor":9.0,"key":"Blood Vial"},{"floor":11.0,"key":"Shuriken"},{"floor":13.0,"key":"Darkstone Periapt"},{"floor":24,"key":"Nunchaku"},{"floor":26,"key":"Meat on the Bone"}],"event_choices":[{"damage_healed":0.0,"max_hp_gain":0.0,"max_hp_loss":0.0,"gold_gain":0.0,"event_name":"Accursed Blacksmith","player_choice":"Forge","floor":4.0,"gold_loss":0.0,"damage_taken":0.0,"cards_upgraded":["Bash"]},{"damage_healed":0.0,"max_hp_gain":0.0,"max_hp_loss":0.0,"gold_gain":0.0,"event_name":"Back to Basics","player_choice":"Simplicity","floor":19.0,"gold_loss":0.0,"damage_taken":0.0,"cards_upgraded":["Strike_R","Strike_R","Strike_R","Strike_R","Strike_R","Defend_R","Defend_R","Defend_R","Defend_R"]}],"is_beta":false,"boss_relics":[{"not_picked":["Coffee Dripper","Fusion Hammer"],"picked":"SlaversCollar"}],"items_purged_floors":[],"is_endless":false,"potions_floor_spawned":[3,5,10,13,21,25],"killed_by":"Gremlin Leader","ascension_level":15}}