{"host":"ox77rn1xcurm2t5a","time":1612452874,"event":{"mods":["2.2 Compatiblity","AchievementEnabler","Act Like it!","Aspiration","BaseMod","Best Route Mod","Better Match","Better Note","Better Sensory Stone","Block Reminder","Colored Map","Colored Powertips","Conjunction","Conspire","Custom Start","Energized Spire","GifTheSpireLib","Gold Saver","Gremlin Skip","Halation","Highlight Path","Hubris","Infinite Spire","Minty Spire (QoL Compilation)","Pale of the Ancients","Quick Restart","Replay The Spire","Reworked Bosses","ShortenTheSpire","Spire Exporter","StSLib","Stuff the Spire","Wandering Minibosses"],"gold_per_floor":[111,146,166,21,36,36,47,47,47,77,94,110,124,155,155,227,227,242,242,242,259,259,287,287,287,334,350,4,4,14,14,14,88,88,104,16,34,34,45,45,77,77,77,77,77,110,157,169,169,169,169,169,16,16,16],"floor_reached":54,"language":"ENG","playtime":4220,"items_purged":["Strike_B","Strike_B","Strike_B","Strike_B","hubris:SpecializedCircuitry"],"score":1290,"play_id":"30053fda-76a8-425e-8358-3fdd5d472a6c","local_time":"20210204173434","is_ascension_mode":true,"campfire_choices":[{"floor":6.0,"key":"RECALL"},{"data":"Zap","floor":8.0,"key":"SMITH"},{"data":"Defragment","floor":15.0,"key":"SMITH"},{"data":"StuffTheSpire:Synthwave","floor":24.0,"key":"SMITH"},{"data":"Streamline","floor":29,"key":"SMITH"},{"floor":32,"key":"REST"},{"data":"Defragment","floor":40,"key":"SMITH"},{"data":"infinitespire:Gouge","floor":44,"key":"SMITH"},{"floor":49,"key":"REST"},{"data":"Self Repair","floor":52,"key":"SMITH"}],"circlet_count":0,"master_deck":["AscendersBane","Defend_B+1","Defend_B+1","Defend_B","Defend_B","Zap+1","Dualcast","Gash","Streamline+1","StuffTheSpire:Synthwave+1","Defragment+1","Gash","StuffTheSpire:Synthwave+1","Gash","infinitespire:Gouge+1","Gash","Ball Lightning","Gash","Ball Lightning+1","Ball Lightning","Ball Lightning","Defragment+1","Self Repair+1","Ball Lightning","Capacitor+1"],"relics":["Cracked Core","NeowsBlessing","Happy Flower","aspiration:SeaSaltIceCream","NeowsBlessing","StuffTheSpire:Mouthbags","Honey Jar","ClockworkSouvenir","Replay:Ringing Soul","Smiling Mask","Membership Card","Strawberry","Pantograph","aspiration:RitualDagger","Gremlin Horn","StuffTheSpire:GrapeVine","Onion Ring","StuffTheSpire:HeavyRock","infinitespire:PuzzleCube","War Paint"],"acts_visited":["Exordium","TheCity","TheBeyond","TheEnding"],"potions_floor_usage":[39,39,41,48],"damage_taken":[{"damage":0.0,"enemies":"Small Slimes","floor":1.0,"turns":1.0},{"damage":0.0,"enemies":"conspire:MimicChest","floor":2.0,"turns":1.0},{"damage":0.0,"enemies":"Jaw Worm","floor":3.0,"turns":1.0},{"damage":3.0,"enemies":"2 Louse","floor":5.0,"turns":2.0},{"damage":14.0,"enemies":"Large Slime","floor":7.0,"turns":3.0},{"damage":19.0,"enemies":"3 Sentries","floor":10.0,"turns":7.0},{"damage":0.0,"enemies":"Blue Slaver","floor":11.0,"turns":1.0},{"damage":0.0,"enemies":"Red Slaver","floor":12.0,"turns":1.0},{"damage":0.0,"enemies":"Looter","floor":13.0,"turns":1.0},{"damage":18.0,"enemies":"Gremlin Nob","floor":14.0,"turns":3.0},{"damage":9.0,"enemies":"Hexaghost","floor":16.0,"turns":6.0},{"damage":13.0,"enemies":"Shell Parasite","floor":18.0,"turns":4.0},{"damage":19.0,"enemies":"3 Byrds","floor":21.0,"turns":4.0},{"damage":9.0,"enemies":"Gremlin Leader","floor":23.0,"turns":5.0},{"damage":7,"enemies":"3 Cultists","floor":27,"turns":4},{"damage":4,"enemies":"Chosen and Byrds","floor":30,"turns":4},{"damage":35,"enemies":"bossMod:newCollector","floor":33,"turns":6},{"damage":50,"enemies":"3 Darklings","floor":35,"turns":5},{"damage":18,"enemies":"3 Shapes","floor":37,"turns":3},{"damage":40,"enemies":"Spire Growth","floor":39,"turns":4},{"damage":35,"enemies":"Reptomancer","floor":41,"turns":4},{"damage":64,"enemies":"Nemesis","floor":46,"turns":5},{"damage":49,"enemies":"3 Darklings","floor":48,"turns":3},{"damage":166,"enemies":"infinitespire:MassOfShapes","floor":50,"turns":9},{"damage":112,"enemies":"Shield and Spear","floor":54,"turns":3}],"seed_played":"3944051461576462016","potions_obtained":[{"floor":5.0,"key":"Cursed Concoction"},{"floor":7.0,"key":"Elixir"},{"floor":11.0,"key":"DuplicationPotion"},{"floor":14.0,"key":"SteroidPotion"},{"floor":21.0,"key":"Block Potion"},{"floor":33,"key":"SneckoOil"},{"floor":35,"key":"Milkshake"},{"floor":37,"key":"Elixir"},{"floor":46,"key":"Swift Potion"}],"is_trial":false,"path_per_floor":["M","?","M","$","M","R","M","R","T","E","M","M","M","E","R","B",null,"M","AVR","?","M","?","E","R","?","T","M","$","R","M","$","R","B",null,"M","$","M","AVR","M","R","E","?","T","R","?","E","T","M","R","B",null,"R","$","E"],"character_chosen":"DEFECT","items_purchased":["StuffTheSpire:Synthwave","Membership Card","Strawberry","Pantograph","Defragment","Capacitor+1","War Paint"],"campfire_rested":2,"item_purchase_floors":[4,28,28,28,36,53,53],"current_hp_per_floor":[64,64,64,64,61,61,47,47,47,28,28,28,28,10,10,1,54,41,41,41,22,22,16,16,16,16,12,19,19,18,18,44,37,77,30,33,18,18,91,91,99,99,99,99,99,66,66,46,76,31,84,84,87,0,0],"gold":16,"neow_bonus":"THREE_ENEMY_KILL","is_daily":false,"chose_seed":false,"campfire_upgraded":7,"win_rate":0.0,"timestamp":1612452874,"path_taken":["M","?","M","$","M","R","M","R","T","E","M","M","M","E","R","BOSS","M","AVR","?","M","?","E","R","?","T","M","$","R","M","$","R","BOSS","M","$","M","AVR","M","R","E","?","T","R","?","E","?","M","R","BOSS","R","$","E"],"items_purchased_type":["Card","Relic","Relic","Relic","Card","Card","Relic"],"build_version":"2020-12-22","purchased_purges":5,"victory":false,"max_hp_per_floor":[71,71,71,71,71,71,71,71,71,71,71,71,71,71,71,71,71,71,71,71,71,71,74,74,74,74,77,84,84,87,87,87,90,90,93,96,99,99,99,99,99,99,99,99,99,102,102,102,102,102,102,102,105,105,105],"card_choices":[{"not_picked":["ReplayGash","Streamline"],"picked":"Gash","floor":1.0},{"not_picked":["Redo","Beam Cell"],"picked":"Streamline","floor":2.0},{"not_picked":["Hologram","Go for the Eyes","Reinforced Body"],"picked":"SKIP","floor":3.0},{"not_picked":["Auto Shields","Ball Lightning"],"picked":"Gash","floor":5.0},{"not_picked":["StuffTheSpire:LoadUp","StuffTheSpire:Plugnplay","Scrape"],"picked":"SKIP","floor":7.0},{"not_picked":["hubris:DoWhile","Stack","BasicCrystalCard"],"picked":"SKIP","floor":10.0},{"not_picked":["White Noise","StuffTheSpire:LoadUp"],"picked":"Defragment","floor":11.0},{"not_picked":["Stack","BasicCrystalCard"],"picked":"Gash","floor":12.0},{"not_picked":["StuffTheSpire:ShieldGenerator","Leap"],"picked":"StuffTheSpire:Synthwave","floor":13.0},{"not_picked":["ReplayTheSpireMod:Reroute Power","Skim","StuffTheSpire:CleanHardDrive"],"picked":"SKIP","floor":14.0},{"not_picked":["Compile Driver","Beam Cell","Panic Button"],"picked":"Gash","floor":18.0},{"not_picked":["Thunder Strike","ReplaySolidLightProjector","Steam+1"],"picked":"Gash","floor":21.0},{"not_picked":["Turbo+1","Hologram","Steam"],"picked":"Ball Lightning","floor":23.0},{"not_picked":["StuffTheSpire:CleanHardDrive+1","Leap","Sweeping Beam"],"picked":"Ball Lightning+1","floor":27},{"not_picked":["StuffTheSpire:Plugnplay","Coolheaded+1","ReplayTheSpireMod:Dual Polarity"],"picked":"Ball Lightning","floor":30},{"not_picked":["ReplayTheSpireMod:Fabricate Wheel","ReplayRNGCard","ReplayTheSpireMod:Omega Cannon"],"picked":"hubris:SpecializedCircuitry","floor":33},{"not_picked":["Barrage","Redo","Hologram+1"],"picked":"Ball Lightning","floor":35},{"not_picked":["Go for the Eyes","BasicCrystalCard","Consume"],"picked":"Self Repair","floor":37},{"not_picked":["StuffTheSpire:NuclearReactor","Reprogram","Hello World","Go for the Eyes"],"picked":"SKIP","floor":39},{"not_picked":["Coolheaded","Chill","Turbo+1","Amplify"],"picked":"SKIP","floor":41},{"not_picked":["Stack","Reprogram","Conserve Battery"],"picked":"Ball Lightning","floor":46},{"not_picked":["Rebound","Go for the Eyes","Compile Driver","Genetic Algorithm"],"picked":"SKIP","floor":48}],"player_experience":3002259,"relics_obtained":[{"floor":2.0,"key":"Happy Flower"},{"floor":10.0,"key":"aspiration:SeaSaltIceCream"},{"floor":14.0,"key":"StuffTheSpire:Mouthbags"},{"floor":23.0,"key":"Replay:Ringing Soul"},{"floor":26.0,"key":"Smiling Mask"},{"floor":41,"key":"StuffTheSpire:GrapeVine"},{"floor":43,"key":"Onion Ring"},{"floor":46,"key":"StuffTheSpire:HeavyRock"},{"floor":47,"key":"infinitespire:PuzzleCube"}],"event_choices":[{"damage_healed":0.0,"max_hp_gain":0.0,"max_hp_loss":0.0,"gold_gain":0.0,"event_name":"Ghosts","player_choice":"Ignored","floor":25.0,"gold_loss":0.0,"damage_taken":0.0}],"is_beta":false,"boss_relics":[{"not_picked":["Velvet Choker","energizedSpire:OgreHead"],"picked":"Honey Jar"},{"not_picked":["Busted Crown","Runic Pyramid"],"picked":"aspiration:RitualDagger"}],"items_purged_floors":[4,19,36,38,53],"is_endless":false,"potions_floor_spawned":[5,7,11,13,14,21,33,35,37,46],"killed_by":"Shield and Spear","ascension_level":14}}