{"host":"bvc3bp2iol2n355r","time":1612415935,"event":{"mods":["AchievementEnabler","BaseMod","Dark Map","Downfall","Minty Spire (QoL Compilation)","Relic Stats","StSLib"],"gold_per_floor":[363,374,23,38,38,38,72,90,116,116,148,323,323,273,273,351,351,364,384,403,421,421,421],"floor_reached":22,"language":"ENG","playtime":1061,"items_purged":[],"score":333,"play_id":"71871183-340d-4425-b3e9-c36adb32c7ee","local_time":"20210204001855","is_ascension_mode":true,"campfire_choices":[{"floor":6,"key":"DIG"},{"floor":10,"key":"REST"},{"floor":13,"key":"DIG"},{"floor":15,"key":"DIG"}],"circlet_count":0,"master_deck":["AscendersBane","Strike_R","Strike_R","Strike_R","Strike_R","Defend_R","Defend_R+1","Defend_R","Defend_R+1","Bash","Anger","Rampage+1","Pommel Strike","Carnage","Inflame","Havoc","Exhume","Headbutt","Clothesline"],"relics":["Burning Blood","Shovel","Smiling Mask","Anchor","War Paint","Omamori","Matryoshka","Ice Cream","Cursed Key"],"acts_visited":["Exordium","TheCity"],"potions_floor_usage":[7,11,21,22],"damage_taken":[{"damage":20,"enemies":"Jaw Worm","floor":1,"turns":6},{"damage":12,"enemies":"Small Slimes","floor":2,"turns":4},{"damage":2,"enemies":"2 Louse","floor":4,"turns":3},{"damage":26,"enemies":"Gremlin Nob","floor":7,"turns":4},{"damage":19,"enemies":"Exordium Thugs","floor":8,"turns":5},{"damage":10,"enemies":"Lagavulin","floor":11,"turns":5},{"damage":12,"enemies":"Slime Boss","floor":16,"turns":12},{"damage":0,"enemies":"Chosen","floor":18,"turns":4},{"damage":12,"enemies":"3 Byrds","floor":19,"turns":6},{"damage":32,"enemies":"Snecko","floor":20,"turns":4},{"damage":15,"enemies":"Snake Plant","floor":21,"turns":4},{"damage":26,"enemies":"Cultist and Chosen","floor":22,"turns":4}],"seed_played":"-881333183169587589","potions_obtained":[{"floor":8,"key":"Energy Potion"},{"floor":20,"key":"SteroidPotion"},{"floor":21,"key":"Explosive Potion"}],"is_trial":false,"path_per_floor":["M","M","$","M","?","R","E","M","T","R","E","?","R","?","R","B",null,"M","M","M","M","M"],"character_chosen":"IRONCLAD","items_purchased":["Shovel","PowerPotion"],"campfire_rested":1,"item_purchase_floors":[3,3],"current_hp_per_floor":[54,48,48,52,52,52,32,19,19,39,35,35,35,35,35,29,58,64,58,32,23,0,0],"gold":421,"neow_bonus":"TWO_FIFTY_GOLD","is_daily":false,"chose_seed":false,"campfire_upgraded":0,"win_rate":0.0,"timestamp":1612415935,"path_taken":["M","M","$","M","?","R","E","M","T","R","E","?","R","?","R","BOSS","M","M","M","M","M"],"items_purchased_type":["Relic","Potion"],"build_version":"2020-12-22","purchased_purges":0,"victory":false,"max_hp_per_floor":[68,68,68,68,68,68,68,68,68,68,68,68,68,68,68,68,68,68,68,68,68,68,68],"relic_stats":{"Shovel":3,"counters":[12,61],"War Paint":["Defend_R","Defend_R"],"Smiling Mask":0,"Cursed Key":0,"obtain_stats":[{"Ice Cream":15,"Anchor":7,"Shovel":3,"Matryoshka":13,"Omamori":11,"War Paint":9,"Smiling Mask":6,"Cursed Key":17,"Burning Blood":0},{"Ice Cream":6,"Anchor":4,"Shovel":2,"Matryoshka":6,"Omamori":6,"War Paint":5,"Smiling Mask":3,"Cursed Key":7,"Burning Blood":0},{"Ice Cream":27,"Anchor":17,"Shovel":10,"Matryoshka":27,"Omamori":27,"War Paint":22,"Smiling Mask":13,"Cursed Key":39,"Burning Blood":0}],"Burning Blood":66},"card_choices":[{"not_picked":["Headbutt","Body Slam"],"picked":"Anger","floor":1},{"not_picked":["Sword Boomerang","Battle Trance"],"picked":"Rampage","floor":2},{"not_picked":["Thunderclap","Clash"],"picked":"Pommel Strike","floor":4},{"not_picked":["Wild Strike","Metallicize"],"picked":"Carnage","floor":7},{"not_picked":["Bloodletting","Thunderclap"],"picked":"Inflame","floor":8},{"not_picked":["Clash","Body Slam"],"picked":"Havoc","floor":11},{"not_picked":["Demon Form","Double Tap"],"picked":"Exhume","floor":16},{"not_picked":["Wild Strike","Cleave"],"picked":"Headbutt","floor":18},{"not_picked":["Entrench+1","Dark Embrace","Wild Strike"],"picked":"SKIP","floor":19},{"not_picked":["Iron Wave","Battle Trance"],"picked":"Clothesline","floor":20},{"not_picked":["Sword Boomerang","Flex+1","Iron Wave"],"picked":"SKIP","floor":21}],"player_experience":587038,"relics_obtained":[{"floor":6,"key":"Smiling Mask"},{"floor":7,"key":"Anchor"},{"floor":9,"key":"War Paint"},{"floor":11,"key":"Omamori"},{"floor":13,"key":"Matryoshka"},{"floor":15,"key":"Ice Cream"}],"event_choices":[{"damage_healed":0,"gold_gain":0,"player_choice":"Grow","damage_taken":0,"max_hp_gain":0,"max_hp_loss":0,"event_name":"Living Wall","floor":5,"gold_loss":0,"cards_upgraded":["Rampage"]},{"damage_healed":0,"gold_gain":175,"player_choice":"AGREE","damage_taken":0,"max_hp_gain":0,"max_hp_loss":0,"event_name":"Liars Game","floor":12,"gold_loss":0,"cards_obtained":["Doubt"]},{"cards_removed":["Strike_R"],"damage_healed":0,"gold_gain":0,"player_choice":"Card Removal","damage_taken":0,"max_hp_gain":0,"max_hp_loss":0,"event_name":"The Cleric","floor":14,"gold_loss":50}],"is_beta":false,"boss_relics":[{"not_picked":["Astrolabe","Runic Dome"],"picked":"Cursed Key"}],"items_purged_floors":[],"is_endless":false,"potions_floor_spawned":[8,20,21],"killed_by":"Cultist and Chosen","ascension_level":14}}