{"host":"djoj10dqzzvtkauc","time":1612452807,"event":{"mods":["2.2 Compatiblity","BaseMod","Colored Map","DeckTracker","Highlight Path","Keyboard Shortcuts","Marisa£¨Ùöéë¡¡Øª×âÞÞ£©","Minty Spire (QoL Compilation)","Permanent Neow","Quick Restart","Random Character Button","StSLib","SuperFastMode","everything is the same but u backflip on backflip"],"gold_per_floor":[215,215,69,89,89,117,146,146,170,170,203,266,266,289,289,393,393,406,424,424,5,5,5,5,31,31,43,43,61,76,92,92,192,192,210,226,276,49,59,59,73,73,85,111,137,149,0,0,0,0],"floor_reached":51,"language":"KOR","playtime":1648,"items_purged":["Strike_R","Strike_R","Strike_R"],"score":748,"play_id":"41d3f58e-9d40-4b1a-a852-a84a355e2712","local_time":"20210205003327","is_ascension_mode":false,"campfire_choices":[{"data":"Immolate","floor":8,"key":"SMITH"},{"data":"Shockwave","floor":10,"key":"SMITH"},{"data":"Bash","floor":15,"key":"SMITH"},{"data":"Evolve","floor":23,"key":"SMITH"},{"floor":32,"key":"REST"},{"floor":40,"key":"DIG"},{"floor":42,"key":"DIG"},{"floor":49,"key":"DIG"}],"circlet_count":0,"master_deck":["Strike_R","Defend_R","Defend_R","Defend_R","Bash+1","Wild Strike","Hemokinesis","Evolve","Immolate+1","Shockwave+1","Second Wind","Barricade+1","Wild Strike","Body Slam+1","Impervious","Evolve+1","Fiend Fire","Feel No Pain+1","Flame Barrier","True Grit","Headbutt","Exhume","CurseOfTheBell","Flame Barrier+1","Havoc+1","Entrench","Warcry","Power Through+1","Feel No Pain","Feel No Pain","Pommel Strike+1","Sentinel"],"relics":["Burning Blood","Art of War","Happy Flower","Odd Mushroom","Pen Nib","Juzu Bracelet","Nunchaku","Boot","Mark of Pain","Mummified Hand","Strawberry","Bag of Preparation","Calling Bell","Orichalcum","Molten Egg 2","Torii","Shovel","Membership Card","Regal Pillow","MawBank","Centennial Puzzle","HornCleat"],"acts_visited":["Exordium","TheCity","TheBeyond"],"potions_floor_usage":[7,12,12,16,33,33,33,50],"damage_taken":[{"damage":5,"enemies":"Jaw Worm","floor":1,"turns":4},{"damage":8,"enemies":"2 Louse","floor":4,"turns":2},{"damage":53,"enemies":"Lagavulin","floor":6,"turns":6},{"damage":15,"enemies":"The Mushroom Lair","floor":7,"turns":4},{"damage":15,"enemies":"Gremlin Nob","floor":11,"turns":4},{"damage":11,"enemies":"3 Sentries","floor":12,"turns":2},{"damage":22,"enemies":"Slime Boss","floor":16,"turns":9},{"damage":32,"enemies":"Spheric Guardian","floor":18,"turns":4},{"damage":21,"enemies":"3 Byrds","floor":19,"turns":5},{"damage":18,"enemies":"Slavers","floor":25,"turns":4},{"damage":0,"enemies":"Snake Plant","floor":27,"turns":3},{"damage":2,"enemies":"Shelled Parasite and Fungi","floor":29,"turns":3},{"damage":15,"enemies":"Sentry and Sphere","floor":30,"turns":4},{"damage":10,"enemies":"Snake Plant","floor":31,"turns":4},{"damage":2,"enemies":"Automaton","floor":33,"turns":7},{"damage":11,"enemies":"Orb Walker","floor":35,"turns":5},{"damage":4,"enemies":"3 Darklings","floor":36,"turns":5},{"damage":4,"enemies":"Mind Bloom Boss Battle","floor":37,"turns":7},{"damage":11,"enemies":"Jaw Worm Horde","floor":39,"turns":4},{"damage":6,"enemies":"4 Shapes","floor":41,"turns":2},{"damage":2,"enemies":"Maw","floor":44,"turns":8},{"damage":0,"enemies":"3 Darklings","floor":45,"turns":5},{"damage":22,"enemies":"Time Eater","floor":50,"turns":11}],"seed_played":"2685523055943288161","potions_obtained":[{"floor":4,"key":"Regen Potion"},{"floor":6,"key":"Strength Potion"},{"floor":7,"key":"Dexterity Potion"},{"floor":11,"key":"ColorlessPotion"},{"floor":25,"key":"BlessingOfTheForge"},{"floor":27,"key":"SpeedPotion"},{"floor":30,"key":"PowerPotion"},{"floor":36,"key":"Dexterity Potion"},{"floor":45,"key":"PowerPotion"}],"is_trial":false,"path_per_floor":["M","?","$","M","?","E","?","R","T","R","E","?","?","T","R","B",null,"M","M","?","$","?","R","?","E","T","M","$","M","M","M","R","B",null,"M","M","?","$","M","R","M","R","T","M","M","?","$","?","R","B",null],"character_chosen":"IRONCLAD","items_purchased":["Hemokinesis","Impervious","Evolve","Mummified Hand","Membership Card","Warcry","Feel No Pain","Pommel Strike+1","Sentinel"],"campfire_rested":1,"item_purchase_floors":[3,21,21,21,38,38,47,47,47],"current_hp_per_floor":[80,77,77,75,75,28,31,31,31,31,22,17,43,43,43,27,80,54,39,39,39,39,39,39,34,34,40,40,44,35,31,57,61,87,82,84,86,86,81,81,81,81,81,85,87,87,87,87,87,71],"gold":0,"neow_bonus":"HUNDRED_GOLD","is_daily":false,"chose_seed":false,"campfire_upgraded":4,"win_rate":0.0,"timestamp":1612452807,"path_taken":["M","?","$","M","?","E","?","R","T","R","E","?","?","?","R","BOSS","M","M","?","$","?","R","?","E","T","M","$","M","M","M","R","BOSS","M","M","?","$","M","R","M","R","T","M","M","?","?","?","R","BOSS"],"items_purchased_type":["Card","Card","Card","Relic","Relic","Card","Card","Card","Card"],"build_version":"2020-12-22","purchased_purges":3,"victory":true,"max_hp_per_floor":[80,80,80,80,80,80,80,80,80,80,80,80,80,80,80,80,80,80,80,80,80,80,80,80,87,87,87,87,87,87,87,87,87,87,87,87,87,87,87,87,87,87,87,87,87,87,87,87,87,87],"card_choices":[{"not_picked":["Armaments","Feel No Pain"],"picked":"Wild Strike","floor":1},{"not_picked":["Perfected Strike","Disarm"],"picked":"Evolve","floor":4},{"not_picked":["Pommel Strike","Thunderclap"],"picked":"Immolate","floor":6},{"not_picked":["Perfected Strike","Evolve"],"picked":"Shockwave","floor":7},{"not_picked":["Evolve","Shrug It Off"],"picked":"Second Wind","floor":11},{"not_picked":["Brutality","Limit Break"],"picked":"Barricade","floor":16},{"not_picked":["Body Slam+1","Sentinel"],"picked":"Wild Strike","floor":18},{"not_picked":["Metallicize","Twin Strike"],"picked":"Body Slam","floor":19},{"not_picked":["Shrug It Off","Twin Strike"],"picked":"Fiend Fire","floor":25},{"not_picked":["Battle Trance","Wild Strike"],"picked":"Feel No Pain+1","floor":27},{"not_picked":["Anger","Twin Strike+1"],"picked":"Flame Barrier","floor":29},{"not_picked":["Infernal Blade","Flex"],"picked":"True Grit","floor":30},{"not_picked":["Perfected Strike+1","Reckless Charge"],"picked":"Headbutt","floor":31},{"not_picked":["Barricade","Limit Break"],"picked":"Exhume","floor":33},{"not_picked":["Clash+1","Searing Blow+1"],"picked":"Flame Barrier+1","floor":35},{"not_picked":["Headbutt+1","Dropkick+1"],"picked":"Havoc+1","floor":36},{"not_picked":["Heavy Blade+1","Anger+1"],"picked":"Entrench","floor":37},{"not_picked":["Pommel Strike+1","Rampage+1"],"picked":"Power Through+1","floor":39},{"not_picked":["Exhume","Heavy Blade+1"],"picked":"Feel No Pain","floor":41},{"not_picked":["Hemokinesis+1","Heavy Blade+1","Perfected Strike+1"],"picked":"SKIP","floor":44},{"not_picked":["Clash+1","Spot Weakness+1","Anger+1"],"picked":"SKIP","floor":45}],"player_experience":167965,"relics_obtained":[{"floor":6,"key":"Happy Flower"},{"floor":7,"key":"Odd Mushroom"},{"floor":9,"key":"Pen Nib"},{"floor":11,"key":"Juzu Bracelet"},{"floor":12,"key":"Nunchaku"},{"floor":14,"key":"Boot"},{"floor":25,"key":"Strawberry"},{"floor":26,"key":"Bag of Preparation"},{"floor":34,"key":"Orichalcum"},{"floor":34,"key":"Molten Egg 2"},{"floor":34,"key":"Torii"},{"floor":37,"key":"Shovel"},{"floor":40,"key":"Regal Pillow"},{"floor":42,"key":"MawBank"},{"floor":43,"key":"Centennial Puzzle"},{"floor":49,"key":"HornCleat"}],"event_choices":[{"damage_healed":0,"gold_gain":0,"player_choice":"Success","damage_taken":3,"relics_obtained":["Art of War"],"max_hp_gain":0,"max_hp_loss":0,"event_name":"Scrap Ooze","floor":2,"gold_loss":0},{"cards_removed":["Strike_R"],"damage_healed":0,"gold_gain":0,"player_choice":"Forget","damage_taken":0,"max_hp_gain":0,"max_hp_loss":0,"event_name":"Living Wall","floor":5,"gold_loss":0},{"damage_healed":0,"gold_gain":0,"player_choice":"Fought Mushrooms","damage_taken":0,"max_hp_gain":0,"max_hp_loss":0,"event_name":"Mushrooms","floor":7,"gold_loss":0},{"damage_healed":0,"gold_gain":30,"player_choice":"Searched \u00272\u0027 times","damage_taken":0,"max_hp_gain":0,"max_hp_loss":0,"event_name":"Dead Adventurer","floor":12,"gold_loss":0},{"damage_healed":26,"gold_gain":0,"player_choice":"Banana","damage_taken":0,"max_hp_gain":0,"max_hp_loss":0,"event_name":"Big Fish","floor":13,"gold_loss":0},{"damage_healed":0,"gold_gain":0,"player_choice":"Upgraded","damage_taken":0,"max_hp_gain":0,"max_hp_loss":0,"event_name":"Upgrade Shrine","floor":20,"gold_loss":0,"cards_upgraded":["Barricade"]},{"damage_healed":0,"gold_gain":0,"player_choice":"Ignored","damage_taken":0,"max_hp_gain":0,"max_hp_loss":0,"event_name":"Vampires","floor":22,"gold_loss":0},{"damage_healed":0,"gold_gain":0,"player_choice":"Forge","damage_taken":0,"max_hp_gain":0,"max_hp_loss":0,"event_name":"Accursed Blacksmith","floor":24,"gold_loss":0,"cards_upgraded":["Body Slam"]},{"damage_healed":0,"gold_gain":0,"player_choice":"Fight","damage_taken":0,"max_hp_gain":0,"max_hp_loss":0,"event_name":"MindBloom","floor":37,"gold_loss":0},{"cards_removed":["Defend_R"],"damage_healed":0,"gold_gain":0,"player_choice":"Removed Skill","damage_taken":0,"max_hp_gain":0,"max_hp_loss":0,"event_name":"Falling","floor":46,"gold_loss":0},{"damage_healed":0,"gold_gain":0,"player_choice":"0 cards matched","damage_taken":0,"max_hp_gain":0,"max_hp_loss":0,"event_name":"Match and Keep!","floor":48,"gold_loss":0,"cards_obtained":[]}],"is_beta":false,"boss_relics":[{"not_picked":["Pandora\u0027s Box","Snecko Eye"],"picked":"Mark of Pain"},{"not_picked":["Velvet Choker","Fusion Hammer"],"picked":"Calling Bell"}],"items_purged_floors":[3,38,47],"is_endless":false,"potions_floor_spawned":[4,6,7,11,25,27,30,36,45],"ascension_level":0}}