{"host":"rf8f5793azs0jd9i","time":1612428960,"event":{"mods":["AchievementEnabler","Aspiration","BaseMod","Colored Powertips","Hubris","Infinite Spire","Minty Spire (QoL Compilation)","Replay The Spire","StSLib"],"gold_per_floor":[114,114,64,64,83,83,108,183,183,183,194,4469,4469,4469,3756,3756,3756,3852,3852,3865,3206,3206,3226,3098,3132,3147,3174,3197,3197,3208,3243,3243,3274,3274,3376,3376,3605,3857,3857,3090,2312,2312,2479,2667,2690,2880,2880,2525,2525,2717,2717,2997,2997,3199,3274,3512,3512,3750,4012,4012,4274,4359,4663,4979,5041,5392,5765,5777,6333,6345,6767,7223,7235,6324,6324,6748,6748,7204,7204,7204,7204,7204,7677,8170,8170,8857,8857,9437,9437,10049,10049,9297,10011,10011,10653,10653,10653,11365,11456,12217,13013,13013,14141,14141,14141],"floor_reached":104,"language":"ENG","playtime":4301,"items_purged":["Strike_G","Defend_G","Strike_G","Overencumbered","Parasite","Doubt","Defend_G","Expertise+1","Defend_G","Delirium"],"score":3773,"play_id":"ff93a42e-828c-46fe-9bd8-1764d0c60cd7","local_time":"20210204025600","is_ascension_mode":true,"campfire_choices":[{"data":"Replay:Bag of Tricks","floor":6.0,"key":"SMITH"},{"data":"Neutralize","floor":10.0,"key":"SMITH"},{"data":"Accuracy","floor":17.0,"key":"SMITH"},{"data":"hubris:EnhanceAbility","floor":29.0,"key":"SMITH"},{"data":"Adrenaline","floor":34.0,"key":"SMITH"},{"data":"ReplayTheSpireMod:Private Reserves","floor":42.0,"key":"SMITH"},{"data":"Inflame","floor":47.0,"key":"SMITH"},{"data":"Infinite Blades","floor":49.0,"key":"SMITH"},{"data":"Tools of the Trade","floor":51.0,"key":"SMITH"},{"data":"Cloak And Dagger","floor":60.0,"key":"SMITH"},{"data":"ReplayTheSpireMod:Chaos Vortex","floor":68.0,"key":"SMITH"},{"data":"Wraith Form v2","floor":80.0,"key":"SMITH"},{"data":"Blade Dance","floor":85.0,"key":"SMITH"},{"data":"hubris:InfiniteBlow+17","floor":94.0,"key":"SMITH"},{"data":"hubris:InfiniteBlow+18","floor":97.0,"key":"SMITH"},{"data":"hubris:InfiniteBlow+36","floor":102,"key":"SMITH"}],"circlet_count":0,"master_deck":["Survivor+1","Neutralize+1","Replay:Bag of Tricks+1","Outmaneuver+1","Accuracy+1","Infinite Blades+1","Tools of the Trade+1","AbeCurse","Blade Dance","hubris:EnhanceAbility+1","ReplayTheSpireMod:Private Reserves+1","Finesse+1","Adrenaline+1","Cloak And Dagger+1","Cloak And Dagger+1","Blade Dance","Blade Dance+1","Backflip+1","Master of Strategy+1","Calculated Gamble+1","Inflame+1","Cloak And Dagger+1","Dagger Throw+1","hubris:SlightOfHand+1","Phantasmal Killer+1","Hidden Blade+1","Backflip+1","Flex+1","ReplayTheSpireMod:Shiv Toss+1","ReplayTheSpireMod:Chaos Vortex+1","Wraith Form v2+1","Adrenaline+1","After Image","hubris:InfiniteBlow+34","Terror+1","Accuracy+1","hubris:InfiniteBlow+34","hubris:InfiniteBlow+37","hubris:TrickCloak+1","Pot Of Greed+1","Pot Of Greed+1","Pot Of Greed+1","Pot Of Greed+1","hubris:Fate+1","Accuracy+1","Flex+1"],"relics":["Ring of the Snake","NeowsBlessing","Replay:Rubber Ducky","hubris:TenFootPole","Pondfish Scales","aspiration:TomeofQuesting","Iron Hammer","hubris:DisguiseKit","Lantern","Abe\u0027s Treasure","infinitespire:EmpoweringShard","War Paint","ReplayTheSpireMod:ShopPack","Blue Doll","aspiration:ChemicalBlood","Pantograph","Centennial Puzzle","infinitespire:Beetle Shell","Bag of Marbles","Matryoshka","infinitespire:EvilPickle","Replay:Ancient Bell","Replay:Mystery Machine","Toxic Egg 2","hubris:GlazedTorus","infinitespire:Cupcake","ReplayTheSpireMod:Ninjato","Medical Kit","infinitespire:Lucky Rock","Toy Ornithopter","BargainBundle","Replay:Baseball","infinitespire:BottledMercury","hubris:ToyBattleship","Ancient Tea Set","Pet Ghost","Pen Nib","ReplayTheSpireMod:Shallot","Black Star","PreservedInsect","hubris:MobiusCoin","Blood Vial","hubris:CrystalStatue","MawBank","Mummified Hand","Painkiller Herb","Gremlin Food","Vajra","ReplayTheSpireMod:Lightbulb","Busted Crown","MutagenicStrength","DollysMirror","Counterbalance","Ornamental Fan","Bottled Lightning","Bronze Scales","Smiling Mask","aspiration:Lifesprig","Bottled Flame","infinitespire:EvilPickle","WristBlade","hubris:Towel","TwistedFunnel","InkBottle","Replay:Ringing Soul","ReplayTheSpireMod:TigerMarble","HornCleat","Grinning Jar","aspiration:SeaSaltIceCream","NeowsBlessing","Happy Flower","hubris:Zylophone","hubris:ScarierMask"],"acts_visited":["Exordium","TheCity","TheBeyond","Exordium","TheCity","TheBeyond","Exordium"],"potions_floor_usage":[],"damage_taken":[{"damage":0.0,"enemies":"Small Slimes","floor":1.0,"turns":1.0},{"damage":0.0,"enemies":"Cultist","floor":5.0,"turns":1.0},{"damage":0.0,"enemies":"Replay:BlueRogue","floor":7.0,"turns":1.0},{"damage":4.0,"enemies":"Jaw Worm","floor":11.0,"turns":3.0},{"damage":0.0,"enemies":"Fading Forest","floor":18.0,"turns":11.0},{"damage":12.0,"enemies":"2 Thieves","floor":20.0,"turns":4.0},{"damage":0.0,"enemies":"Spheric Guardian","floor":23.0,"turns":2.0},{"damage":5.0,"enemies":"Replay:Snechameleon","floor":25.0,"turns":6.0},{"damage":0.0,"enemies":"Cultist and Chosen","floor":26.0,"turns":3.0},{"damage":0.0,"enemies":"Book of Stabbing","floor":27.0,"turns":3.0},{"damage":0.0,"enemies":"Shelled Parasite and Fungi","floor":30.0,"turns":2.0},{"damage":0.0,"enemies":"Slavers","floor":31.0,"turns":3.0},{"damage":0.0,"enemies":"Replay:Snechameleon","floor":33.0,"turns":4.0},{"damage":10.0,"enemies":"Pondfish","floor":35.0,"turns":5.0},{"damage":0.0,"enemies":"3 Shapes","floor":37.0,"turns":2.0},{"damage":0.0,"enemies":"Orb Walker","floor":38.0,"turns":1.0},{"damage":0.0,"enemies":"4 Shapes","floor":43.0,"turns":1.0},{"damage":0.0,"enemies":"Reptomancer","floor":44.0,"turns":1.0},{"damage":0.0,"enemies":"Jaw Worm Horde","floor":46.0,"turns":1.0},{"damage":0.0,"enemies":"Nightmare","floor":50.0,"turns":1.0},{"damage":16.0,"enemies":"Time Eater","floor":52.0,"turns":7.0},{"damage":0.0,"enemies":"Small Slimes","floor":54.0,"turns":1.0},{"damage":0.0,"enemies":"Cultist","floor":58.0,"turns":1.0},{"damage":0.0,"enemies":"Replay:BlueRogue","floor":59.0,"turns":1.0},{"damage":0.0,"enemies":"Nightmare","floor":61.0,"turns":1.0},{"damage":0.0,"enemies":"2 Louse","floor":63.0,"turns":1.0},{"damage":0.0,"enemies":"2 Fungi Beasts","floor":64.0,"turns":1.0},{"damage":0.0,"enemies":"Looter","floor":66.0,"turns":1.0},{"damage":0.0,"enemies":"3 Sentries","floor":67.0,"turns":1.0},{"damage":0.0,"enemies":"Hexaghost","floor":69.0,"turns":1.0},{"damage":0.0,"enemies":"Chosen","floor":71.0,"turns":1.0},{"damage":0.0,"enemies":"Spheric Guardian","floor":72.0,"turns":1.0},{"damage":0.0,"enemies":"Gremlin Leader","floor":76.0,"turns":1.0},{"damage":0.0,"enemies":"Book of Stabbing","floor":78.0,"turns":1.0},{"damage":0.0,"enemies":"Snecko","floor":83.0,"turns":1.0},{"damage":0.0,"enemies":"Snake Plant","floor":84.0,"turns":1.0},{"damage":0.0,"enemies":"Pondfish","floor":86.0,"turns":3.0},{"damage":0.0,"enemies":"3 Darklings","floor":88.0,"turns":2.0},{"damage":0.0,"enemies":"Orb Walker","floor":90.0,"turns":1.0},{"damage":0.0,"enemies":"Nightmare","floor":93.0,"turns":1.0},{"damage":0.0,"enemies":"Sphere and 2 Shapes","floor":95.0,"turns":1.0},{"damage":0.0,"enemies":"Giant Head","floor":98.0,"turns":1.0},{"damage":0.0,"enemies":"infinitespire:Three Voidlings","floor":99.0,"turns":1.0},{"damage":0.0,"enemies":"Nightmare_Alpha","floor":99.0,"turns":1.0},{"damage":0,"enemies":"Transient","floor":100,"turns":1},{"damage":0,"enemies":"Writhing Mass","floor":101,"turns":1},{"damage":0,"enemies":"Awakened One","floor":103,"turns":2}],"seed_played":"6421000573851402160","potions_obtained":[{"floor":1.0,"key":"Explosive Potion"},{"floor":5.0,"key":"DistilledChaos"},{"floor":23.0,"key":"FearPotion"},{"floor":26.0,"key":"FearPotion"},{"floor":27.0,"key":"Fire Potion"},{"floor":35.0,"key":"FearPotion"},{"floor":38.0,"key":"FearPotion"},{"floor":56.0,"key":"Strength Potion"},{"floor":59.0,"key":"Energy Potion"},{"floor":64.0,"key":"Adrenaline Potion"}],"is_trial":false,"path_per_floor":["M","?","?","?","M","R","E","?","T","R","M","$","PTL","PTL","$","T","R","B",null,"M","$","?","M","?","E","M","E","T","R","M","E","?","E","R","B",null,"M","M","AVR","$","$","R","M","E","T","M","R","$","R","NM","R","B",null,"M","?","?","?","M","E","R","NM","T","M","M","AVR","?","E","T","B",null,"?","?","?","T","?","E","?","E","T","T","?","?","?","?","T","B",null,"?","?","?","?","T","NM","T","?","T","T","E","?","?","?","T","B",null],"character_chosen":"THE_SILENT","items_purchased":["Pondfish Scales","aspiration:TomeofQuesting","Accuracy","Infinite Blades","Iron Hammer","hubris:DisguiseKit","Energy Potion","infinitespire:EmpoweringShard","War Paint","ReplayTheSpireMod:ShopPack","Medical Kit","infinitespire:Lucky Rock","Toy Ornithopter","Ancient Potion","Master of Strategy+1","BargainBundle","Replay:Baseball","infinitespire:BottledMercury","Calculated Gamble+1","Pen Nib","DollysMirror","Counterbalance","Ornamental Fan","TwistedFunnel","InkBottle","Replay:Ringing Soul","PowerPotion"],"campfire_rested":0,"item_purchase_floors":[12,12,12,15,15,15,15,21,21,21,40,40,40,40,40,41,41,41,41,48,74,74,74,92,92,92,92],"current_hp_per_floor":[70,70,70,70,70,70,70,63,63,63,59,59,59,59,59,59,59,59,70,58,58,58,58,58,53,53,53,53,53,53,53,53,53,53,60,70,70,70,70,67,67,67,67,67,67,67,67,67,67,67,67,66,67,67,62,62,62,62,62,62,64,64,66,67,67,67,67,67,67,67,67,67,67,67,67,67,67,67,67,67,64,64,66,68,68,72,72,72,72,72,72,72,75,75,78,81,81,81,84,84,87,87,87,87,87],"gold":14141,"neow_bonus":"THREE_ENEMY_KILL","is_daily":false,"chose_seed":false,"campfire_upgraded":16,"win_rate":0.0,"timestamp":1612428960,"path_taken":["M","?","?","?","M","R","E","?","T","R","?","?","PTL","PTL","$","?","R","BOSS","M","$","?","M","?","E","M","E","T","R","?","E","?","E","R","BOSS","M","M","AVR","?","$","R","M","E","T","?","R","$","R","NM","R","BOSS","M","?","?","?","M","E","R","NM","T","M","M","AVR","?","E","T","BOSS","?","?","?","T","?","E","?","E","T","T","?","?","?","?","T","BOSS","?","?","?","?","T","NM","T","?","T","T","E","?","?","?","T","BOSS"],"items_purchased_type":["Relic","Relic","Card","Card","Relic","Relic","Potion","Relic","Relic","Relic","Relic","Relic","Relic","Potion","Card","Relic","Relic","Relic","Card","Relic","Relic","Relic","Relic","Relic","Relic","Relic","Potion"],"build_version":"2020-12-22","purchased_purges":10,"victory":false,"max_hp_per_floor":[70,70,70,70,70,70,70,70,70,70,70,70,70,70,70,70,70,70,70,70,70,70,70,70,70,70,70,70,70,70,70,70,70,70,70,70,70,70,70,67,67,67,67,67,67,67,67,67,67,67,67,67,67,67,67,67,67,67,67,67,67,67,67,67,67,67,67,67,67,67,67,67,67,67,67,67,67,67,67,67,72,72,72,72,72,72,72,72,72,72,72,72,75,75,78,81,81,81,84,84,87,87,87,87,87],"card_choices":[{"not_picked":["PiercingWail","Flechettes","Dodge and Roll"],"picked":"SKIP","floor":1.0},{"not_picked":["PiercingWail","Slice"],"picked":"Replay:Bag of Tricks","floor":5.0},{"not_picked":["Dash","Poisoned Stab","Dagger Spray"],"picked":"SKIP","floor":7.0},{"not_picked":["Infinite Blades","Deadly Poison"],"picked":"Outmaneuver","floor":11.0},{"not_picked":["Unload","Envenom","Impervious"],"picked":"Tools of the Trade","floor":18.0},{"not_picked":["Deflect+1","Dagger Throw","Thunderclap"],"picked":"Blade Dance","floor":20.0},{"not_picked":["Poisoned Strike","Chrysalis","Master of Strategy"],"picked":"hubris:EnhanceAbility","floor":21.0},{"not_picked":["Panacea","Enlightenment","Poisoned Strike"],"picked":"ReplayTheSpireMod:Private Reserves","floor":21.0},{"not_picked":["Dramatic Entrance","ReplayUltimateDefense","Madness"],"picked":"Finesse","floor":21.0},{"not_picked":["Deadly Poison","Outmaneuver","Cleave"],"picked":"Adrenaline","floor":23.0},{"not_picked":["Prepared","Underhanded Strike","Headbutt"],"picked":"Cloak And Dagger","floor":25.0},{"not_picked":["Leg Sweep","Deadly Poison","Rupture"],"picked":"Cloak And Dagger","floor":26.0},{"not_picked":["All Out Attack","Heel Hook","Dropkick"],"picked":"Blade Dance","floor":27.0},{"not_picked":["Outmaneuver","Prepared","Deadly Poison","Armaments"],"picked":"SKIP","floor":30.0},{"not_picked":["PiercingWail","Poisoned Stab","Eclipse"],"picked":"Blade Dance","floor":31.0},{"not_picked":["Outmaneuver","aspiration:Lunge","infinitespire:Neurotoxin","Massacre"],"picked":"SKIP","floor":33.0},{"not_picked":["infinitespire:Pacifist","Pain","Sickly"],"picked":"Overencumbered","floor":36.0},{"not_picked":["ReplayTheSpireMod:Faulty Equipment","Decay","Spreading Infection"],"picked":"Parasite","floor":36.0},{"not_picked":["Regret","Delirium","hubris:Envy"],"picked":"Doubt","floor":36.0},{"not_picked":["Hidden Blade+1","Caltrops","Intimidate"],"picked":"Backflip+1","floor":37.0},{"not_picked":["Sucker Punch+1","Poisoned Stab","Bane+1","ReplayTheSpireMod:Corrosion Curse"],"picked":"SKIP","floor":38.0},{"not_picked":["Backstab","PiercingWail+1","Quick Slash+1"],"picked":"Inflame","floor":43.0},{"not_picked":["hubris:Sniper+1","Dash+1","Warcry"],"picked":"Cloak And Dagger+1","floor":44.0},{"not_picked":["Flechettes","Replay:Poison Smokescreen+1","Pommel Strike"],"picked":"Dagger Throw+1","floor":46.0},{"not_picked":["Poison Darts+1","Choke","Warcry"],"picked":"hubris:SlightOfHand+1","floor":50.0},{"not_picked":["Doppelganger+1","Night Terror+1","Juggernaut"],"picked":"Phantasmal Killer+1","floor":52.0},{"not_picked":["Finisher","Quick Slash","Armaments"],"picked":"Hidden Blade+1","floor":54.0},{"not_picked":["Replay:Poison Smokescreen+1","Doppelganger+1","Sentinel"],"picked":"Backflip+1","floor":56.0},{"not_picked":["Choke","Bane","ReplayTheSpireMod:Strike From Hell"],"picked":"Expertise+1","floor":56.0},{"not_picked":["Backflip+1","Dagger Throw","Underhanded Strike"],"picked":"Flex","floor":58.0},{"not_picked":["Venomology+1","ReplayTheSpireMod:Exploit Weakness+1","ReplayTheSpireMod:The Works+1","Wild Strike"],"picked":"SKIP","floor":59.0},{"not_picked":["ReplayTheSpireMod:Exploit Weakness+1","Escape Plan+1","Sword Boomerang"],"picked":"ReplayTheSpireMod:Shiv Toss+1","floor":61.0},{"not_picked":["infinitespire:FinalStrike","infinitespire:TheBestDefense"],"picked":"ReplayTheSpireMod:Chaos Vortex","floor":61.0},{"not_picked":["Poisoned Stab","Expertise+1","Eviscerate","hubris:ReadiedAction"],"picked":"SKIP","floor":63.0},{"not_picked":["hubris:TrickCloak+1","Dash","Flying Knee","Battle Trance"],"picked":"SKIP","floor":64.0},{"not_picked":["Slice","Bane","Prepared+1","Intimidate"],"picked":"SKIP","floor":66.0},{"not_picked":["Slice","Bane","Prepared+1","Intimidate"],"picked":"SKIP","floor":66.0},{"not_picked":["Flying Knee","Underhanded Strike","Bouncing Flask+1","Eclipse"],"picked":"SKIP","floor":67.0},{"not_picked":["Unload","Malaise+1","Impervious"],"picked":"Wraith Form v2","floor":69.0},{"not_picked":["Masterful Stab+1","infinitespire:OneForAll"],"picked":"SKIP","floor":71.0},{"not_picked":["Escape Plan+1","Armaments"],"picked":"SKIP","floor":72.0},{"not_picked":["Choke","Second Wind"],"picked":"SKIP","floor":76.0},{"not_picked":["Dodge and Roll+1","Havoc"],"picked":"SKIP","floor":78.0},{"not_picked":["Blade Dance+1","Pummel"],"picked":"SKIP","floor":83.0},{"not_picked":["Sucker Punch+1","Havoc"],"picked":"SKIP","floor":84.0},{"not_picked":["Bludgeon"],"picked":"After Image","floor":86.0},{"not_picked":["Replay:Fractal Strike","ReplayTheSpireMod:Chaos Vortex"],"picked":"hubris:InfiniteBlow+17","floor":86.0},{"not_picked":["Shrug It Off"],"picked":"Terror+1","floor":88.0},{"not_picked":["Metallicize"],"picked":"Accuracy+1","floor":90.0},{"not_picked":["Poisoned Stab","Infernal Blade"],"picked":"SKIP","floor":93.0},{"not_picked":["ReplayTheSpireMod:Black Plague","infinitespire:SevenWalls"],"picked":"hubris:InfiniteBlow+17","floor":93.0},{"not_picked":["Poisoned Stab","Infernal Blade"],"picked":"SKIP","floor":93.0},{"not_picked":["Flex"],"picked":"hubris:TrickCloak+1","floor":95.0},{"not_picked":["Cloak And Dagger+1","Armaments"],"picked":"SKIP","floor":98.0},{"not_picked":["infinitespire:Starlight","ReplayTheSpireMod:Black Plague"],"picked":"hubris:Fate","floor":99},{"not_picked":["Deadly Poison+1","Replay:Undeath\u0027s Touch"],"picked":"SKIP","floor":100},{"not_picked":["ReplayTheSpireMod:The Works+1"],"picked":"Flex","floor":101}],"player_experience":30447,"relics_obtained":[{"floor":7.0,"key":"Replay:Rubber Ducky"},{"floor":9.0,"key":"hubris:TenFootPole"},{"floor":16.0,"key":"Lantern"},{"floor":25.0,"key":"aspiration:ChemicalBlood"},{"floor":27.0,"key":"Pantograph"},{"floor":28.0,"key":"Centennial Puzzle"},{"floor":31.0,"key":"infinitespire:Beetle Shell"},{"floor":33.0,"key":"Matryoshka"},{"floor":44.0,"key":"hubris:ToyBattleship"},{"floor":45.0,"key":"Ancient Tea Set"},{"floor":45.0,"key":"Pet Ghost"},{"floor":50.0,"key":"ReplayTheSpireMod:Shallot"},{"floor":56.0,"key":"PreservedInsect"},{"floor":59.0,"key":"hubris:MobiusCoin"},{"floor":59.0,"key":"Blood Vial"},{"floor":61.0,"key":"hubris:CrystalStatue"},{"floor":61.0,"key":"MawBank"},{"floor":62.0,"key":"Mummified Hand"},{"floor":67.0,"key":"Vajra"},{"floor":67.0,"key":"ReplayTheSpireMod:Lightbulb"},{"floor":76.0,"key":"Bottled Lightning"},{"floor":76.0,"key":"Bronze Scales"},{"floor":78.0,"key":"Smiling Mask"},{"floor":78.0,"key":"aspiration:Lifesprig"},{"floor":79.0,"key":"Bottled Flame"},{"floor":93.0,"key":"ReplayTheSpireMod:TigerMarble"},{"floor":93.0,"key":"HornCleat"},{"floor":96.0,"key":"Grinning Jar"},{"floor":98.0,"key":"aspiration:SeaSaltIceCream"},{"floor":98.0,"key":"Happy Flower"},{"floor":99,"key":"hubris:Zylophone"}],"event_choices":[{"cards_removed":["Strike_G"],"damage_healed":0.0,"max_hp_gain":0.0,"max_hp_loss":0.0,"gold_gain":0.0,"event_name":"The Cleric","player_choice":"Card Removal","floor":3.0,"gold_loss":50.0,"damage_taken":0.0},{"damage_healed":0.0,"max_hp_gain":0.0,"max_hp_loss":0.0,"gold_gain":75.0,"event_name":"FaceTrader","player_choice":"Touch","floor":8.0,"gold_loss":0.0,"damage_taken":7.0},{"cards_removed":["Strike_G"],"damage_healed":0.0,"max_hp_gain":0.0,"max_hp_loss":0.0,"gold_gain":0.0,"event_name":"Back to Basics","player_choice":"Elegance","floor":22.0,"gold_loss":0.0,"damage_taken":0.0},{"damage_healed":0.0,"max_hp_gain":0.0,"max_hp_loss":0.0,"gold_gain":0.0,"event_name":"WeMeetAgain","player_choice":"Paid Gold","floor":24.0,"gold_loss":128.0,"damage_taken":0.0,"relics_obtained":["Blue Doll"]},{"damage_healed":0.0,"max_hp_gain":0.0,"max_hp_loss":0.0,"gold_gain":0.0,"event_name":"The Mausoleum","player_choice":"Opened","floor":32.0,"gold_loss":0.0,"damage_taken":0.0,"relics_obtained":["Bag of Marbles"]},{"damage_healed":0.0,"max_hp_gain":0.0,"max_hp_loss":0.0,"gold_gain":75.0,"event_name":"World of Goop","player_choice":"Gather Gold","floor":55.0,"gold_loss":0.0,"damage_taken":11.0},{"damage_healed":0.0,"max_hp_gain":0.0,"max_hp_loss":0.0,"gold_gain":0.0,"event_name":"Living Wall","player_choice":"Grow","floor":57.0,"gold_loss":0.0,"damage_taken":0.0,"cards_upgraded":["Finesse"]},{"damage_healed":0.0,"max_hp_gain":0.0,"max_hp_loss":0.0,"gold_gain":0.0,"event_name":"Drug Dealer","player_choice":"Inject Mutagens","floor":73.0,"gold_loss":0.0,"damage_taken":0.0,"relics_obtained":["MutagenicStrength"]},{"cards_removed":["Defend_G"],"damage_healed":0.0,"max_hp_gain":0.0,"max_hp_loss":0.0,"gold_gain":0.0,"event_name":"Back to Basics","player_choice":"Elegance","floor":75.0,"gold_loss":0.0,"damage_taken":0.0},{"damage_healed":0.0,"max_hp_gain":5.0,"max_hp_loss":0.0,"gold_gain":0.0,"event_name":"Forgotten Altar","player_choice":"Shed Blood","floor":81.0,"gold_loss":0.0,"damage_taken":17.0},{"damage_healed":0.0,"max_hp_gain":0.0,"max_hp_loss":0.0,"gold_gain":0.0,"event_name":"Upgrade Shrine","player_choice":"Upgraded","floor":82.0,"gold_loss":0.0,"damage_taken":0.0,"cards_upgraded":["Cloak And Dagger"]},{"damage_healed":0.0,"max_hp_gain":0.0,"max_hp_loss":0.0,"gold_gain":0.0,"event_name":"Duplicator","player_choice":"Copied","floor":91.0,"gold_loss":0.0,"damage_taken":0.0,"cards_obtained":["hubris:InfiniteBlow"]},{"damage_healed":0,"gold_gain":0,"player_choice":"Copied","damage_taken":0,"max_hp_gain":0,"max_hp_loss":0,"event_name":"Duplicator","floor":99,"gold_loss":0,"cards_obtained":["Accuracy"]}],"is_beta":false,"boss_relics":[{"not_picked":["hubris:HollowSoul","hubris:VirtuousBlindfold"],"picked":"Abe\u0027s Treasure"},{"not_picked":["hubris:Stopwatch","hubris:RunicObelisk"],"picked":"Replay:Ancient Bell"},{"not_picked":["Nunchaku","Orichalcum"],"picked":"Replay:Mystery Machine"},{"not_picked":["Meat on the Bone","hubris:TinFlute"],"picked":"Toxic Egg 2"},{"not_picked":["Prayer Wheel","infinitespire:CursedDice"],"picked":"hubris:GlazedTorus"},{"not_picked":["hubris:Backtick","Replay:Wanted Poster"],"picked":"Black Star"},{"not_picked":["hubris:TerracottaHorce","aspiration:RitualDagger"],"picked":"Busted Crown"},{"not_picked":["Tiny House","HoveringKite"],"picked":"WristBlade"},{"not_picked":["aspiration:SecretTechniqueScroll","aspiration:PoetsPen_weak"],"picked":"hubris:ScarierMask"}],"items_purged_floors":[12,15,21,39,40,41,48,65,74,92],"is_endless":true,"potions_floor_spawned":[1,5,23,26,27,35,38,44,59,64,67,69,76,84,86,90,93,99,103],"ascension_level":2}}