{"host":"8is2j71l4wmybkoi","time":1612445944,"event":{"mods":["AchievementEnabler","BaseMod","Colored Map","Minty Spire (QoL Compilation)","Rare Cards Sparkle","StSLib","SuperFastMode"],"gold_per_floor":[112,122,122,134,146,146,166,166,166,198,217,230,230,6,6,80,80,95,107,121,121,121],"floor_reached":21,"language":"KOR","playtime":1027,"items_purged":["Strike_G"],"score":324,"play_id":"f38d0cfb-81ad-43ea-9aad-062349021bac","local_time":"20210204223904","is_ascension_mode":true,"campfire_choices":[{"data":"Caltrops","floor":6,"key":"SMITH"},{"data":"Neutralize","floor":13,"key":"SMITH"},{"data":"Choke","floor":15,"key":"SMITH"}],"circlet_count":0,"master_deck":["AscendersBane","Strike_G","Strike_G","Strike_G","Strike_G","Defend_G","Defend_G","Defend_G","Defend_G+1","Defend_G+1","Survivor","Neutralize+1","Dark Shackles","Caltrops+1","Dagger Throw","All Out Attack","Choke+1","Dagger Spray+1","After Image","A Thousand Cuts","Riddle With Holes"],"relics":["Ring of the Snake","Pantograph","Potion Belt","Bag of Preparation","Snecko Eye"],"acts_visited":["Exordium","TheCity"],"potions_floor_usage":[10,16,19],"damage_taken":[{"damage":1,"enemies":"Small Slimes","floor":1,"turns":5},{"damage":0,"enemies":"2 Louse","floor":2,"turns":4},{"damage":2,"enemies":"Cultist","floor":4,"turns":4},{"damage":0,"enemies":"3 Louse","floor":5,"turns":3},{"damage":0,"enemies":"Exordium Wildlife","floor":7,"turns":3},{"damage":27,"enemies":"Lagavulin","floor":10,"turns":6},{"damage":0,"enemies":"Blue Slaver","floor":11,"turns":3},{"damage":0,"enemies":"Exordium Thugs","floor":12,"turns":5},{"damage":18,"enemies":"Hexaghost","floor":16,"turns":9},{"damage":26,"enemies":"2 Thieves","floor":18,"turns":4},{"damage":25,"enemies":"3 Byrds","floor":19,"turns":3},{"damage":1,"enemies":"Centurion and Healer","floor":20,"turns":5},{"damage":0,"enemies":"Chosen and Byrds","floor":21,"turns":1}],"seed_played":"1362615787249021064","potions_obtained":[{"floor":1,"key":"SkillPotion"},{"floor":4,"key":"Ancient Potion"},{"floor":10,"key":"GamblersBrew"},{"floor":12,"key":"Poison Potion"},{"floor":18,"key":"CultistPotion"}],"is_trial":false,"path_per_floor":["M","M","?","M","M","R","M","?","T","E","M","M","R","$","R","B",null,"M","M","M","M"],"character_chosen":"THE_SILENT","items_purchased":["Bag of Preparation"],"campfire_rested":0,"item_purchase_floors":[14],"current_hp_per_floor":[58,58,38,36,36,36,36,36,36,9,9,9,9,9,9,16,54,28,3,2,2,2],"gold":121,"neow_bonus":"RANDOM_COLORLESS","is_daily":false,"chose_seed":false,"campfire_upgraded":3,"win_rate":0.0,"timestamp":1612445944,"path_taken":["M","M","?","M","M","R","M","?","T","E","M","?","R","$","R","BOSS","M","M","M","M"],"items_purchased_type":["Relic"],"build_version":"2020-12-22","purchased_purges":1,"victory":false,"max_hp_per_floor":[66,66,66,66,66,66,66,66,66,66,66,66,66,66,66,66,66,66,66,66,66,66],"card_choices":[{"not_picked":["Deep Breath","Purity"],"picked":"Dark Shackles","floor":0},{"not_picked":["Predator","Reflex"],"picked":"Caltrops","floor":1},{"not_picked":["Cloak And Dagger","Deadly Poison"],"picked":"Dagger Throw","floor":2},{"not_picked":["Escape Plan","Masterful Stab"],"picked":"All Out Attack","floor":4},{"not_picked":["Concentrate","PiercingWail"],"picked":"Choke","floor":5},{"not_picked":["Dagger Throw","Prepared"],"picked":"Dagger Spray","floor":7},{"not_picked":["Outmaneuver","Dagger Spray","Poisoned Stab"],"picked":"SKIP","floor":10},{"not_picked":["Dagger Throw","Sucker Punch"],"picked":"After Image","floor":11},{"not_picked":["Sucker Punch","Dash","Slice"],"picked":"SKIP","floor":12},{"not_picked":["Doppelganger","Phantasmal Killer"],"picked":"A Thousand Cuts","floor":16},{"not_picked":["Escape Plan","Sucker Punch","Caltrops"],"picked":"SKIP","floor":18},{"not_picked":["Catalyst","Terror+1"],"picked":"Riddle With Holes","floor":19},{"not_picked":["Slice","Sucker Punch+1","Quick Slash+1"],"picked":"SKIP","floor":20}],"player_experience":962920,"relics_obtained":[{"floor":9,"key":"Pantograph"},{"floor":10,"key":"Potion Belt"}],"event_choices":[{"damage_healed":0,"gold_gain":0,"player_choice":"Entered Light","damage_taken":20,"max_hp_gain":0,"max_hp_loss":0,"event_name":"Shining Light","floor":3,"gold_loss":0,"cards_upgraded":["Defend_G","Defend_G"]},{"damage_healed":0,"gold_gain":0,"player_choice":"Upgraded","damage_taken":0,"max_hp_gain":0,"max_hp_loss":0,"event_name":"Upgrade Shrine","floor":8,"gold_loss":0,"cards_upgraded":["Dagger Spray"]}],"is_beta":false,"boss_relics":[{"not_picked":["Coffee Dripper","Philosopher\u0027s Stone"],"picked":"Snecko Eye"}],"items_purged_floors":[14],"is_endless":false,"potions_floor_spawned":[1,4,10,12,18],"killed_by":"Chosen and Byrds","ascension_level":15}}