{"host":"mqzixrakqjp3g00v","time":1612469712,"event":{"mods":["AchievementEnabler","BaseMod","BetterRewards","Colored Map","Colored Powertips","Custom Start","Highlight Path","Minty Spire (QoL Compilation)","Quick Restart","Shop Mod","StSLib"],"gold_per_floor":[119,119,129,147,162,195,195,229,229,229,239,265,265,540,540,540,540],"floor_reached":16,"language":"ENG","playtime":691,"items_purged":["Strike_R"],"score":126,"play_id":"73577336-ac47-441c-a925-705ddd24f4fb","local_time":"20210204141512","is_ascension_mode":true,"campfire_choices":[{"data":"Bash","floor":7.0,"key":"SMITH"},{"data":"Shockwave","floor":15.0,"key":"SMITH"}],"circlet_count":0,"master_deck":["Strike_R","Strike_R+1","Strike_R","Defend_R","Defend_R","Defend_R","Defend_R+1","Bash+1","Shrug It Off","Exhume","Pommel Strike+1","Thunderclap","Sword Boomerang","Sword Boomerang+1","Spot Weakness","Battle Trance","Shockwave+1","Regret"],"relics":["Burning Blood","MerchantsRug","PreservedInsect","Calipers","Shuriken","Whetstone","Ancient Tea Set","Eternal Feather"],"acts_visited":["Exordium"],"potions_floor_usage":[16],"damage_taken":[{"damage":0.0,"enemies":"Small Slimes","floor":1.0,"turns":4.0},{"damage":8.0,"enemies":"2 Louse","floor":3.0,"turns":2.0},{"damage":3.0,"enemies":"Jaw Worm","floor":4.0,"turns":4.0},{"damage":27.0,"enemies":"Gremlin Gang","floor":5.0,"turns":7.0},{"damage":22.0,"enemies":"Gremlin Nob","floor":6.0,"turns":4.0},{"damage":10.0,"enemies":"3 Sentries","floor":8.0,"turns":5.0},{"damage":0.0,"enemies":"Exordium Wildlife","floor":11.0,"turns":2.0},{"damage":18.0,"enemies":"Lagavulin","floor":12.0,"turns":4.0},{"damage":58,"enemies":"The Guardian","floor":16,"turns":10}],"seed_played":"3151519148764188175","potions_obtained":[{"floor":1.0,"key":"BloodPotion"},{"floor":3.0,"key":"SkillPotion"},{"floor":6.0,"key":"Block Potion"},{"floor":12.0,"key":"BloodPotion"}],"is_trial":false,"path_per_floor":["M","?","M","M","M","E","R","E","T","?","M","E","?","?","R","B"],"character_chosen":"IRONCLAD","items_purchased":["MerchantsRug","PreservedInsect","Shrug It Off","Exhume"],"campfire_rested":0,"item_purchase_floors":[0,0,0,0],"current_hp_per_floor":[80,85,83,85,64,48,48,44,44,37,43,31,31,31,40,0,0],"gold":540,"neow_bonus":"","is_daily":false,"chose_seed":false,"campfire_upgraded":2,"win_rate":0.0,"timestamp":1612469712,"path_taken":["M","?","M","M","M","E","R","E","T","?","M","E","?","?","R","BOSS"],"items_purchased_type":["Relic","Relic","Card","Card"],"build_version":"2020-12-22","purchased_purges":1,"victory":false,"max_hp_per_floor":[80,85,85,85,85,85,85,85,85,85,85,85,85,85,85,85,85],"card_choices":[{"not_picked":["Clash","True Grit"],"picked":"Pommel Strike","floor":1.0},{"not_picked":["Second Wind","True Grit"],"picked":"Thunderclap","floor":3.0},{"not_picked":["Clothesline","Pommel Strike"],"picked":"Sword Boomerang","floor":4.0},{"not_picked":["Searing Blow","Body Slam"],"picked":"Sword Boomerang","floor":5.0},{"not_picked":["Dark Embrace","Anger"],"picked":"Spot Weakness","floor":6.0},{"not_picked":["Cleave","Thunderclap"],"picked":"Battle Trance","floor":8.0},{"not_picked":["Reckless Charge","Barricade","Pommel Strike"],"picked":"SKIP","floor":11.0},{"not_picked":["Sword Boomerang","Intimidate"],"picked":"Shockwave","floor":12.0}],"player_experience":534804,"relics_obtained":[{"floor":6.0,"key":"Shuriken"},{"floor":8.0,"key":"Whetstone"},{"floor":9.0,"key":"Ancient Tea Set"},{"floor":12.0,"key":"Eternal Feather"}],"event_choices":[{"damage_healed":0.0,"max_hp_gain":5.0,"max_hp_loss":0.0,"gold_gain":0.0,"event_name":"Big Fish","player_choice":"Donut","floor":2.0,"gold_loss":0.0,"damage_taken":0.0},{"cards_removed":["Strike_R"],"damage_healed":0.0,"max_hp_gain":0.0,"max_hp_loss":0.0,"gold_gain":0.0,"event_name":"Golden Wing","player_choice":"Card Removal","floor":10.0,"gold_loss":0.0,"damage_taken":7.0},{"damage_healed":0.0,"max_hp_gain":0.0,"max_hp_loss":0.0,"gold_gain":0.0,"event_name":"Shining Light","player_choice":"Entered Light","floor":13.0,"gold_loss":0.0,"damage_taken":17.0,"cards_upgraded":["Defend_R","Strike_R"]},{"damage_healed":0.0,"max_hp_gain":0.0,"max_hp_loss":0.0,"gold_gain":275.0,"event_name":"Golden Shrine","player_choice":"Desecrate","floor":14.0,"gold_loss":0.0,"damage_taken":0.0,"cards_obtained":["Regret"]}],"is_beta":false,"boss_relics":[],"items_purged_floors":[0],"is_endless":false,"potions_floor_spawned":[1,3,6,12],"killed_by":"The Guardian","ascension_level":1}}