{"host":"Koishi","time":1612405701,"event":{"mods":["2.2 Compatiblity","AchievementEnabler","Act Like it!","BaseMod","Better Match","Better Note","Better Sensory Stone","Better Third Choice","Colored Powertips","Conspire","Gensokyo","Good Game Mod","Hermit","Koishi","Lobotomy","LobotomyExtend","Marisa（霧雨　魔理沙）","Minty Spire (QoL Compilation)","Monster B Gone","Quick Restart","Rare Cards Sparkle","Reimu（博??梦）","Relic Filter Mod","Relic Stats","Spicy Shops","StSLib","The Construct"],"gold_per_floor":[113,113,125,125,138,168,178,178,178],"floor_reached":8,"language":"ENG","playtime":325,"items_purged":[],"score":61,"play_id":"c70049c1-0541-4b76-a1d8-19eca886e6d4","local_time":"20210203212821","is_ascension_mode":true,"campfire_choices":[],"circlet_count":0,"master_deck":["construct:Strike_Gold","construct:Strike_Gold","construct:Strike_Gold","construct:Strike_Gold","construct:Defend_Gold","construct:Defend_Gold","construct:Defend_Gold","construct:Defend_Gold","construct:Defend_Gold","construct:AttackMode","construct:DefenseMode","All For One","construct:Overcharge","OSAHOGD","construct:CripplingShot","construct:PointDefense","construct:Versatility","construct:Autoturret","WallGazer","construct:LaserCore","MHz"],"relics":["construct:ClockworkPhoenix","construct:Challenge1","REME:ComplimentaryCards","CogitoBucket","LetterFromLob","Bronze Scales"],"acts_visited":["Exordium"],"potions_floor_usage":[],"damage_taken":[{"damage":0,"enemies":"conspire:RoseBush","floor":1,"turns":4},{"damage":9,"enemies":"Cultist","floor":3,"turns":6},{"damage":0,"enemies":"2 Louse","floor":5,"turns":4},{"damage":22,"enemies":"Lagavulin","floor":6,"turns":8},{"damage":33,"enemies":"Exordium Thugs","floor":7,"turns":7},{"damage":2,"enemies":"3 Sentries","floor":8,"turns":1}],"seed_played":"-7117680982598672830","potions_obtained":[{"floor":3,"key":"SteroidPotion"}],"is_trial":false,"path_per_floor":["M","?","M","?","M","E","M","E"],"character_chosen":"THE_CONSTRUCT_MOD","items_purchased":[],"campfire_rested":0,"item_purchase_floors":[],"current_hp_per_floor":[85,85,76,76,76,54,21,19,19],"gold":178,"neow_bonus":"","is_daily":false,"chose_seed":false,"campfire_upgraded":0,"win_rate":0.0,"timestamp":1612405701,"path_taken":["M","?","?","?","?","E","M","E"],"items_purchased_type":[],"build_version":"2020-12-18","purchased_purges":0,"victory":false,"max_hp_per_floor":[85,85,85,85,85,85,85,85,85],"relic_stats":{"counters":[6,30],"Bronze Scales":[18],"obtain_stats":[{"construct:Challenge1":0,"REME:ComplimentaryCards":0,"CogitoBucket":0,"Bronze Scales":6,"LetterFromLob":1,"construct:ClockworkPhoenix":0},{"construct:Challenge1":0,"REME:ComplimentaryCards":0,"CogitoBucket":0,"Bronze Scales":4,"LetterFromLob":1,"construct:ClockworkPhoenix":0},{"construct:Challenge1":0,"REME:ComplimentaryCards":0,"CogitoBucket":0,"Bronze Scales":22,"LetterFromLob":4,"construct:ClockworkPhoenix":0}]},"card_choices":[{"not_picked":["construct:Anticipate","construct:Accumulate"],"picked":"construct:Overcharge","floor":1},{"not_picked":["MHz","PunishingBird"],"picked":"OSAHOGD","floor":1},{"not_picked":["construct:ReactiveShield","construct:SyphonStrike"],"picked":"construct:CripplingShot","floor":3},{"not_picked":["HappyTeddy","Wellcheers","WallGazer"],"picked":"Singing Bowl","floor":3},{"not_picked":["construct:ShieldGenerator","construct:PhosphorStorm"],"picked":"construct:Versatility","floor":5},{"not_picked":["HappyTeddy","BigBird","BeautyBeast"],"picked":"Singing Bowl","floor":5},{"not_picked":["construct:ModeShift","construct:HeavyBolt"],"picked":"construct:Autoturret","floor":6},{"not_picked":["Scorched","MeatLantern","PunishingBird"],"picked":"Singing Bowl","floor":6},{"not_picked":["MeatLantern","FairyFestival"],"picked":"WallGazer","floor":6},{"not_picked":["construct:FierceBash","construct:OmegaCannon"],"picked":"construct:LaserCore","floor":7},{"not_picked":["PunishingBird","MeatLantern"],"picked":"MHz","floor":7}],"player_experience":227733,"relics_obtained":[{"floor":1,"key":"LetterFromLob"},{"floor":6,"key":"Bronze Scales"}],"event_choices":[{"cards_removed":["All For One"],"damage_healed":0,"gold_gain":0,"player_choice":"Give","damage_taken":0,"max_hp_gain":0,"max_hp_loss":0,"event_name":"betterNote:BetterNote","floor":2,"gold_loss":0,"cards_obtained":["None"]},{"damage_healed":0,"gold_gain":0,"cards_transformed":["construct:Strike_Gold"],"player_choice":"Transformed","damage_taken":0,"max_hp_gain":0,"max_hp_loss":0,"event_name":"Transmorgrifier","floor":4,"gold_loss":0,"cards_obtained":["construct:PointDefense"]}],"is_beta":true,"boss_relics":[],"items_purged_floors":[],"is_endless":false,"potions_floor_spawned":[3],"killed_by":"3 Sentries","ascension_level":1}}