{"host":"hcg2wesxzfo46upw","time":1612472081,"event":{"mods":["2.2 Compatiblity","AchievementEnabler","Act Like it!","Aspiration","BaseMod","Beaked The Cultist","Better Altar","Better Match","Better Note","Better Sensory Stone","Better Skull","Better Third Choice","ChefMod","Clockwork Mod","Conspire","Downfall","Elementarium","Gensokyo","GifTheSpireLib","Glutton Mod","Hubris","Infinite Spire","Jedi Mod","Mad Scientist","Minty Spire (QoL Compilation)","Pale of the Ancients","Reliquary","Replay The Spire","Robot Space Explorer","Shade Mod","Spicy Shops","Spikes Relics","StSLib","Stuff the Spire","The Blackbeard","The Bug Knight","The Construct","The Cursed","The Death Knight","The Disciple","The Edgeheg","The Jungle","The Marked","The Necromancer","The Runesmith","Wandering Minibosses"],"gold_per_floor":[113,128,128,139,155,155,171,171,171,171,171,182,195,212,212,212,212],"floor_reached":16,"language":"ENG","playtime":1059,"items_purged":[],"score":96,"play_id":"cecdce96-e118-4535-9515-710953ede442","local_time":"20210204215441","is_ascension_mode":false,"campfire_choices":[{"data":"chefmod:SearedScallops","floor":6,"key":"SMITH"},{"data":"chefmod:QuickThaw","floor":11,"key":"SMITH"}],"circlet_count":0,"master_deck":["chefmod:Strike","chefmod:Strike","chefmod:Strike","chefmod:QuickThaw+1","chefmod:Defend","chefmod:Defend","chefmod:Defend","chefmod:Defend","chefmod:TodaysSpecial","chefmod:Chop+1","chefmod:Sorbet","chefmod:ZaruSoba","chefmod:SearedScallops+1","chefmod:FreshProduce","chefmod:AllYouCanEat","chefmod:HotSoup","chefmod:MonsterBait"],"relics":["hexamod:SpiritBrand","NeowsBlessing","infinitespire:Cubic Diamond","reliquary:Firecrackers"],"acts_visited":["Exordium"],"potions_floor_usage":[13,14,14,14],"damage_taken":[{"damage":0,"enemies":"Jaw Worm","floor":1,"turns":1},{"damage":0,"enemies":"Cultist","floor":2,"turns":1},{"damage":0,"enemies":"2 Louse","floor":4,"turns":1},{"damage":36,"enemies":"Gremlin Gang","floor":5,"turns":10},{"damage":10,"enemies":"3 Louse","floor":7,"turns":6},{"damage":1,"enemies":"Blue Slaver","floor":12,"turns":5},{"damage":0,"enemies":"Red Slaver","floor":13,"turns":3},{"damage":22,"enemies":"Lots of Slimes","floor":14,"turns":6},{"damage":6,"enemies":"Hexaghost","floor":16,"turns":5}],"seed_played":"2710840857975834669","potions_obtained":[{"floor":2,"key":"Block Potion"},{"floor":3,"key":"infinitespire:BlackPotion"},{"floor":3,"key":"sneckomod:MuddlingPotion"},{"floor":4,"key":"Flashbang"},{"floor":13,"key":"CultistPotion"}],"is_trial":false,"path_per_floor":["M","M","?","M","M","R","M","?","T","?","R","M","M","M","R","B"],"character_chosen":"THE_CHEF","items_purchased":[],"campfire_rested":0,"item_purchase_floors":[],"current_hp_per_floor":[76,76,76,76,40,40,30,30,30,30,30,29,29,7,29,23,23],"gold":212,"neow_bonus":"THREE_ENEMY_KILL","is_daily":false,"chose_seed":false,"campfire_upgraded":2,"win_rate":0.0,"timestamp":1612472081,"path_taken":["M","M","?","M","?","R","M","?","T","?","R","?","M","M","R","BOSS"],"items_purchased_type":[],"build_version":"2020-12-22","purchased_purges":0,"victory":false,"max_hp_per_floor":[76,76,76,76,76,76,76,76,76,76,76,76,76,76,76,76,76],"card_choices":[{"not_picked":["chefmod:Defrost","chefmod:FryPan"],"picked":"chefmod:Chop","floor":1},{"not_picked":["chefmod:IcePick","chefmod:Chop"],"picked":"chefmod:Sorbet","floor":2},{"not_picked":["chefmod:FireUp","chefmod:Chop"],"picked":"chefmod:ZaruSoba","floor":4},{"not_picked":["chefmod:Chop","chefmod:FryPan"],"picked":"chefmod:SearedScallops","floor":5},{"not_picked":["chefmod:Sorbet","chefmod:DimSum"],"picked":"chefmod:FreshProduce","floor":7},{"not_picked":["chefmod:Defrost","chefmod:Fillet"],"picked":"chefmod:AllYouCanEat","floor":12},{"not_picked":["chefmod:Fillet","chefmod:Ratatouille"],"picked":"chefmod:HotSoup","floor":13},{"not_picked":["chefmod:SliceAndDice","chefmod:GroceryDelivery"],"picked":"chefmod:MonsterBait","floor":14}],"player_experience":269093,"relics_obtained":[{"floor":9,"key":"reliquary:Firecrackers"}],"event_choices":[{"damage_healed":0,"gold_gain":0,"player_choice":"Got Potions","damage_taken":0,"max_hp_gain":0,"max_hp_loss":0,"event_name":"Lab","floor":3,"gold_loss":0},{"cards_removed":["chefmod:Strike"],"damage_healed":0,"gold_gain":0,"player_choice":"Purged","damage_taken":0,"max_hp_gain":0,"max_hp_loss":0,"event_name":"Purifier","floor":10,"gold_loss":0}],"is_beta":false,"boss_relics":[],"items_purged_floors":[],"is_endless":false,"potions_floor_spawned":[2,4,7,13],"killed_by":"Hexaghost","ascension_level":0}}