{"host":"6q6idgl71g9ab7at","time":1612423908,"event":{"mods":["BaseMod","Minty Spire (QoL Compilation)","StSLib","SuperFastMode"],"gold_per_floor":[116,41,51,126,201,201,226,241,241,256,283,283,317,330,330,330,330],"floor_reached":16,"language":"KOR","playtime":187,"items_purged":["Defend_R"],"score":174,"play_id":"169d3ca0-d1c5-4ffc-a846-14df7ba49670","local_time":"20210204163148","is_ascension_mode":true,"campfire_choices":[{"data":"Perfected Strike","floor":6,"key":"SMITH"},{"data":"Perfected Strike","floor":15,"key":"SMITH"}],"circlet_count":0,"master_deck":["Strike_R","Strike_R","Strike_R","Strike_R","Strike_R","Defend_R","Defend_R","Defend_R","Bash","Perfected Strike+1","Exhume","Perfected Strike+1","Shrug It Off+1","Warcry+1","Warcry+1"],"relics":["Burning Blood","NeowsBlessing","Bag of Marbles","Letter Opener","Toxic Egg 2","Golden Idol","Eternal Feather"],"acts_visited":["Exordium"],"potions_floor_usage":[13,13],"damage_taken":[{"damage":0,"enemies":"Jaw Worm","floor":1,"turns":1},{"damage":0,"enemies":"Small Slimes","floor":3,"turns":1},{"damage":0,"enemies":"3 Sentries","floor":7,"turns":2},{"damage":0,"enemies":"Cultist","floor":8,"turns":2},{"damage":13,"enemies":"Large Slime","floor":10,"turns":4},{"damage":16,"enemies":"Gremlin Nob","floor":11,"turns":3},{"damage":35,"enemies":"3 Sentries","floor":13,"turns":8},{"damage":0,"enemies":"Looter","floor":14,"turns":1},{"damage":34,"enemies":"Slime Boss","floor":16,"turns":5}],"seed_played":"-2377233070690177316","potions_obtained":[{"floor":7,"key":"AttackPotion"},{"floor":8,"key":"EssenceOfSteel"}],"is_trial":false,"path_per_floor":["M","$","M","?","?","R","E","M","T","M","E","?","E","M","R","B"],"character_chosen":"IRONCLAD","items_purchased":[],"campfire_rested":0,"item_purchase_floors":[],"current_hp_per_floor":[80,80,80,69,61,61,67,73,73,66,56,36,7,13,22,0,0],"gold":330,"neow_bonus":"THREE_ENEMY_KILL","is_daily":false,"chose_seed":false,"campfire_upgraded":2,"win_rate":0.0,"timestamp":1612423908,"path_taken":["M","$","M","?","?","R","E","M","T","?","E","?","E","M","R","BOSS"],"items_purchased_type":[],"build_version":"2020-12-22","purchased_purges":1,"victory":false,"max_hp_per_floor":[80,80,80,80,80,80,80,80,80,80,80,80,80,80,80,80,80],"card_choices":[{"not_picked":["Twin Strike","Disarm","Flex"],"picked":"SKIP","floor":1},{"not_picked":["Thunderclap","True Grit"],"picked":"Perfected Strike","floor":3},{"not_picked":["Clothesline","Cleave"],"picked":"Exhume","floor":7},{"not_picked":["Shrug It Off","Twin Strike","Sword Boomerang"],"picked":"SKIP","floor":8},{"not_picked":["Shrug It Off","Clash"],"picked":"Perfected Strike","floor":10},{"not_picked":["Dark Embrace","Iron Wave"],"picked":"Shrug It Off+1","floor":11},{"not_picked":["Cleave","Intimidate+1"],"picked":"Warcry+1","floor":13},{"not_picked":["Sword Boomerang","Armaments+1"],"picked":"Warcry+1","floor":14}],"player_experience":6456,"relics_obtained":[{"floor":7,"key":"Bag of Marbles"},{"floor":9,"key":"Letter Opener"},{"floor":11,"key":"Toxic Egg 2"},{"floor":13,"key":"Eternal Feather"}],"event_choices":[{"damage_healed":0,"gold_gain":75,"player_choice":"Gather Gold","damage_taken":11,"max_hp_gain":0,"max_hp_loss":0,"event_name":"World of Goop","floor":4,"gold_loss":0},{"damage_healed":0,"gold_gain":75,"player_choice":"Touch","damage_taken":8,"max_hp_gain":0,"max_hp_loss":0,"event_name":"FaceTrader","floor":5,"gold_loss":0},{"damage_healed":0,"gold_gain":0,"player_choice":"Take Damage","damage_taken":20,"relics_obtained":["Golden Idol"],"max_hp_gain":0,"max_hp_loss":0,"event_name":"Golden Idol","floor":12,"gold_loss":0}],"is_beta":false,"boss_relics":[],"items_purged_floors":[2],"is_endless":false,"potions_floor_spawned":[7,8],"killed_by":"Slime Boss","ascension_level":4}}