{"host":"3a1ypf1irl30q4k8","time":1612438339,"event":{"mods":["AchievementEnabler","BaseMod","Bestiary","Colored Map","Minty Spire (QoL Compilation)","Relic Stats","ojb\u0027s Info Mod"],"gold_per_floor":[114,126,138,148,167,167,199,216,243,263,42,42,42,56,56,152,152,172,172,183,199,212,212,238,256,333,333,365,380,390,410,410,507,507,527,538,550,567,586,586,616,616,642,675,694,712,712,737,737,737,737],"floor_reached":50,"language":"ENG","playtime":3176,"items_purged":[],"score":733,"play_id":"39b238e3-90fa-487a-a7fa-1f9253c5a0be","local_time":"20210204113219","is_ascension_mode":true,"campfire_choices":[{"data":"Sadistic Nature","floor":6.0,"key":"SMITH"},{"data":"Whirlwind","floor":12.0,"key":"SMITH"},{"data":"Fire Breathing","floor":15.0,"key":"SMITH"},{"floor":23.0,"key":"REST"},{"data":"Shockwave","floor":27.0,"key":"SMITH"},{"floor":32.0,"key":"REST"},{"floor":40,"key":"RECALL"},{"floor":42,"key":"REST"},{"data":"Uppercut","floor":47,"key":"SMITH"},{"floor":49,"key":"REST"}],"circlet_count":0,"master_deck":["Strike_R","Strike_R","Strike_R","Strike_R","Defend_R","Defend_R","Defend_R","Defend_R","Bash","Parasite","Sadistic Nature+1","Disarm","Thunderclap","Whirlwind+1","Shockwave+1","Intimidate","Fire Breathing+1","Burning Pact","Spot Weakness","Uppercut+1","Inflame","Double Tap","Battle Trance","Dual Wield","Seeing Red","Clothesline","Pommel Strike+1","Headbutt+1","Rage+1","Flame Barrier","Impervious","Power Through+1","Flame Barrier","Feel No Pain+1"],"relics":["Burning Blood","Ornamental Fan","Nunchaku","Chemical X","Mark of Pain","Akabeko","HornCleat","PreservedInsect","Snecko Eye","Red Skull","Singing Bowl","Sundial"],"acts_visited":["Exordium","TheCity","TheBeyond"],"potions_floor_usage":[41,48,50],"damage_taken":[{"damage":1.0,"enemies":"Cultist","floor":1.0,"turns":4.0},{"damage":11.0,"enemies":"2 Louse","floor":2.0,"turns":3.0},{"damage":12.0,"enemies":"Small Slimes","floor":3.0,"turns":3.0},{"damage":9.0,"enemies":"Red Slaver","floor":4.0,"turns":5.0},{"damage":10.0,"enemies":"Blue Slaver","floor":5.0,"turns":5.0},{"damage":26.0,"enemies":"Gremlin Nob","floor":7.0,"turns":5.0},{"damage":7.0,"enemies":"Exordium Wildlife","floor":8.0,"turns":4.0},{"damage":10.0,"enemies":"2 Fungi Beasts","floor":10.0,"turns":4.0},{"damage":0.0,"enemies":"Large Slime","floor":14.0,"turns":3.0},{"damage":26.0,"enemies":"Slime Boss","floor":16.0,"turns":5.0},{"damage":21.0,"enemies":"Spheric Guardian","floor":18.0,"turns":4.0},{"damage":0.0,"enemies":"2 Thieves","floor":20.0,"turns":1.0},{"damage":0.0,"enemies":"Centurion and Healer","floor":21.0,"turns":2.0},{"damage":30.0,"enemies":"Sentry and Sphere","floor":22.0,"turns":4.0},{"damage":34.0,"enemies":"Slavers","floor":24.0,"turns":3.0},{"damage":0.0,"enemies":"Snake Plant","floor":25.0,"turns":1.0},{"damage":17.0,"enemies":"Gremlin Leader","floor":28.0,"turns":4.0},{"damage":19.0,"enemies":"Centurion and Healer","floor":29.0,"turns":5.0},{"damage":7.0,"enemies":"Chosen and Byrds","floor":30.0,"turns":3.0},{"damage":1.0,"enemies":"Snake Plant","floor":31.0,"turns":4.0},{"damage":54.0,"enemies":"Champ","floor":33.0,"turns":9.0},{"damage":0.0,"enemies":"3 Darklings","floor":35.0,"turns":4.0},{"damage":3,"enemies":"3 Shapes","floor":36,"turns":4},{"damage":15,"enemies":"Sphere and 2 Shapes","floor":37,"turns":4},{"damage":11,"enemies":"4 Shapes","floor":38,"turns":6},{"damage":0,"enemies":"3 Darklings","floor":39,"turns":1},{"damage":38,"enemies":"Giant Head","floor":41,"turns":7},{"damage":31,"enemies":"Reptomancer","floor":44,"turns":5},{"damage":0,"enemies":"Jaw Worm Horde","floor":45,"turns":1},{"damage":2,"enemies":"Transient","floor":46,"turns":5},{"damage":2,"enemies":"Nemesis","floor":48,"turns":3},{"damage":110,"enemies":"Time Eater","floor":50,"turns":9}],"seed_played":"8867925525594895243","potions_obtained":[{"floor":1.0,"key":"Ancient Potion"},{"floor":4.0,"key":"SpeedPotion"},{"floor":7.0,"key":"SteroidPotion"},{"floor":10.0,"key":"GamblersBrew"},{"floor":22.0,"key":"SneckoOil"},{"floor":24.0,"key":"ElixirPotion"},{"floor":25.0,"key":"FearPotion"},{"floor":28.0,"key":"FairyPotion"},{"floor":30.0,"key":"LiquidBronze"},{"floor":31.0,"key":"SkillPotion"},{"floor":37,"key":"CultistPotion"},{"floor":38,"key":"DistilledChaos"},{"floor":41,"key":"Fire Potion"},{"floor":44,"key":"FearPotion"},{"floor":48,"key":"SkillPotion"}],"is_trial":false,"path_per_floor":["M","M","M","M","M","R","E","M","T","M","$","R","$","M","R","B",null,"M","?","M","M","M","R","E","M","T","R","E","M","M","M","R","B",null,"M","M","M","M","M","R","E","R","T","E","M","M","R","E","R","B"],"character_chosen":"IRONCLAD","items_purchased":["Chemical X","Uppercut"],"campfire_rested":4,"item_purchase_floors":[11,11],"current_hp_per_floor":[80,75,69,66,62,62,42,41,41,37,37,37,37,43,43,23,66,51,51,57,63,39,63,35,41,41,41,30,17,16,21,45,30,68,74,77,68,63,69,69,37,61,61,36,44,48,48,54,79,0,0],"gold":737,"neow_bonus":"RANDOM_COLORLESS_2","is_daily":false,"chose_seed":false,"campfire_upgraded":5,"win_rate":0.0,"timestamp":1612438339,"path_taken":["M","M","M","M","M","R","E","?","T","M","$","R","?","M","R","BOSS","M","?","M","M","M","R","E","M","T","R","E","M","M","M","R","BOSS","M","?","M","M","M","R","E","R","T","E","M","M","R","E","R","BOSS"],"items_purchased_type":["Relic","Card"],"build_version":"2020-12-22","purchased_purges":0,"victory":false,"max_hp_per_floor":[80,80,80,80,80,80,80,80,80,80,80,80,80,80,80,80,80,80,80,80,80,80,80,80,80,80,80,80,80,80,80,80,80,80,80,80,80,80,80,80,80,80,80,80,82,82,82,84,84,84,84],"relic_stats":{"Nunchaku":[14],"Singing Bowl":4,"counters":[32,130],"Ornamental Fan":[52],"Sundial":[0],"Snecko Eye":[79,74,81,87],"PreservedInsect":232,"Chemical X":[31],"obtain_stats":[{"Nunchaku":9,"HornCleat":26,"Singing Bowl":44,"Ornamental Fan":7,"Sundial":48,"Snecko Eye":34,"Mark of Pain":17,"PreservedInsect":28,"Chemical X":11,"Burning Blood":0,"Akabeko":24,"Red Skull":41},{"Nunchaku":7,"HornCleat":16,"Singing Bowl":28,"Ornamental Fan":6,"Sundial":31,"Snecko Eye":21,"Mark of Pain":10,"PreservedInsect":17,"Chemical X":8,"Burning Blood":0,"Akabeko":15,"Red Skull":27},{"Nunchaku":29,"HornCleat":56,"Singing Bowl":112,"Ornamental Fan":25,"Sundial":121,"Snecko Eye":81,"Mark of Pain":41,"PreservedInsect":60,"Chemical X":33,"Burning Blood":0,"Akabeko":55,"Red Skull":107}],"Burning Blood":181},"card_choices":[{"not_picked":["The Bomb","Metamorphosis"],"picked":"Sadistic Nature","floor":0.0},{"not_picked":["Warcry","Clash"],"picked":"Disarm","floor":1.0},{"not_picked":["Armaments","Heavy Blade"],"picked":"Thunderclap","floor":2.0},{"not_picked":["Pommel Strike","Thunderclap"],"picked":"Whirlwind","floor":3.0},{"not_picked":["Shrug It Off","Battle Trance"],"picked":"Shockwave","floor":4.0},{"not_picked":["Flex","Anger"],"picked":"Intimidate","floor":5.0},{"not_picked":["Intimidate","Second Wind"],"picked":"Fire Breathing","floor":7.0},{"not_picked":["Disarm","Warcry"],"picked":"Burning Pact","floor":8.0},{"not_picked":["Wild Strike","Shockwave"],"picked":"Spot Weakness","floor":10.0},{"not_picked":["Armaments","Heavy Blade"],"picked":"Inflame","floor":14.0},{"not_picked":["Fiend Fire","Reaper"],"picked":"Double Tap","floor":16.0},{"not_picked":["Uppercut","Ghostly Armor"],"picked":"Battle Trance","floor":18.0},{"not_picked":["Twin Strike+1","Perfected Strike"],"picked":"Dual Wield","floor":20.0},{"not_picked":["Heavy Blade+1","Infernal Blade"],"picked":"Seeing Red","floor":21.0},{"not_picked":["Perfected Strike","Heavy Blade","Dual Wield"],"picked":"SKIP","floor":22.0},{"not_picked":["Clash","Rampage"],"picked":"Clothesline","floor":24.0},{"not_picked":["Rampage","Heavy Blade"],"picked":"Pommel Strike+1","floor":25.0},{"not_picked":["Thunderclap","Juggernaut","Sever Soul"],"picked":"SKIP","floor":28.0},{"not_picked":["Infernal Blade","Thunderclap"],"picked":"Headbutt+1","floor":29.0},{"not_picked":["Metallicize+1","Cleave"],"picked":"Rage+1","floor":30.0},{"not_picked":["Anger","Havoc"],"picked":"Flame Barrier","floor":31.0},{"not_picked":["Bludgeon","Immolate"],"picked":"Impervious","floor":33.0},{"not_picked":["Body Slam","Combust+1","Perfected Strike"],"picked":"SKIP","floor":35.0},{"not_picked":["Dropkick+1","Seeing Red","Rupture+1"],"picked":"SKIP","floor":36},{"not_picked":["Anger","True Grit","Clothesline+1"],"picked":"SKIP","floor":37},{"not_picked":["Heavy Blade+1","Flex+1"],"picked":"Power Through+1","floor":38},{"not_picked":["Rampage+1","Perfected Strike+1","Body Slam"],"picked":"SKIP","floor":39},{"not_picked":["Anger+1","Dropkick+1","Thunderclap+1"],"picked":"SKIP","floor":41},{"not_picked":["Second Wind","Anger"],"picked":"Flame Barrier","floor":44},{"not_picked":["Entrench","Pommel Strike+1","Flex+1"],"picked":"Singing Bowl","floor":45},{"not_picked":["Intimidate+1","Clash+1"],"picked":"Feel No Pain+1","floor":46},{"not_picked":["Heavy Blade+1","Headbutt+1","Wild Strike"],"picked":"Singing Bowl","floor":48}],"player_experience":1309735,"relics_obtained":[{"floor":7.0,"key":"Ornamental Fan"},{"floor":9.0,"key":"Nunchaku"},{"floor":24.0,"key":"Akabeko"},{"floor":26.0,"key":"HornCleat"},{"floor":28.0,"key":"PreservedInsect"},{"floor":41,"key":"Red Skull"},{"floor":44,"key":"Singing Bowl"},{"floor":48,"key":"Sundial"}],"event_choices":[{"cards_removed":["Strike_R"],"damage_healed":0.0,"max_hp_gain":0.0,"max_hp_loss":0.0,"gold_gain":0.0,"event_name":"Purifier","player_choice":"Purged","floor":19.0,"gold_loss":0.0,"damage_taken":0.0}],"is_beta":false,"boss_relics":[{"not_picked":["Ectoplasm","Astrolabe"],"picked":"Mark of Pain"},{"not_picked":["Philosopher\u0027s Stone","Black Star"],"picked":"Snecko Eye"}],"items_purged_floors":[],"is_endless":false,"potions_floor_spawned":[1,4,7,10,22,24,25,28,30,31,37,38,41,44,45,48],"killed_by":"Time Eater","ascension_level":5}}