{"host":"6s95ba0cy8amnnuf","time":1612481298,"event":{"mods":["AchievementEnabler","BaseMod","Block Reminder","Colored Map","Downfall","Minty Spire (QoL Compilation)","StSLib","Unceasing Turn Reminder","everything is the same but u backflip on backflip"],"gold_per_floor":[109,109,127,145,95,138,152,192,192,192,216,231,245,275,275,400,400,413,155,168,83,24,24,43,58,58,58,58,78,78,91,91,210,210,228,248,268,125,125,125,125,145,145,169,169,169,183,14,14,14,14],"floor_reached":50,"language":"ENG","playtime":3335,"items_purged":["Regret","Pain"],"score":508,"play_id":"a7c96b9e-aea4-4ea3-8cda-ea82a9251575","local_time":"20210204172818","is_ascension_mode":false,"campfire_choices":[{"floor":15.0,"key":"REST"},{"data":"Eruption","floor":23.0,"key":"SMITH"},{"floor":28.0,"key":"REST"},{"floor":30.0,"key":"REST"},{"data":"ReachHeaven","floor":32.0,"key":"SMITH"},{"data":"LikeWater","floor":40,"key":"SMITH"},{"data":"Vigilance","floor":45,"key":"SMITH"},{"floor":49,"key":"REST"}],"circlet_count":0,"master_deck":["Strike_P+1","Strike_P","Strike_P+1","Strike_P","Defend_P+1","Defend_P","Defend_P+1","Defend_P","Eruption+1","Vigilance+1","Consecrate","SandsOfTime","ReachHeaven","LikeWater+1","Perseverance","Protect","DevaForm+1","ReachHeaven","EmptyBody","ReachHeaven+1","Brilliance","LessonLearned","TalkToTheHand+1","CutThroughFate+1","WheelKick+1","WheelKick+1","Injury","Dramatic Entrance+1","Dramatic Entrance+1","Bandage Up","SandsOfTime+1","MasterReality+1","FollowUp+1","LikeWater+1","DeceiveReality+1","Bandage Up","Wallop+1","Conclude+1","Study+1","Writhe","FollowUp+1","Dramatic Entrance+1","CutThroughFate+1","LikeWater","LikeWater","FollowUp+1","Consecrate+1","Blind"],"relics":["Velvet Choker","Golden Idol","Shuriken","HornCleat","Sundial","Bird Faced Urn","Odd Mushroom","Cursed Key","Membership Card","Molten Egg 2","Blood Vial","Black Star","WarpedTongs","The Courier"],"acts_visited":["Exordium","TheCity","TheBeyond"],"potions_floor_usage":[37,38,50,50],"damage_taken":[{"damage":0.0,"enemies":"Cultist","floor":1.0,"turns":2.0},{"damage":0.0,"enemies":"2 Louse","floor":3.0,"turns":1.0},{"damage":0.0,"enemies":"Small Slimes","floor":4.0,"turns":3.0},{"damage":8.0,"enemies":"Lagavulin","floor":6.0,"turns":5.0},{"damage":7.0,"enemies":"2 Fungi Beasts","floor":7.0,"turns":4.0},{"damage":4.0,"enemies":"3 Sentries","floor":8.0,"turns":4.0},{"damage":2.0,"enemies":"Looter","floor":11.0,"turns":4.0},{"damage":7.0,"enemies":"Lots of Slimes","floor":12.0,"turns":3.0},{"damage":1.0,"enemies":"3 Louse","floor":13.0,"turns":3.0},{"damage":5.0,"enemies":"The Mushroom Lair","floor":14.0,"turns":4.0},{"damage":15.0,"enemies":"The Guardian","floor":16.0,"turns":8.0},{"damage":0.0,"enemies":"Spheric Guardian","floor":18.0,"turns":2.0},{"damage":0.0,"enemies":"3 Byrds","floor":20.0,"turns":5.0},{"damage":8.0,"enemies":"Cultist and Chosen","floor":24.0,"turns":7.0},{"damage":8.0,"enemies":"Snake Plant","floor":25.0,"turns":4.0},{"damage":0.0,"enemies":"3 Cultists","floor":29.0,"turns":3.0},{"damage":12.0,"enemies":"Centurion and Healer","floor":31.0,"turns":3.0},{"damage":36.0,"enemies":"Automaton","floor":33.0,"turns":11.0},{"damage":0,"enemies":"3 Shapes","floor":35,"turns":2},{"damage":11,"enemies":"Orb Walker","floor":36,"turns":4},{"damage":12,"enemies":"Maw","floor":37,"turns":8},{"damage":24,"enemies":"Jaw Worm Horde","floor":42,"turns":3},{"damage":7,"enemies":"Spire Growth","floor":44,"turns":3},{"damage":24,"enemies":"Maw","floor":47,"turns":8},{"damage":102,"enemies":"Awakened One","floor":50,"turns":5}],"seed_played":"7481740328765390825","potions_obtained":[{"floor":7.0,"key":"LiquidMemories"},{"floor":11.0,"key":"LiquidMemories"},{"floor":13.0,"key":"Strength Potion"},{"floor":14.0,"key":"EntropicBrew"},{"floor":16.0,"key":"BottledMiracle"},{"floor":20.0,"key":"LiquidBronze"},{"floor":24.0,"key":"Dexterity Potion"},{"floor":31.0,"key":"Energy Potion"},{"floor":35,"key":"StancePotion"},{"floor":37,"key":"SneckoOil"}],"is_trial":false,"path_per_floor":["M","?","M","M","?","E","M","E","T","?","M","M","M","?","R","B",null,"M","$","M","?","$","R","M","M","T","?","R","M","R","M","R","B",null,"M","M","M","$","?","R","?","M","T","M","R","?","M","$","R","B"],"character_chosen":"WATCHER","items_purchased":["Membership Card","LessonLearned","TalkToTheHand+1","CutThroughFate+1","Fruit Juice","Bandage Up","Wallop+1","Conclude+1","LikeWater","LikeWater","FollowUp+1","Consecrate+1","Blind"],"campfire_rested":4,"item_purchase_floors":[19,19,22,22,38,38,38,38,48,48,48,48,48],"current_hp_per_floor":[72,72,72,72,72,64,57,53,53,53,53,48,47,46,67,56,72,72,72,72,72,72,72,64,58,58,31,52,58,72,64,64,36,72,72,69,60,65,65,65,65,53,53,64,64,64,57,57,77,0,0],"gold":14,"neow_bonus":"BOSS_RELIC","is_daily":false,"chose_seed":false,"campfire_upgraded":4,"win_rate":0.0,"timestamp":1612481298,"path_taken":["M","?","M","M","?","E","M","E","T","?","M","M","M","?","R","BOSS","M","$","M","?","$","R","M","M","T","?","R","M","R","M","R","BOSS","M","M","M","?","?","R","?","M","T","?","R","?","M","?","R","BOSS"],"items_purchased_type":["Relic","Card","Card","Card","Potion","Card","Card","Card","Card","Card","Card","Card","Card"],"build_version":"2020-12-22","purchased_purges":2,"victory":false,"max_hp_per_floor":[72,72,72,72,72,72,72,72,72,72,72,72,72,72,72,72,72,72,72,72,72,72,72,72,72,72,72,72,72,72,72,72,72,72,72,72,72,77,77,77,77,77,77,77,77,77,77,77,77,77,77],"card_choices":[{"not_picked":["EmptyFist","SashWhip"],"picked":"Consecrate","floor":1.0},{"not_picked":["PathToVictory","Weave"],"picked":"SandsOfTime","floor":3.0},{"not_picked":["PathToVictory","Protect"],"picked":"ReachHeaven","floor":4.0},{"not_picked":["Study","PathToVictory"],"picked":"LikeWater","floor":6.0},{"not_picked":["ClearTheMind","JustLucky"],"picked":"Perseverance","floor":7.0},{"not_picked":["Crescendo","EmptyFist"],"picked":"Protect","floor":8.0},{"not_picked":["CarveReality","JustLucky"],"picked":"DevaForm","floor":11.0},{"not_picked":["EmptyFist","WindmillStrike"],"picked":"ReachHeaven","floor":12.0},{"not_picked":["FlyingSleeves","JustLucky"],"picked":"EmptyBody","floor":13.0},{"not_picked":["CrushJoints","PathToVictory"],"picked":"ReachHeaven","floor":14.0},{"not_picked":["Vault","LessonLearned"],"picked":"Brilliance","floor":16.0},{"not_picked":["FlurryOfBlows","FlyingSleeves"],"picked":"Protect","floor":18.0},{"not_picked":["Swivel","EmptyBody","SashWhip+1"],"picked":"SKIP","floor":20.0},{"not_picked":["CutThroughFate+1","FollowUp+1"],"picked":"WheelKick+1","floor":24.0},{"not_picked":["SandsOfTime+1","Crescendo+1"],"picked":"WheelKick+1","floor":25.0},{"not_picked":["CrushJoints+1","Evaluate+1","Indignation"],"picked":"SKIP","floor":29.0},{"not_picked":["Adaptation+1","Evaluate+1"],"picked":"SandsOfTime+1","floor":31.0},{"not_picked":["DevaForm","LessonLearned+1"],"picked":"MasterReality","floor":33.0},{"not_picked":["SandsOfTime+1","Halt"],"picked":"FollowUp+1","floor":35},{"not_picked":["WreathOfFlame","SashWhip+1"],"picked":"LikeWater","floor":36},{"not_picked":["SashWhip+1","Tantrum+1"],"picked":"DeceiveReality+1","floor":37},{"not_picked":["CrushJoints+1","Fasting2"],"picked":"Study+1","floor":42},{"not_picked":["Crescendo+1","CutThroughFate+1"],"picked":"FollowUp+1","floor":44},{"not_picked":["FlyingSleeves+1","Scrawl"],"picked":"CutThroughFate+1","floor":47}],"player_experience":146559,"relics_obtained":[{"floor":6.0,"key":"Shuriken"},{"floor":8.0,"key":"HornCleat"},{"floor":9.0,"key":"Sundial"},{"floor":14.0,"key":"Odd Mushroom"},{"floor":26.0,"key":"Blood Vial"},{"floor":43,"key":"The Courier"}],"event_choices":[{"damage_healed":0.0,"max_hp_gain":0.0,"max_hp_loss":0.0,"gold_gain":0.0,"event_name":"Golden Idol","player_choice":"Take Wound","floor":2.0,"gold_loss":0.0,"damage_taken":0.0,"relics_obtained":["Golden Idol"],"cards_obtained":["Injury"]},{"cards_removed":["Injury"],"damage_healed":0.0,"max_hp_gain":0.0,"max_hp_loss":0.0,"gold_gain":0.0,"event_name":"The Cleric","player_choice":"Card Removal","floor":5.0,"gold_loss":50.0,"damage_taken":0.0},{"damage_healed":0.0,"max_hp_gain":0.0,"max_hp_loss":0.0,"gold_gain":0.0,"event_name":"Big Fish","player_choice":"Box","floor":10.0,"gold_loss":0.0,"damage_taken":0.0,"relics_obtained":["Bird Faced Urn"],"cards_obtained":["Regret"]},{"damage_healed":0.0,"max_hp_gain":0.0,"max_hp_loss":0.0,"gold_gain":0.0,"event_name":"Mushrooms","player_choice":"Fought Mushrooms","floor":14.0,"gold_loss":0.0,"damage_taken":0.0},{"damage_healed":0.0,"max_hp_gain":0.0,"max_hp_loss":0.0,"gold_gain":0.0,"event_name":"Addict","player_choice":"Obtained Relic","floor":21.0,"gold_loss":85.0,"damage_taken":0.0,"relics_obtained":["Molten Egg 2"]},{"damage_healed":0.0,"max_hp_gain":0.0,"max_hp_loss":0.0,"gold_gain":0.0,"event_name":"Knowing Skull","player_choice":"CARD CARD CARD ","floor":27.0,"potions_obtained":[],"gold_loss":0.0,"damage_taken":27.0,"cards_obtained":["Dramatic Entrance","Dramatic Entrance","Bandage Up"]},{"cards_removed":["Protect"],"damage_healed":0,"gold_gain":0,"player_choice":"Removed Skill","damage_taken":0,"max_hp_gain":0,"max_hp_loss":0,"event_name":"Falling","floor":39,"gold_loss":0},{"damage_healed":0,"gold_gain":0,"player_choice":"Rummage","damage_taken":0,"relics_obtained":["WarpedTongs"],"max_hp_gain":0,"max_hp_loss":0,"event_name":"Accursed Blacksmith","floor":41,"gold_loss":0,"cards_obtained":["Pain"]},{"damage_healed":0,"gold_gain":0,"player_choice":"Copied","damage_taken":0,"max_hp_gain":0,"max_hp_loss":0,"event_name":"Duplicator","floor":46,"gold_loss":0,"cards_obtained":["Dramatic Entrance"]}],"is_beta":false,"boss_relics":[{"not_picked":["Astrolabe","Philosopher\u0027s Stone"],"picked":"Cursed Key"},{"not_picked":["Sozu","Runic Dome"],"picked":"Black Star"}],"items_purged_floors":[19,48],"is_endless":false,"potions_floor_spawned":[7,11,13,14,16,20,24,31,35,37],"killed_by":"Awakened One","ascension_level":0}}