{"host":"15f3wpiimhe5yrng","time":1612475120,"event":{"mods":["BaseMod","Better Altar","Better Match","Better Note","Better Sensory Stone","Better Skull","Better Third Choice","Colored Map","Downfall","GifTheSpireLib","Good Game Mod","Minty Spire (QoL Compilation)","Permanent Neow","StSLib","The Disciple","The Mystic"],"gold_per_floor":[109,127,98,112,287,316,330,330,330],"floor_reached":8,"language":"ENG","playtime":316,"items_purged":[],"score":84,"play_id":"222ebc0a-5682-4278-a4d8-ba57ff124b5b","local_time":"20210204224520","is_ascension_mode":true,"campfire_choices":[],"circlet_count":0,"master_deck":["Strike_G","Strike_G","Strike_G","Strike_G","Strike_G","Defend_G","Defend_G","Defend_G","Defend_G","Defend_G","Survivor","Neutralize","Eviscerate","Slice","Concentrate","Underhanded Strike","Doubt","Tactician","Underhanded Strike"],"relics":["Ring of the Snake","REME:ComplimentaryCards","Ice Cream","betterThird:SlimedRelic","White Beast Statue"],"acts_visited":["Exordium"],"potions_floor_usage":[6,6,8],"damage_taken":[{"damage":2,"enemies":"Small Slimes","floor":1,"turns":4},{"damage":2,"enemies":"Jaw Worm","floor":2,"turns":5},{"damage":6,"enemies":"2 Louse","floor":4,"turns":2},{"damage":5,"enemies":"Gremlin Nob","floor":6,"turns":3},{"damage":0,"enemies":"Looter","floor":7,"turns":2},{"damage":30,"enemies":"Lagavulin","floor":8,"turns":5}],"seed_played":"6860640705582844744","potions_obtained":[{"floor":1,"key":"Fire Potion"},{"floor":2,"key":"ColorlessPotion"},{"floor":7,"key":"Regen Potion"}],"is_trial":false,"path_per_floor":["M","M","?","M","?","E","M","E"],"character_chosen":"THE_SILENT","items_purchased":[],"campfire_rested":0,"item_purchase_floors":[],"current_hp_per_floor":[43,41,30,24,24,19,19,0,0],"gold":330,"neow_bonus":"ONE_RARE_RELIC","is_daily":false,"chose_seed":false,"campfire_upgraded":0,"win_rate":0.0,"timestamp":1612475120,"path_taken":["M","M","?","M","?","E","M","E"],"items_purchased_type":[],"build_version":"2020-12-22","purchased_purges":0,"victory":false,"max_hp_per_floor":[70,70,70,70,70,70,70,70,70],"card_choices":[{"not_picked":["Quick Slash","Infinite Blades"],"picked":"Slice","floor":1},{"not_picked":["Deflect","Quick Slash"],"picked":"Concentrate","floor":2},{"not_picked":["PiercingWail","Outmaneuver"],"picked":"Underhanded Strike","floor":4},{"not_picked":["Outmaneuver","Acrobatics"],"picked":"Tactician","floor":6},{"not_picked":["Dagger Throw","Dodge and Roll"],"picked":"Underhanded Strike","floor":7}],"player_experience":124399,"relics_obtained":[{"floor":6,"key":"White Beast Statue"}],"event_choices":[{"damage_healed":0,"gold_gain":0,"player_choice":"Slimed","damage_taken":11,"max_hp_gain":0,"max_hp_loss":0,"event_name":"betterThird:BetterGoop","floor":3,"gold_loss":29},{"damage_healed":0,"gold_gain":175,"player_choice":"AGREE","damage_taken":112,"max_hp_gain":0,"max_hp_loss":0,"event_name":"betterThird:BetterSerpent","floor":5,"gold_loss":0}],"is_beta":false,"boss_relics":[],"items_purged_floors":[],"is_endless":false,"potions_floor_spawned":[1,2,7],"killed_by":"Lagavulin","ascension_level":9}}