{"host":"v54ek091sdz7ha6h","time":1612472287,"event":{"mods":["BaseMod","Better Vampires","Colored Map","Colored Powertips","Custom Start","DeckTracker","Highlight Path","KOR Keyword Fix","Minty Spire (QoL Compilation)","Rare Cards Sparkle","Relic Stats","StSLib","SuperFastMode","everything is the same but u backflip on backflip"],"gold_per_floor":[118,129,140,140,150,150,178,253,253,14,29,29,29,39,39,39,39],"floor_reached":16,"language":"KOR","playtime":271,"items_purged":["Strike_P"],"score":204,"play_id":"cdeeecb3-f856-4112-9af1-754d56fc331f","local_time":"20210205055807","is_ascension_mode":true,"campfire_choices":[{"data":"Eruption","floor":6.0,"key":"SMITH"},{"floor":12.0,"key":"REST"},{"data":"Prostrate","floor":15.0,"key":"SMITH"}],"circlet_count":0,"master_deck":["AscendersBane","Strike_P","Strike_P","Defend_P","Defend_P","Defend_P","Defend_P","Eruption+1","Vigilance","Prostrate+1","FlurryOfBlows","FlurryOfBlows","FlurryOfBlows","Prostrate","Pray"],"relics":["PureWater","Boot","Nunchaku","InkBottle","Sling"],"acts_visited":["Exordium"],"potions_floor_usage":[16],"damage_taken":[{"damage":0.0,"enemies":"Cultist","floor":1.0,"turns":3.0},{"damage":2.0,"enemies":"Small Slimes","floor":2.0,"turns":3.0},{"damage":4.0,"enemies":"Jaw Worm","floor":3.0,"turns":2.0},{"damage":13.0,"enemies":"Large Slime","floor":5.0,"turns":6.0},{"damage":8.0,"enemies":"Gremlin Nob","floor":7.0,"turns":3.0},{"damage":6.0,"enemies":"3 Louse","floor":11.0,"turns":3.0},{"damage":0.0,"enemies":"2 Fungi Beasts","floor":14.0,"turns":3.0},{"damage":62,"enemies":"The Guardian","floor":16,"turns":2}],"seed_played":"-2000585768270870974","potions_obtained":[{"floor":2.0,"key":"Explosive Potion"},{"floor":5.0,"key":"DuplicationPotion"},{"floor":14.0,"key":"BottledMiracle"}],"is_trial":false,"path_per_floor":["M","M","M","?","M","R","E","?","T","$","M","R","?","M","R","B"],"character_chosen":"WATCHER","items_purchased":["Sling"],"campfire_rested":1,"item_purchase_floors":[10],"current_hp_per_floor":[61,59,55,50,37,37,29,18,18,18,12,32,25,25,25,0,0],"gold":39,"neow_bonus":"RANDOM_COMMON_RELIC","is_daily":false,"chose_seed":false,"campfire_upgraded":2,"win_rate":0.0,"timestamp":1612472287,"path_taken":["M","?","M","?","M","R","E","?","T","$","M","R","?","M","R","BOSS"],"items_purchased_type":["Relic"],"build_version":"2020-12-22","purchased_purges":1,"victory":false,"max_hp_per_floor":[68,68,68,68,68,68,68,68,68,68,68,68,68,68,68,68,68],"relic_stats":{"Nunchaku":[5],"counters":[8,25],"Boot":[29],"obtain_stats":[{"Nunchaku":4,"PureWater":0,"Boot":0,"Sling":10,"InkBottle":7},{"Nunchaku":3,"PureWater":0,"Boot":0,"Sling":5,"InkBottle":5},{"Nunchaku":8,"PureWater":0,"Boot":0,"Sling":17,"InkBottle":17}],"InkBottle":[3]},"card_choices":[{"not_picked":["Fasting2","DeceiveReality"],"picked":"Prostrate","floor":1.0},{"not_picked":["SashWhip","Consecrate"],"picked":"FlurryOfBlows","floor":2.0},{"not_picked":["SashWhip","InnerPeace"],"picked":"FlurryOfBlows","floor":3.0},{"not_picked":["WreathOfFlame","ClearTheMind"],"picked":"FlurryOfBlows","floor":5.0},{"not_picked":["SashWhip","Crescendo","ConjureBlade"],"picked":"SKIP","floor":7.0},{"not_picked":["Crescendo","Sanctity"],"picked":"Prostrate","floor":11.0},{"not_picked":["Consecrate","PathToVictory"],"picked":"Pray","floor":14.0}],"player_experience":1472681,"relics_obtained":[{"floor":7.0,"key":"InkBottle"}],"event_choices":[{"damage_healed":0.0,"max_hp_gain":0.0,"max_hp_loss":0.0,"gold_gain":0.0,"event_name":"Scrap Ooze","player_choice":"Success","floor":4.0,"gold_loss":0.0,"damage_taken":5.0,"relics_obtained":["Nunchaku"]},{"damage_healed":0.0,"max_hp_gain":0.0,"max_hp_loss":0.0,"gold_gain":75.0,"event_name":"World of Goop","player_choice":"Gather Gold","floor":8.0,"gold_loss":0.0,"damage_taken":11.0},{"cards_removed":["Strike_P"],"damage_healed":0.0,"max_hp_gain":0.0,"max_hp_loss":0.0,"gold_gain":0.0,"event_name":"Golden Wing","player_choice":"Card Removal","floor":13.0,"gold_loss":0.0,"damage_taken":7.0}],"is_beta":false,"boss_relics":[],"items_purged_floors":[10],"is_endless":false,"potions_floor_spawned":[2,5,14],"killed_by":"The Guardian","ascension_level":20}}