{"host":"2qv44oxt58ptq59r","time":1612466105,"event":{"mods":["AchievementEnabler","BaseMod","Colored Powertips","Highlight Path","Minty Spire (QoL Compilation)","Permanent Neow","StSLib"],"gold_per_floor":[110,30,47,66,66,91,91,107,131,131,146,146,6,19,19,122,122,132,146,146,146,163,163,163],"floor_reached":23,"language":"ENG","playtime":1883,"items_purged":[],"score":193,"play_id":"489ed2e3-218c-4dbd-a6d0-81b9751df865","local_time":"20210204191505","is_ascension_mode":false,"campfire_choices":[{"floor":7,"key":"REST"},{"floor":12,"key":"RECALL"},{"data":"Inflame","floor":15,"key":"SMITH"}],"circlet_count":0,"master_deck":["Strike_R","Strike_R","Strike_R","Strike_R","Strike_R","Defend_R+1","Defend_R","Defend_R","Defend_R","Bash+1","Armaments+1","Blood for Blood","Uppercut","Heavy Blade","Cleave","Inflame+1","Juggernaut","CurseOfTheBell","Spot Weakness","Body Slam+1"],"relics":["Burning Blood","War Paint","Strawberry","Boot","Calling Bell","Bag of Preparation","Darkstone Periapt","Dead Branch"],"acts_visited":["Exordium","TheCity"],"potions_floor_usage":[6,11,22],"damage_taken":[{"damage":3.0,"enemies":"Small Slimes","floor":1.0,"turns":4.0},{"damage":6.0,"enemies":"Jaw Worm","floor":3.0,"turns":4.0},{"damage":3.0,"enemies":"2 Louse","floor":4.0,"turns":3.0},{"damage":50,"enemies":"3 Sentries","floor":6,"turns":12},{"damage":12,"enemies":"Red Slaver","floor":8,"turns":4},{"damage":4,"enemies":"Blue Slaver","floor":11,"turns":5},{"damage":0,"enemies":"3 Louse","floor":14,"turns":3},{"damage":54,"enemies":"Hexaghost","floor":16,"turns":8},{"damage":14,"enemies":"Chosen","floor":18,"turns":5},{"damage":23,"enemies":"Spheric Guardian","floor":19,"turns":5},{"damage":46,"enemies":"Snake Plant","floor":22,"turns":5},{"damage":27,"enemies":"Slavers","floor":23,"turns":1}],"seed_played":"6423970200131818031","potions_obtained":[{"floor":3.0,"key":"SpeedPotion"},{"floor":6,"key":"Regen Potion"},{"floor":19,"key":"Regen Potion"}],"is_trial":false,"path_per_floor":["M","$","M","M","?","E","R","M","T","?","M","R","?","M","R","B",null,"M","M","?","?","M","E"],"character_chosen":"IRONCLAD","items_purchased":["Blood for Blood"],"campfire_rested":1,"item_purchase_floors":[2],"current_hp_per_floor":[80,80,80,80,80,36,60,54,54,54,70,70,70,76,76,28,87,79,62,62,45,19,0,0],"gold":163,"neow_bonus":"UPGRADE_CARD","is_daily":false,"chose_seed":false,"campfire_upgraded":1,"win_rate":0.0,"timestamp":1612466105,"path_taken":["M","$","M","M","?","E","R","M","T","?","?","R","?","?","R","BOSS","M","M","?","?","M","E"],"items_purchased_type":["Card"],"build_version":"2020-12-22","purchased_purges":0,"victory":false,"max_hp_per_floor":[80,80,80,80,80,80,80,80,80,87,87,87,87,87,87,87,87,87,87,87,92,92,92,92],"card_choices":[{"not_picked":["Searing Blow","Flex"],"picked":"Armaments","floor":1.0},{"not_picked":["Flex","Clothesline"],"picked":"Uppercut","floor":3.0},{"not_picked":["Warcry","Clash","Dual Wield"],"picked":"SKIP","floor":4.0},{"not_picked":["Warcry","Fiend Fire"],"picked":"Heavy Blade","floor":6},{"not_picked":["Anger","Armaments","Rampage"],"picked":"SKIP","floor":8},{"not_picked":["Rupture","Pummel"],"picked":"Cleave","floor":11},{"not_picked":["Twin Strike","Infernal Blade"],"picked":"Inflame","floor":14},{"not_picked":["Bludgeon","Impervious"],"picked":"Juggernaut","floor":16},{"not_picked":["Whirlwind","Heavy Blade"],"picked":"Spot Weakness","floor":18},{"not_picked":["Reckless Charge+1","Havoc","Warcry"],"picked":"SKIP","floor":19},{"not_picked":["Twin Strike+1","Havoc"],"picked":"Body Slam+1","floor":22}],"player_experience":5595368,"relics_obtained":[{"floor":6,"key":"War Paint"},{"floor":17,"key":"Bag of Preparation"},{"floor":17,"key":"Darkstone Periapt"},{"floor":17,"key":"Dead Branch"}],"event_choices":[{"damage_healed":0.0,"max_hp_gain":0.0,"max_hp_loss":0.0,"gold_gain":0.0,"event_name":"Liars Game","player_choice":"Ignored","floor":5.0,"gold_loss":0.0,"damage_taken":0.0},{"damage_healed":0,"gold_gain":0,"player_choice":"Success","damage_taken":7,"relics_obtained":["Strawberry"],"max_hp_gain":0,"max_hp_loss":0,"event_name":"Scrap Ooze","floor":10,"gold_loss":0},{"damage_healed":0,"gold_gain":0,"player_choice":"Paid Gold","damage_taken":0,"relics_obtained":["Boot"],"max_hp_gain":0,"max_hp_loss":0,"event_name":"WeMeetAgain","floor":13,"gold_loss":140},{"damage_healed":0,"gold_gain":0,"player_choice":"Ignored","damage_taken":0,"max_hp_gain":0,"max_hp_loss":0,"event_name":"Vampires","floor":20,"gold_loss":0},{"damage_healed":0,"gold_gain":0,"player_choice":"Shed Blood","damage_taken":22,"max_hp_gain":5,"max_hp_loss":0,"event_name":"Forgotten Altar","floor":21,"gold_loss":0}],"is_beta":false,"boss_relics":[{"not_picked":["Pandora\u0027s Box","Coffee Dripper"],"picked":"Calling Bell"}],"items_purged_floors":[],"is_endless":false,"potions_floor_spawned":[3,6,19],"killed_by":"Slavers","ascension_level":0}}