{"host":"kmq7aw60w430zvtx","time":1612430343,"event":{"mods":["BaseMod","Downfall","GifTheSpireLib","Hermit","Hubris","Minty Spire (QoL Compilation)","Reliquary","Replay The Spire","StSLib","The Construct","The Cursed","The Hierophant","The Jungle","The Necromancer","The Runesmith"],"gold_per_floor":[117,128,128,93,109,144,18,44,44,44,78,3,3,13,13,115,115,128,145,145,145,145,145,145],"floor_reached":23,"language":"ENG","playtime":1023,"items_purged":[],"score":301,"play_id":"6368eb55-baf9-415d-9bd0-c1986d3dc486","local_time":"20210204101903","is_ascension_mode":true,"campfire_choices":[{"floor":10,"key":"REST"},{"floor":15,"key":"RECALL"}],"circlet_count":0,"master_deck":["Defend_G+1","Defend_G","Defend_G+1","Defend_G","Defend_G","Survivor","Neutralize","Discovery","Poisoned Stab","Cloak And Dagger","Leg Sweep","Phantasmal Killer","Cloak And Dagger","Accuracy","Cloak And Dagger","Finisher","Terror","Distraction","Poison Darts","ReplayTheSpireMod:Scrap Shanks","Hidden Blade","Bite","Bite","Bite","Bite","Bite"],"relics":["Ring of the Snake","Happy Flower","reliquary:TuningFork","Simple Rune","Philosopher\u0027s Stone"],"acts_visited":["Exordium","TheCity"],"potions_floor_usage":[11,23],"damage_taken":[{"damage":3,"enemies":"Small Slimes","floor":1,"turns":3},{"damage":0,"enemies":"Jaw Worm","floor":2,"turns":5},{"damage":0,"enemies":"2 Louse","floor":5,"turns":3},{"damage":36,"enemies":"Replay:BlueRogue","floor":6,"turns":7},{"damage":8,"enemies":"Gremlin Nob","floor":11,"turns":3},{"damage":5,"enemies":"Looter","floor":14,"turns":3},{"damage":43,"enemies":"Fading Forest","floor":16,"turns":11},{"damage":5,"enemies":"Shell Parasite","floor":18,"turns":3},{"damage":17,"enemies":"3 Byrds","floor":19,"turns":6},{"damage":68,"enemies":"Gremlin Leader","floor":23,"turns":7}],"seed_played":"3943092754331276511","potions_obtained":[{"floor":6,"key":"hexamod:SoulburnPotion"},{"floor":14,"key":"FairyPotion"},{"floor":16,"key":"LifebloodPotion"},{"floor":19,"key":"SpeedPotion"}],"is_trial":false,"path_per_floor":["M","M","?","?","M","E","$","T","T","R","E","$","?","M","R","B",null,"M","M","?","?","?","E"],"character_chosen":"THE_SILENT","items_purchased":["Accuracy","Cloak And Dagger","Terror"],"campfire_rested":1,"item_purchase_floors":[7,7,12],"current_hp_per_floor":[60,60,60,70,70,34,34,34,34,55,47,47,47,42,42,15,56,51,34,34,34,34,0,0],"gold":145,"neow_bonus":"RANDOM_COLORLESS","is_daily":false,"chose_seed":false,"campfire_upgraded":0,"win_rate":0.0,"timestamp":1612430343,"path_taken":["M","M","?","?","M","E","?","?","T","R","E","$","?","M","R","BOSS","M","M","?","?","?","E"],"items_purchased_type":["Card","Card","Card"],"build_version":"2020-12-22","purchased_purges":0,"victory":false,"max_hp_per_floor":[70,70,70,70,70,70,70,70,70,70,70,70,70,70,70,70,70,70,70,70,49,49,49,49],"card_choices":[{"not_picked":["Replay:Sssssssssshield","Panacea"],"picked":"Discovery","floor":0},{"not_picked":["Heel Hook","Dodge and Roll"],"picked":"Poisoned Stab","floor":1},{"not_picked":["Reflex","Underhanded Strike"],"picked":"Cloak And Dagger","floor":2},{"not_picked":["Concentrate","Leg Sweep"],"picked":"Phantasmal Killer","floor":5},{"not_picked":["Flying Knee","Reflex"],"picked":"Cloak And Dagger","floor":6},{"not_picked":["Calculated Gamble","Toxin Wave"],"picked":"Finisher","floor":11},{"not_picked":["Reflex","Crippling Poison"],"picked":"Distraction","floor":14},{"not_picked":["Burst","Grand Finale"],"picked":"Poison Darts","floor":16},{"not_picked":["Draining Mist+1","Deflect"],"picked":"ReplayTheSpireMod:Scrap Shanks","floor":18},{"not_picked":["Finisher","Dagger Throw"],"picked":"Hidden Blade","floor":19}],"player_experience":332886,"relics_obtained":[{"floor":6,"key":"Happy Flower"},{"floor":8,"key":"reliquary:TuningFork"},{"floor":11,"key":"Simple Rune"}],"event_choices":[{"damage_healed":17,"gold_gain":0,"player_choice":"Healed","damage_taken":0,"max_hp_gain":0,"max_hp_loss":0,"event_name":"The Cleric","floor":4,"gold_loss":35},{"damage_healed":0,"gold_gain":0,"player_choice":"Smashed Altar","damage_taken":0,"max_hp_gain":0,"max_hp_loss":0,"event_name":"Forgotten Altar","floor":20,"gold_loss":0,"cards_obtained":["Decay"]},{"damage_healed":0,"gold_gain":0,"player_choice":"Became a vampire","damage_taken":0,"max_hp_gain":0,"max_hp_loss":21,"event_name":"Vampires","floor":21,"gold_loss":0,"cards_obtained":["Bite","Bite","Bite","Bite","Bite"]},{"cards_removed":["Decay"],"damage_healed":0,"gold_gain":0,"player_choice":"Purged","damage_taken":0,"max_hp_gain":0,"max_hp_loss":0,"event_name":"Purifier","floor":22,"gold_loss":0}],"is_beta":false,"boss_relics":[{"not_picked":["Sozu","hubris:ScarierMask"],"picked":"Philosopher\u0027s Stone"}],"items_purged_floors":[],"is_endless":false,"potions_floor_spawned":[6,14,16,19],"killed_by":"Gremlin Leader","ascension_level":8}}