{"host":"ypzb5vvnu9f3ii1t","time":1612445800,"event":{"mods":["AchievementEnabler","BaseMod","Colored Map","DeckTracker","Keyboard Shortcuts","Minty Spire (QoL Compilation)","Permanent Neow","Quick Restart","SuperFastMode"],"gold_per_floor":[115,115,115,160,175,175,210,210,261,272,272,272,292,327,327,422,422,436,452,452,452,221,221,236,262,288,326,39,39,52,69,69,183,183,195,204,204,204,219,219,75,85,85,19,32,73,73,73,73,73,73],"floor_reached":50,"language":"KOR","playtime":4026,"items_purged":["Strike_G","Strike_G"],"score":842,"play_id":"236a974b-21b5-4980-8f53-261906fbe34e","local_time":"20210204223640","is_ascension_mode":true,"campfire_choices":[{"data":"Footwork","floor":6.0,"key":"SMITH"},{"floor":8.0,"key":"REST"},{"data":"Cloak And Dagger","floor":12.0,"key":"SMITH"},{"floor":15.0,"key":"REST"},{"data":"Envenom","floor":23.0,"key":"SMITH"},{"data":"Dodge and Roll","floor":29.0,"key":"SMITH"},{"floor":32.0,"key":"REST"},{"floor":40,"key":"REST"},{"floor":49,"key":"REST"}],"circlet_count":0,"master_deck":["Defend_G","Defend_G","Defend_G+1","Defend_G","Survivor","Neutralize+1","Footwork+1","Cloak And Dagger+1","Burst","Backflip","Blade Dance","Cloak And Dagger","Envenom+1","PiercingWail+1","All Out Attack+1","Catalyst","Infinite Blades","Dodge and Roll+1","Envenom","Dark Shackles","Accuracy","Accuracy+1"],"relics":["Ring of the Snake","Boot","TungstenRod","Bag of Preparation","Kunai","Black Star","PreservedInsect","Tiny Chest","CeramicFish","Orichalcum","Lantern","Whetstone","Blood Vial","Bag of Marbles","Regal Pillow","Vajra","Prayer Wheel","Art of War","Pear"],"acts_visited":["TheCity","TheBeyond"],"potions_floor_usage":[50,50,50],"damage_taken":[{"damage":0.0,"enemies":"Small Slimes","floor":1.0,"turns":5.0},{"damage":0.0,"enemies":"2 Louse","floor":5.0,"turns":3.0},{"damage":14.0,"enemies":"Lagavulin","floor":7.0,"turns":11.0},{"damage":0.0,"enemies":"Jaw Worm","floor":10.0,"turns":4.0},{"damage":9.0,"enemies":"Gremlin Gang","floor":13.0,"turns":6.0},{"damage":11.0,"enemies":"Gremlin Nob","floor":14.0,"turns":5.0},{"damage":15.0,"enemies":"Hexaghost","floor":16.0,"turns":12.0},{"damage":0.0,"enemies":"3 Byrds","floor":18.0,"turns":5.0},{"damage":5.0,"enemies":"Spheric Guardian","floor":19.0,"turns":12.0},{"damage":2.0,"enemies":"Chosen and Byrds","floor":24.0,"turns":6.0},{"damage":0.0,"enemies":"Book of Stabbing","floor":25.0,"turns":4.0},{"damage":0.0,"enemies":"Gremlin Leader","floor":27.0,"turns":6.0},{"damage":14.0,"enemies":"Snecko","floor":30.0,"turns":5.0},{"damage":0.0,"enemies":"Shelled Parasite and Fungi","floor":31.0,"turns":5.0},{"damage":39.0,"enemies":"Automaton","floor":33.0,"turns":10.0},{"damage":29,"enemies":"3 Darklings","floor":35,"turns":8},{"damage":0,"enemies":"Orb Walker","floor":39,"turns":5},{"damage":29,"enemies":"Writhing Mass","floor":42,"turns":7},{"damage":3,"enemies":"Maw","floor":45,"turns":8},{"damage":25,"enemies":"Giant Head","floor":46,"turns":9},{"damage":69,"enemies":"Awakened One","floor":50,"turns":16}],"seed_played":"-1042911712353688271","potions_obtained":[{"floor":1.0,"key":"EssenceOfSteel"},{"floor":14.0,"key":"AttackPotion"},{"floor":16.0,"key":"LiquidMemories"},{"floor":25.0,"key":"SteroidPotion"},{"floor":27.0,"key":"SkillPotion"},{"floor":30.0,"key":"LiquidMemories"},{"floor":33.0,"key":"Strength Potion"},{"floor":39,"key":"Strength Potion"},{"floor":42,"key":"Weak Potion"}],"is_trial":false,"path_per_floor":["M","?","?","T","M","R","E","R","T","M","?","R","M","E","R","B",null,"M","M","?","?","$","R","M","E","T","E","$","R","M","M","R","B",null,"M","?","?","T","M","R","$","M","T","$","M","E","?","T","R","B"],"character_chosen":"THE_SILENT","items_purchased":["PreservedInsect","Blood Vial","Dodge and Roll","Regal Pillow","Accuracy"],"campfire_rested":5,"item_purchase_floors":[22,28,28,41,44],"current_hp_per_floor":[63,49,54,54,54,54,40,62,62,62,62,62,53,42,64,49,69,69,64,64,58,58,58,56,56,56,56,56,56,44,46,68,31,64,37,37,37,37,39,61,61,34,34,34,33,10,10,20,60,0,0],"gold":73,"neow_bonus":"THREE_CARDS","is_daily":false,"chose_seed":false,"campfire_upgraded":4,"win_rate":0.0,"timestamp":1612445800,"path_taken":["M","?","?","?","?","R","E","R","T","M","?","R","M","E","R","BOSS","M","M","?","?","$","R","M","E","T","E","$","R","M","?","R","BOSS","M","?","?","?","M","R","$","?","T","?","M","E","?","?","R","BOSS"],"items_purchased_type":["Relic","Relic","Card","Relic","Card"],"build_version":"2020-12-22","purchased_purges":2,"victory":false,"max_hp_per_floor":[70,70,75,75,75,75,75,75,75,75,75,75,75,75,75,75,75,75,75,75,75,75,75,75,75,75,75,75,75,75,75,75,75,75,75,75,75,75,75,75,75,75,75,75,75,75,75,85,85,85,85],"card_choices":[{"not_picked":["Leg Sweep","Cloak And Dagger"],"picked":"Footwork","floor":0.0},{"not_picked":["Flechettes","Well Laid Plans","Flying Knee"],"picked":"SKIP","floor":1.0},{"not_picked":["Flying Knee","Underhanded Strike"],"picked":"Cloak And Dagger","floor":5.0},{"not_picked":["Noxious Fumes","Dodge and Roll"],"picked":"Burst","floor":7.0},{"not_picked":["Well Laid Plans","Quick Slash"],"picked":"Backflip","floor":10.0},{"not_picked":["Deflect","Escape Plan"],"picked":"Blade Dance","floor":13.0},{"not_picked":["Underhanded Strike","Acrobatics"],"picked":"Cloak And Dagger","floor":14.0},{"not_picked":["Glass Knife","Night Terror"],"picked":"Envenom","floor":16.0},{"not_picked":["Cloak And Dagger","Prepared"],"picked":"PiercingWail+1","floor":18.0},{"not_picked":["Deadly Poison","Bane","Dagger Throw"],"picked":"SKIP","floor":19.0},{"not_picked":["Poisoned Stab","Skewer","Eviscerate"],"picked":"SKIP","floor":24.0},{"not_picked":["Unload","Noxious Fumes","Bouncing Flask"],"picked":"SKIP","floor":25.0},{"not_picked":["Terror","Finisher"],"picked":"Infinite Blades","floor":27.0},{"not_picked":["Bouncing Flask","Masterful Stab","Bane"],"picked":"SKIP","floor":30.0},{"not_picked":["Flechettes+1","Predator","Endless Agony"],"picked":"SKIP","floor":31.0},{"not_picked":["Flechettes+1","Predator","Endless Agony"],"picked":"SKIP","floor":31.0},{"not_picked":["Malaise","Phantasmal Killer"],"picked":"Envenom","floor":33.0},{"not_picked":["Outmaneuver+1","Finisher","Bouncing Flask+1"],"picked":"SKIP","floor":35},{"not_picked":["Panacea","Finesse"],"picked":"Dark Shackles","floor":36},{"not_picked":["Outmaneuver","Distraction","Expertise+1"],"picked":"SKIP","floor":39},{"not_picked":["Dagger Throw+1","Noxious Fumes","Setup"],"picked":"SKIP","floor":42},{"not_picked":["Prepared+1","Endless Agony+1","Poisoned Stab"],"picked":"SKIP","floor":45},{"not_picked":["Crippling Poison+1","Dagger Spray+1"],"picked":"Accuracy+1","floor":46}],"player_experience":172244,"relics_obtained":[{"floor":4.0,"key":"Boot"},{"floor":7.0,"key":"TungstenRod"},{"floor":9.0,"key":"Bag of Preparation"},{"floor":14.0,"key":"Kunai"},{"floor":25.0,"key":"Tiny Chest"},{"floor":25.0,"key":"CeramicFish"},{"floor":26.0,"key":"Orichalcum"},{"floor":27.0,"key":"Lantern"},{"floor":27.0,"key":"Whetstone"},{"floor":38,"key":"Bag of Marbles"},{"floor":43,"key":"Vajra"},{"floor":46,"key":"Prayer Wheel"},{"floor":46,"key":"Art of War"},{"floor":48,"key":"Pear"}],"event_choices":[{"damage_healed":0.0,"max_hp_gain":0.0,"max_hp_loss":0.0,"gold_gain":0.0,"event_name":"Shining Light","player_choice":"Entered Light","floor":2.0,"gold_loss":0.0,"damage_taken":14.0,"cards_upgraded":["Defend_G","Neutralize"]},{"damage_healed":0.0,"max_hp_gain":5.0,"max_hp_loss":0.0,"gold_gain":0.0,"event_name":"Big Fish","player_choice":"Donut","floor":3.0,"gold_loss":0.0,"damage_taken":0.0},{"cards_removed":["Strike_G"],"damage_healed":0.0,"max_hp_gain":0.0,"max_hp_loss":0.0,"gold_gain":0.0,"event_name":"Bonfire Elementals","player_choice":"Offered Basic","floor":11.0,"gold_loss":0.0,"damage_taken":0.0},{"damage_healed":0.0,"max_hp_gain":0.0,"max_hp_loss":0.0,"gold_gain":0.0,"cards_transformed":["Strike_G","Defend_G"],"event_name":"Drug Dealer","player_choice":"Became Test Subject","floor":20.0,"gold_loss":0.0,"damage_taken":0.0,"cards_obtained":["All Out Attack","Catalyst"]},{"damage_healed":0.0,"max_hp_gain":0.0,"max_hp_loss":0.0,"gold_gain":0.0,"event_name":"Wheel of Change","player_choice":"Damaged","floor":21.0,"gold_loss":0.0,"damage_taken":7.0},{"damage_healed":0,"gold_gain":0,"player_choice":"Memory 1","damage_taken":0,"max_hp_gain":0,"max_hp_loss":0,"event_name":"SensoryStone","floor":36,"gold_loss":0},{"damage_healed":0,"gold_gain":0,"player_choice":"Ignored","damage_taken":0,"max_hp_gain":0,"max_hp_loss":0,"event_name":"Mysterious Sphere","floor":37,"gold_loss":0},{"cards_removed":["Strike_G"],"damage_healed":0,"gold_gain":0,"player_choice":"Removed Attack","damage_taken":0,"max_hp_gain":0,"max_hp_loss":0,"event_name":"Falling","floor":47,"gold_loss":0}],"is_beta":false,"boss_relics":[{"not_picked":["Runic Dome","Pandora\u0027s Box"],"picked":"Black Star"},{"not_picked":["Snecko Eye","Runic Pyramid","Astrolabe"]}],"items_purged_floors":[22,28],"is_endless":false,"potions_floor_spawned":[1,14,16,25,27,30,33,39,42],"killed_by":"Awakened One","ascension_level":8}}