{"host":"gzk4gkgy3zij1c51","time":1612463468,"event":{"mods":["BaseMod","Colored Map","Downfall","Highlight Path","Marked Mod","Minty Spire (QoL Compilation)","Relic Stats","StSLib","everything is the same but u backflip on backflip"],"gold_per_floor":[99,119,133,67,124,153,153,164,64,93,93,93,105,105,123,123,123,123],"floor_reached":16,"language":"ENG","playtime":1041,"items_purged":[],"score":121,"play_id":"f96febe0-2c77-46da-83c0-929c9ce71821","local_time":"20210204183108","is_ascension_mode":true,"campfire_choices":[{"floor":1,"key":"RECALL"},{"floor":9,"key":"REST"},{"data":"bronze:Spike","floor":12,"key":"SMITH"}],"circlet_count":0,"master_deck":["bronze:Strike","bronze:Strike","bronze:Strike","bronze:Strike","bronze:Defend","bronze:Defend","bronze:Defend","bronze:Defend","bronze:Replicate","bronze:Goto+1","bronze:Branch","bronze:BronzeOrb","bronze:Constructor","bronze:BugBarrage","bronze:BuggyMess","bronze:Allocate","bronze:WhirlingStrike","bronze:Terminator","bronze:Mutator","bronze:DazingPulse","bronze:Spike+1"],"relics":["bronze:BronzeCore","Regal Pillow","Turnip","bronze:Mallet","downfall:HeartBlessingRed","Singing Bowl"],"acts_visited":["Exordium"],"potions_floor_usage":[6,6,15,16,16],"damage_taken":[{"damage":0,"enemies":"Cultist","floor":2,"turns":4},{"damage":0,"enemies":"Jaw Worm","floor":3,"turns":2},{"damage":0,"enemies":"downfall:FleeingMerchant","floor":4,"turns":4},{"damage":19,"enemies":"Lagavulin Event","floor":5,"turns":6},{"damage":22,"enemies":"Gremlin Nob","floor":6,"turns":5},{"damage":0,"enemies":"Small Slimes","floor":8,"turns":3},{"damage":27,"enemies":"Lagavulin","floor":10,"turns":6},{"damage":27,"enemies":"Lagavulin","floor":11,"turns":4},{"damage":2,"enemies":"Red Slaver","floor":13,"turns":3},{"damage":1,"enemies":"3 Louse","floor":15,"turns":3},{"damage":28,"enemies":"WA_ARCHETYPE_RETAIN","floor":16,"turns":6}],"seed_played":"-2406103540033491994","potions_obtained":[{"floor":2,"key":"LiquidBronze"},{"floor":5,"key":"Block Potion"},{"floor":6,"key":"SpeedPotion"},{"floor":10,"key":"bronze:BuildAFunctionPotion"},{"floor":13,"key":"CultistPotion"}],"is_trial":false,"path_per_floor":["R","M","M","$","?","E","T","M","R","E","?","R","M","?","M","B"],"character_chosen":"THE_AUTOMATON","items_purchased":["bronze:BugBarrage"],"campfire_rested":1,"item_purchase_floors":[4],"current_hp_per_floor":[70,70,70,70,51,29,29,29,65,38,11,11,11,11,12,0,0,0],"gold":123,"neow_bonus":"UPGRADE_CARD","is_daily":false,"chose_seed":false,"campfire_upgraded":1,"win_rate":0.0,"timestamp":1612463468,"path_taken":["R","M","?","$","?","E","T","M","R","E","?","R","M","?","M","BOSS"],"items_purchased_type":["Card"],"build_version":"2020-12-22","purchased_purges":0,"victory":false,"max_hp_per_floor":[70,70,70,70,70,70,70,70,70,70,70,70,72,72,74,74,74,74],"relic_stats":{"Regal Pillow":15,"Singing Bowl":4,"counters":[11,46],"Turnip":[2],"obtain_stats":[{"Regal Pillow":5,"bronze:BronzeCore":0,"downfall:HeartBlessingRed":9,"Singing Bowl":10,"Turnip":6,"bronze:Mallet":7},{"Regal Pillow":4,"bronze:BronzeCore":0,"downfall:HeartBlessingRed":6,"Singing Bowl":7,"Turnip":5,"bronze:Mallet":5},{"Regal Pillow":16,"bronze:BronzeCore":0,"downfall:HeartBlessingRed":24,"Singing Bowl":30,"Turnip":21,"bronze:Mallet":21}]},"card_choices":[{"not_picked":["bronze:Safeguard","bronze:ForLoop"],"picked":"bronze:Branch","floor":2},{"not_picked":["bronze:WildBeam","bronze:Invalidate"],"picked":"bronze:BronzeOrb","floor":3},{"not_picked":["bronze:DarkDash","bronze:Philosophize"],"picked":"bronze:Constructor","floor":4},{"not_picked":["bronze:Safeguard","bronze:Turbo"],"picked":"bronze:BuggyMess","floor":5},{"not_picked":["bronze:Frontload","bronze:Invalidate"],"picked":"bronze:Allocate","floor":6},{"not_picked":["bronze:ForceShield","bronze:ClassDefault"],"picked":"bronze:WhirlingStrike","floor":8},{"not_picked":["bronze:WildBeam","bronze:ForLoop"],"picked":"bronze:Terminator","floor":10},{"not_picked":["bronze:Iterate","bronze:CloningBeam"],"picked":"bronze:Mutator","floor":11},{"not_picked":[],"picked":"bronze:DazingPulse","floor":11},{"not_picked":[],"picked":"bronze:Spike","floor":11},{"not_picked":["bronze:OilSpill","bronze:Branch","bronze:Shield"],"picked":"Singing Bowl","floor":13},{"not_picked":["bronze:OilSpill","bronze:BuggyMess","bronze:WildBeam"],"picked":"Singing Bowl","floor":15}],"player_experience":1139581,"relics_obtained":[{"floor":5,"key":"Regal Pillow"},{"floor":6,"key":"Turnip"},{"floor":7,"key":"bronze:Mallet"},{"floor":10,"key":"Singing Bowl"}],"event_choices":[],"is_beta":false,"boss_relics":[],"items_purged_floors":[],"is_endless":false,"potions_floor_spawned":[2,5,6,10,13],"killed_by":"WA_ARCHETYPE_RETAIN","ascension_level":2}}