{"host":"6q94iy5iz6612v89","time":1612414604,"event":{"mods":["2.2 Compatiblity","AchievementEnabler","BaseMod","Colored Map","DeckTracker","Keyboard Shortcuts","Marisa£¨Ùöéë¡¡Øª×âÞÞ£©","Minty Spire (QoL Compilation)","Permanent Neow","StSLib","SuperFastMode"],"gold_per_floor":[111,125,139,139,139,139,169,169,169,169,169,229,248,18,18,91,91,101,121,171,136,154,154,154,154],"floor_reached":24,"language":"KOR","playtime":491,"items_purged":["Defend_MRS"],"score":376,"play_id":"45103115-2306-47e3-bd6c-aae80adaad9b","local_time":"20210204135644","is_ascension_mode":true,"campfire_choices":[{"data":"PowerUp","floor":6,"key":"SMITH"},{"data":"MasterSpark","floor":8,"key":"SMITH"},{"data":"RefractionSpark","floor":10,"key":"SMITH"},{"data":"GalacticHalo","floor":15,"key":"SMITH"},{"floor":23,"key":"REST"}],"circlet_count":0,"master_deck":["AscendersBane","Strike_MRS","Strike_MRS","Strike_MRS","Strike_MRS","Defend_MRS","Defend_MRS","Defend_MRS","MasterSpark+1","UpSweep","GalacticHalo","GalacticHalo+1","PowerUp+1","RefractionSpark+1","Parasite","Parasite","AsteroidBelt"],"relics":["MiniHakkero","Matryoshka","Vajra","Bronze Scales","SsserpentHead","ShroomBag","Black Star","Boot"],"acts_visited":["Exordium","TheCity"],"potions_floor_usage":[7,24,24],"damage_taken":[{"damage":2,"enemies":"Small Slimes","floor":1,"turns":5},{"damage":6,"enemies":"Jaw Worm","floor":2,"turns":5},{"damage":3,"enemies":"2 Louse","floor":3,"turns":3},{"damage":40,"enemies":"Gremlin Nob","floor":7,"turns":5},{"damage":0,"enemies":"Red Slaver","floor":12,"turns":4},{"damage":0,"enemies":"2 Fungi Beasts","floor":13,"turns":2},{"damage":1,"enemies":"Hexaghost","floor":16,"turns":9},{"damage":9,"enemies":"Spheric Guardian","floor":18,"turns":4},{"damage":13,"enemies":"Chosen","floor":19,"turns":5},{"damage":28,"enemies":"Snake Plant","floor":22,"turns":5},{"damage":55,"enemies":"Slavers","floor":24,"turns":5}],"seed_played":"4853102486971411642","potions_obtained":[{"floor":2,"key":"LiquidMemories"},{"floor":7,"key":"SkillPotion"},{"floor":12,"key":"GamblersBrew"}],"is_trial":false,"path_per_floor":["M","M","M","?","?","R","E","R","T","R","?","M","M","$","R","B",null,"M","M","?","?","M","R","E"],"character_chosen":"MARISA","items_purchased":["ShroomBag"],"campfire_rested":1,"item_purchase_floors":[14],"current_hp_per_floor":[61,55,52,57,57,57,17,17,17,17,17,17,17,17,17,20,61,56,47,47,47,23,45,0,0],"gold":154,"neow_bonus":"THREE_CARDS","is_daily":false,"chose_seed":false,"campfire_upgraded":4,"win_rate":0.0,"timestamp":1612414604,"path_taken":["M","M","M","?","?","R","E","R","T","R","?","?","M","$","R","BOSS","M","M","?","?","M","R","E"],"items_purchased_type":["Relic"],"build_version":"2020-12-22","purchased_purges":1,"victory":false,"max_hp_per_floor":[70,70,70,75,75,75,75,75,75,75,75,75,75,75,75,75,75,75,75,75,75,75,75,75,75],"card_choices":[{"not_picked":["Acceleration","PowerUp"],"picked":"GalacticHalo","floor":0},{"not_picked":["Acceleration","OpenUniverse"],"picked":"GalacticHalo","floor":1},{"not_picked":["IllusionStar","MagicChant"],"picked":"PowerUp","floor":2},{"not_picked":["LuminesStrike","6A"],"picked":"RefractionSpark","floor":3},{"not_picked":["IllusionStar","WitchLeyline","MagicChant"],"picked":"SKIP","floor":7},{"not_picked":["ShootingEcho","6A","OrrerysSun"],"picked":"SKIP","floor":12},{"not_picked":["MeteoricShower","AlicesGift","6A"],"picked":"SKIP","floor":13},{"not_picked":["Occultation","6A","SporeBomb"],"picked":"SKIP","floor":18},{"not_picked":["Orbital","OpenUniverse","StarlightTyphoon"],"picked":"SKIP","floor":19},{"not_picked":["MysteriousBeam","ShootingEcho"],"picked":"AsteroidBelt","floor":22}],"player_experience":1531869,"relics_obtained":[{"floor":7,"key":"Matryoshka"},{"floor":9,"key":"Vajra"},{"floor":9,"key":"Bronze Scales"}],"event_choices":[{"damage_healed":0,"gold_gain":0,"player_choice":"Donut","damage_taken":0,"max_hp_gain":5,"max_hp_loss":0,"event_name":"Big Fish","floor":4,"gold_loss":0},{"damage_healed":0,"gold_gain":0,"player_choice":"Ignored","damage_taken":0,"max_hp_gain":0,"max_hp_loss":0,"event_name":"Liars Game","floor":5,"gold_loss":0},{"damage_healed":0,"gold_gain":0,"player_choice":"Trade","damage_taken":0,"relics_obtained":["SsserpentHead"],"max_hp_gain":0,"max_hp_loss":0,"event_name":"FaceTrader","floor":11,"gold_loss":0},{"damage_healed":0,"gold_gain":0,"player_choice":"Ignored","damage_taken":0,"max_hp_gain":0,"max_hp_loss":0,"event_name":"Ghosts","floor":20,"gold_loss":0},{"damage_healed":0,"gold_gain":0,"player_choice":"Obtained Relic","damage_taken":0,"relics_obtained":["Boot"],"max_hp_gain":0,"max_hp_loss":0,"event_name":"Addict","floor":21,"gold_loss":85}],"is_beta":false,"boss_relics":[{"not_picked":["SacredBark","Busted Crown"],"picked":"Black Star"}],"items_purged_floors":[14],"is_endless":false,"potions_floor_spawned":[2,7,12,18],"killed_by":"Slavers","ascension_level":14}}