{"host":"0awa854l6bexpjrv","time":1612481094,"event":{"mods":["BaseMod","Block Reminder","Colored Map","Colored Powertips","Downfall","Highlight Path","Minty Spire (QoL Compilation)","Quick Restart","Rare Cards Sparkle","StSLib","SuperFastMode"],"gold_per_floor":[109,126,18,18,34,34,50,68,68,68,78,51,51,66,66,162,162,180,56,0,0,0],"floor_reached":21,"language":"ENG","playtime":1095,"items_purged":["Strike_P","Strike_P"],"score":180,"play_id":"de6bdfbe-5224-448f-a853-c21f8aa39403","local_time":"20210204152454","is_ascension_mode":true,"campfire_choices":[{"data":"CrushJoints","floor":6,"key":"SMITH"},{"floor":10,"key":"REST"},{"floor":15,"key":"REST"}],"circlet_count":0,"master_deck":["Strike_P","Defend_P","Defend_P","Defend_P","Defend_P","Eruption+1","Vigilance","Tantrum","CrushJoints+1","LikeWater","Protect","Crescendo","EmptyBody","LikeWater","FollowUp","EmptyFist","DevaForm","JustLucky"],"relics":["VioletLotus","Incense Burner","Busted Crown"],"acts_visited":["Exordium","TheCity"],"potions_floor_usage":[16,21],"damage_taken":[{"damage":0,"enemies":"Cultist","floor":1,"turns":3},{"damage":5,"enemies":"2 Louse","floor":2,"turns":3},{"damage":6,"enemies":"Jaw Worm","floor":5,"turns":5},{"damage":4,"enemies":"Looter","floor":7,"turns":5},{"damage":8,"enemies":"Large Slime","floor":8,"turns":5},{"damage":7,"enemies":"3 Louse","floor":11,"turns":4},{"damage":3,"enemies":"Red Slaver","floor":14,"turns":5},{"damage":29,"enemies":"Hexaghost","floor":16,"turns":9},{"damage":13,"enemies":"Spheric Guardian","floor":18,"turns":5},{"damage":10,"enemies":"2 Thieves","floor":20,"turns":5},{"damage":19,"enemies":"Chosen and Byrds","floor":21,"turns":8}],"seed_played":"5203901513999062721","potions_obtained":[{"floor":1,"key":"Regen Potion"},{"floor":2,"key":"BottledMiracle"},{"floor":11,"key":"DuplicationPotion"},{"floor":16,"key":"Ancient Potion"}],"is_trial":false,"path_per_floor":["M","M","$","?","M","R","M","M","T","R","M","$","?","M","R","B",null,"M","$","M","M"],"character_chosen":"WATCHER","items_purchased":["LikeWater","FollowUp","JustLucky"],"campfire_rested":2,"item_purchase_floors":[3,12,19],"current_hp_per_floor":[72,67,67,67,61,61,57,49,49,70,63,63,56,53,72,43,72,59,59,49,45,45],"gold":0,"neow_bonus":"BOSS_RELIC","is_daily":false,"chose_seed":false,"campfire_upgraded":1,"win_rate":0.0,"timestamp":1612481094,"path_taken":["M","?","$","?","?","R","?","?","T","R","M","$","?","M","R","BOSS","M","$","M","M"],"items_purchased_type":["Card","Card","Card"],"build_version":"2020-12-22","purchased_purges":2,"victory":false,"max_hp_per_floor":[72,72,72,72,72,72,72,72,72,72,72,72,72,72,72,72,72,72,72,72,72,72],"card_choices":[{"not_picked":["ThirdEye","FlurryOfBlows"],"picked":"Tantrum","floor":1},{"not_picked":["FollowUp","Weave"],"picked":"CrushJoints","floor":2},{"not_picked":["Evaluate","Prostrate"],"picked":"Protect","floor":5},{"not_picked":["SignatureMove","SashWhip"],"picked":"Crescendo","floor":7},{"not_picked":["Halt","LikeWater"],"picked":"EmptyBody","floor":8},{"not_picked":["Vengeance","Evaluate"],"picked":"LikeWater","floor":11},{"not_picked":["JustLucky","EmptyBody"],"picked":"EmptyFist","floor":14},{"not_picked":["Vault","ConjureBlade"],"picked":"DevaForm","floor":16},{"not_picked":["PathToVictory"],"picked":"SKIP","floor":18},{"not_picked":["FlurryOfBlows+1"],"picked":"SKIP","floor":20}],"player_experience":711455,"relics_obtained":[{"floor":9,"key":"Incense Burner"}],"event_choices":[{"damage_healed":0,"gold_gain":0,"player_choice":"Forge","damage_taken":0,"max_hp_gain":0,"max_hp_loss":0,"event_name":"Accursed Blacksmith","floor":4,"gold_loss":0,"cards_upgraded":["Eruption"]},{"cards_removed":["Strike_P"],"damage_healed":0,"gold_gain":0,"player_choice":"Card Removal","damage_taken":7,"max_hp_gain":0,"max_hp_loss":0,"event_name":"Golden Wing","floor":13,"gold_loss":0}],"is_beta":false,"boss_relics":[{"not_picked":["Fusion Hammer","Pandora\u0027s Box"],"picked":"Busted Crown"}],"items_purged_floors":[3,19],"is_endless":false,"potions_floor_spawned":[1,2,11,16],"killed_by":"Chosen and Byrds","ascension_level":1}}