{"host":"nwd160me4iqdtr8u","time":1612419937,"event":{"mods":["AchievementEnabler","Act Like it!","BaseMod","Colored Map","DeckTracker","Hallownest","Keyboard Shortcuts","Minty Spire (QoL Compilation)","Quick Restart","Rare Cards Sparkle","Smile Girya","StSLib","SuperFastMode","The Bug Knight","everything is the same but u backflip on backflip"],"gold_per_floor":[111,123,143,158,16,45,45,71,71,84,111,111,36,48,48,146,196,212,212,2,12,12,12,43,43,43,56,56,56,89,99,99,195,195,214,214,229,229,129,129,129,129,129],"floor_reached":42,"language":"KOR","playtime":2835,"items_purged":["HollowMod:QuickDashStart","Hallownest:curseDreamersLament"],"score":520,"play_id":"119f524f-0e17-4253-a69a-f85348834325","local_time":"20210204152537","is_ascension_mode":true,"campfire_choices":[{"data":"HollowMod:MonarchWings","floor":7.0,"key":"SMITH"},{"data":"HollowMod:TaintedHusks","floor":12.0,"key":"SMITH"},{"data":"HollowMod:HornetsHelp","floor":15.0,"key":"SMITH"},{"data":"HollowMod:RecoilStrike","floor":25.0,"key":"SMITH"},{"data":"HollowMod:DescendingDark","floor":32.0,"key":"SMITH"},{"data":"HollowMod:FocusHealStart","floor":40.0,"key":"SMITH"}],"circlet_count":0,"master_deck":["HollowMod:NailStrikeStart","HollowMod:NailStrikeStart","HollowMod:QuickDashStart+1","HollowMod:QuickDashStart","HollowMod:QuickDashStart","HollowMod:FocusHealStart+1","HollowMod:PogoStrike","HollowMod:MonarchWings+1","HollowMod:DoubleDash","HollowMod:InfectedCysts","HollowMod:LifebloodCore+1","HollowMod:HornetsHelp+1","HollowMod:TaintedHusks+1","HollowMod:CycloneSlash","HollowMod:NewGlowingWomb","HollowMod:DoubleDash+1","HollowMod:DescendingDark+1","HollowMod:RecoilStrike+1","HollowMod:ShapeofUnn","HollowMod:ZotesMagnificence","HollowMod:NailStrikeStart","HollowMod:NailStrikeStart","HollowMod:VengefulVoid+1"],"relics":["HollowMod:VesselMask","StrikeDummy","HollowMod:KingsBrand","Gremlin Horn","StoneCalendar","Tiny House","Strange Spoon","Kunai","Boot","PreservedInsect","Coffee Dripper","Hallownest:BeastSealRelic"],"acts_visited":["Hallownest:Greenpath","Hallownest:CityofTears","Hallownest:KingdomsEdge"],"potions_floor_usage":[42],"damage_taken":[{"damage":1.0,"enemies":"Hallownest:2_Baldur","floor":1.0,"turns":4.0},{"damage":3.0,"enemies":"Hallownest:2_Tiktiks_and_1_Crawlid","floor":2.0,"turns":6.0},{"damage":2.0,"enemies":"Hallownest:monsterHuskWarrior","floor":3.0,"turns":3.0},{"damage":0.0,"enemies":"Hallownest:monsterMossCharger","floor":4.0,"turns":6.0},{"damage":27.0,"enemies":"Hallownest:eliteCrystalGuardian","floor":6.0,"turns":10.0},{"damage":1.0,"enemies":"Hallownest:eliteMossKnight","floor":8.0,"turns":10.0},{"damage":0.0,"enemies":"Hallownest:Guard_and_Warrior","floor":10.0,"turns":6.0},{"damage":6.0,"enemies":"Hallownest:eliteCrystalGuardian","floor":11.0,"turns":7.0},{"damage":3.0,"enemies":"Hallownest:1_Ooma_and_2_Uuma","floor":14.0,"turns":5.0},{"damage":14.0,"enemies":"Hallownest:BossBrokenVessel","floor":16.0,"turns":8.0},{"damage":10.0,"enemies":"Hallownest:2_Mistakes","floor":18.0,"turns":7.0},{"damage":13.0,"enemies":"Hallownest:Flukemon_and_Top","floor":21.0,"turns":6.0},{"damage":5.0,"enemies":"Hallownest:eliteSoulWarrior","floor":24.0,"turns":7.0},{"damage":0.0,"enemies":"Hallownest:Master_and_Novice","floor":27.0,"turns":6.0},{"damage":0.0,"enemies":"Hallownest:Nosk","floor":30.0,"turns":7.0},{"damage":8.0,"enemies":"Hallownest:2_Husk_Sentries","floor":31.0,"turns":6.0},{"damage":2.0,"enemies":"Hallownest:BossGrimm","floor":33.0,"turns":14.0},{"damage":22.0,"enemies":"Hallownest:3_Siblings","floor":35.0,"turns":8.0},{"damage":41.0,"enemies":"Hallownest:2_Littles","floor":37.0,"turns":7.0},{"damage":45,"enemies":"Hallownest:Xero_Hu_Marmu","floor":42,"turns":2}],"seed_played":"4017104394213009738","potions_obtained":[{"floor":3.0,"key":"Block Potion"},{"floor":8.0,"key":"Energy Potion"},{"floor":10.0,"key":"FearPotion"},{"floor":11.0,"key":"FearPotion"},{"floor":17.0,"key":"Fire Potion"},{"floor":21.0,"key":"Weak Potion"},{"floor":27.0,"key":"EntropicBrew"},{"floor":31.0,"key":"DistilledChaos"},{"floor":33.0,"key":"BlessingOfTheForge"}],"is_trial":false,"path_per_floor":["M","M","M","M","$","E","R","E","T","M","E","R","$","M","R","B",null,"M","?","$","M","?","?","E","R","T","M","$","?","E","M","R","B",null,"M","?","M","?","$","R","?","M"],"character_chosen":"THE_BUGKNIGHT","items_purchased":["HollowMod:LifebloodCore","Strange Spoon","HollowMod:DescendingDark"],"campfire_rested":0,"item_purchase_floors":[5,20,20],"current_hp_per_floor":[74,71,69,69,69,42,42,41,41,47,41,41,41,38,38,30,80,70,70,70,57,57,57,58,58,58,58,58,58,64,56,56,54,80,64,64,29,29,29,29,29,0,0],"gold":129,"neow_bonus":"TRANSFORM_CARD","is_daily":false,"chose_seed":false,"campfire_upgraded":6,"win_rate":0.0,"timestamp":1612419937,"path_taken":["M","M","M","?","?","E","R","E","T","M","E","R","$","M","R","BOSS","M","?","?","M","?","?","E","R","T","M","?","?","E","M","R","BOSS","M","?","?","?","$","R","?","M"],"items_purchased_type":["Card","Relic","Card"],"build_version":"2020-12-22","purchased_purges":2,"victory":false,"max_hp_per_floor":[75,75,75,75,75,75,75,75,75,75,75,75,75,75,75,75,80,80,80,80,80,80,80,80,80,80,80,80,80,80,80,80,80,80,80,80,80,80,80,80,80,80,80],"card_choices":[{"not_picked":["HollowMod:NewLittleFool","HollowMod:SoulSplash"],"picked":"HollowMod:DoubleDash","floor":1.0},{"not_picked":["HollowMod:SiblingsSouls","HollowMod:BrokenVessel"],"picked":"HollowMod:VengefulSpirit","floor":2.0},{"not_picked":["HollowMod:InfectedAttack","HollowMod:TaintedHusks"],"picked":"HollowMod:DesolateDive","floor":3.0},{"not_picked":["HollowMod:CoiledNail","HollowMod:SoulVessel"],"picked":"HollowMod:InfectedCysts","floor":4.0},{"not_picked":["HollowMod:DreamGate","HollowMod:BlackTendrils"],"picked":"HollowMod:HornetsHelp","floor":6.0},{"not_picked":["HollowMod:DashSlash","HollowMod:LifebloodCocoon","HollowMod:InfectedCysts"],"picked":"SKIP","floor":8.0},{"not_picked":["HollowMod:PureNailStrike","HollowMod:NewLittleFool"],"picked":"HollowMod:TaintedHusks","floor":10.0},{"not_picked":["HollowMod:ShadowDash","HollowMod:DungDefenderAura"],"picked":"HollowMod:CycloneSlash","floor":11.0},{"not_picked":["HollowMod:FastStrike","HollowMod:AbyssShriek"],"picked":"HollowMod:NewGlowingWomb","floor":14.0},{"not_picked":["HollowMod:SharpenedShadows","HollowMod:GrimmsGift"],"picked":"HollowMod:DoubleDash+1","floor":18.0},{"not_picked":["HollowMod:CornifersMapStart","HollowMod:SoulSplash","HollowMod:DesolateDive"],"picked":"SKIP","floor":21.0},{"not_picked":["HollowMod:CloakDash","HollowMod:HowlingWraiths"],"picked":"HollowMod:RecoilStrike","floor":24.0},{"not_picked":["HollowMod:SiblingsShadow","HollowMod:DashSlash","HollowMod:LifebloodCocoon"],"picked":"SKIP","floor":27.0},{"not_picked":["HollowMod:SharpenedNail","HollowMod:HeavyBlow","HollowMod:CycloneSlash"],"picked":"SKIP","floor":30.0},{"not_picked":["HollowMod:VengefulVoid","HollowMod:FastStrike"],"picked":"HollowMod:ShapeofUnn","floor":31.0},{"not_picked":["HollowMod:AwokenDreamNail","HollowMod:Weaversong"],"picked":"HollowMod:ZotesMagnificence","floor":33.0},{"not_picked":["HollowMod:DesolateDive+1","HollowMod:BrokenVessel+1","HollowMod:BaldurShell+1"],"picked":"SKIP","floor":35.0},{"not_picked":["HollowMod:DesolateDive+1","HollowMod:ShadowDash"],"picked":"HollowMod:VengefulVoid+1","floor":37.0}],"player_experience":409610,"relics_obtained":[{"floor":6.0,"key":"StrikeDummy"},{"floor":8.0,"key":"HollowMod:KingsBrand"},{"floor":9.0,"key":"Gremlin Horn"},{"floor":11.0,"key":"StoneCalendar"},{"floor":24.0,"key":"Kunai"},{"floor":26.0,"key":"Boot"},{"floor":30.0,"key":"PreservedInsect"}],"event_choices":[],"is_beta":false,"boss_relics":[{"not_picked":["HollowMod:VoidIdolRelic","Velvet Choker"],"picked":"Tiny House"},{"not_picked":["Busted Crown","SlaversCollar"],"picked":"Coffee Dripper"}],"items_purged_floors":[13,39],"is_endless":false,"potions_floor_spawned":[3,8,10,11,21,27,31,33],"killed_by":"Hallownest:Xero_Hu_Marmu","ascension_level":2}}