{"host":"jz4ul6vrcxqkcr33","time":1612426455,"event":{"mods":["BaseMod","Minty Spire (QoL Compilation)","StSLib"],"gold_per_floor":[115,131,150,160,178,178,193,193,273,304,304,329,329,329,329,434,434,448,363,382,27,46,46,80,92,118,118,118,118],"floor_reached":28,"language":"ENG","playtime":1561,"items_purged":["Defend_B"],"score":358,"play_id":"e80c2e34-d9ed-42c6-ada9-164aebb23192","local_time":"20210204031415","is_ascension_mode":true,"campfire_choices":[{"data":"Genetic Algorithm","floor":6.0,"key":"SMITH"},{"floor":8.0,"key":"REST"},{"floor":13.0,"key":"DIG"},{"floor":15.0,"key":"DIG"},{"floor":23.0,"key":"DIG"},{"floor":27,"key":"DIG"}],"circlet_count":0,"master_deck":["Strike_B","Defend_B","Defend_B","Zap","Dualcast","CurseOfTheBell","Double Energy","Ball Lightning","Genetic Algorithm+1","Cold Snap","Glacier","Cold Snap","Seek","Heatsinks","Echo Form","Core Surge+1","White Noise+1","Reprogram+1","Double Energy","Turbo","Beam Cell","Glacier+1","Aggregate+1"],"relics":["Calling Bell","Oddly Smooth Stone","Ornamental Fan","Dead Branch","Cables","Happy Flower","Shovel","Akabeko","Pocketwatch","Centennial Puzzle","Astrolabe","Smiling Mask","Thread and Needle","Potion Belt","Anchor","Singing Bowl"],"acts_visited":["Exordium","TheCity"],"potions_floor_usage":[],"damage_taken":[{"damage":0.0,"enemies":"2 Louse","floor":1.0,"turns":5.0},{"damage":0.0,"enemies":"Small Slimes","floor":2.0,"turns":1.0},{"damage":0.0,"enemies":"Jaw Worm","floor":3.0,"turns":3.0},{"damage":2.0,"enemies":"2 Fungi Beasts","floor":4.0,"turns":3.0},{"damage":6.0,"enemies":"3 Louse","floor":5.0,"turns":4.0},{"damage":6.0,"enemies":"Large Slime","floor":7.0,"turns":9.0},{"damage":6.0,"enemies":"Lagavulin","floor":10.0,"turns":11.0},{"damage":0.0,"enemies":"3 Sentries","floor":12.0,"turns":7.0},{"damage":29.0,"enemies":"Hexaghost","floor":16.0,"turns":15.0},{"damage":0.0,"enemies":"Spheric Guardian","floor":18.0,"turns":4.0},{"damage":4.0,"enemies":"2 Thieves","floor":20.0,"turns":4.0},{"damage":8.0,"enemies":"Cultist and Chosen","floor":22.0,"turns":7.0},{"damage":9.0,"enemies":"Slavers","floor":24.0,"turns":8.0},{"damage":2.0,"enemies":"Snake Plant","floor":25.0,"turns":4.0},{"damage":0,"enemies":"Book of Stabbing","floor":28,"turns":2}],"seed_played":"-5757090349053914719","potions_obtained":[{"floor":1.0,"key":"Energy Potion"},{"floor":3.0,"key":"Fruit Juice"},{"floor":5.0,"key":"Swift Potion"},{"floor":7.0,"key":"Fire Potion"},{"floor":12.0,"key":"Regen Potion"},{"floor":16.0,"key":"PotionOfCapacity"},{"floor":18.0,"key":"FocusPotion"},{"floor":25.0,"key":"GamblersBrew"}],"is_trial":false,"path_per_floor":["M","M","M","M","M","R","M","R","T","E","?","E","R","?","R","B",null,"M","?","M","$","M","R","E","M","T","R","E"],"character_chosen":"DEFECT","items_purchased":["Thread and Needle"],"campfire_rested":1,"item_purchase_floors":[21],"current_hp_per_floor":[68,68,68,71,65,65,59,80,80,74,62,62,62,55,55,41,70,70,70,66,66,58,58,49,47,47,47,47,47],"gold":118,"neow_bonus":"BOSS_RELIC","is_daily":false,"chose_seed":false,"campfire_upgraded":1,"win_rate":0.0,"timestamp":1612426455,"path_taken":["M","M","M","M","M","R","M","R","T","E","?","E","R","?","R","BOSS","M","?","M","$","M","R","E","M","T","R","E"],"items_purchased_type":["Relic"],"build_version":"2020-12-13","purchased_purges":1,"victory":false,"max_hp_per_floor":[75,75,75,80,80,80,80,80,80,80,80,80,80,80,80,80,80,80,80,80,80,80,80,80,80,80,80,80,80],"card_choices":[{"not_picked":["Doom and Gloom","Stack"],"picked":"Double Energy","floor":1.0},{"not_picked":["Gash","Fusion"],"picked":"Ball Lightning","floor":2.0},{"not_picked":["Streamline","Turbo"],"picked":"Genetic Algorithm","floor":3.0},{"not_picked":["Beam Cell","Stack"],"picked":"Cold Snap","floor":4.0},{"not_picked":["Recycle","Loop"],"picked":"Glacier","floor":5.0},{"not_picked":["Reinforced Body","Hologram"],"picked":"Cold Snap","floor":7.0},{"not_picked":["Stack","Ball Lightning"],"picked":"Seek","floor":10.0},{"not_picked":["Gash","Force Field"],"picked":"Heatsinks","floor":12.0},{"not_picked":["Core Surge","Meteor Strike"],"picked":"Echo Form","floor":16.0},{"not_picked":["Rebound","Ball Lightning"],"picked":"Double Energy","floor":18.0},{"not_picked":["Redo","Gash"],"picked":"Turbo","floor":20.0},{"not_picked":["Cold Snap","Glacier"],"picked":"Beam Cell","floor":22.0},{"not_picked":["Capacitor+1","Recycle+1"],"picked":"Glacier+1","floor":24.0},{"not_picked":["Leap+1","Machine Learning"],"picked":"Aggregate+1","floor":25.0}],"player_experience":202481,"relics_obtained":[{"floor":0.0,"key":"Oddly Smooth Stone"},{"floor":0.0,"key":"Ornamental Fan"},{"floor":0.0,"key":"Dead Branch"},{"floor":9.0,"key":"Cables"},{"floor":10.0,"key":"Happy Flower"},{"floor":12.0,"key":"Akabeko"},{"floor":13.0,"key":"Pocketwatch"},{"floor":15.0,"key":"Centennial Puzzle"},{"floor":23.0,"key":"Potion Belt"},{"floor":24.0,"key":"Anchor"},{"floor":27,"key":"Singing Bowl"}],"event_choices":[{"damage_healed":0.0,"max_hp_gain":0.0,"max_hp_loss":0.0,"gold_gain":0.0,"event_name":"Scrap Ooze","player_choice":"Success","floor":11.0,"gold_loss":0.0,"damage_taken":12.0,"relics_obtained":["Shovel"]},{"cards_removed":["Strike_B"],"damage_healed":0.0,"max_hp_gain":0.0,"max_hp_loss":0.0,"gold_gain":0.0,"event_name":"Golden Wing","player_choice":"Card Removal","floor":14.0,"gold_loss":0.0,"damage_taken":7.0},{"damage_healed":0.0,"max_hp_gain":0.0,"max_hp_loss":0.0,"gold_gain":0.0,"event_name":"Addict","player_choice":"Obtained Relic","floor":19.0,"gold_loss":85.0,"damage_taken":0.0,"relics_obtained":["Smiling Mask"]}],"is_beta":false,"boss_relics":[{"not_picked":["Velvet Choker","Busted Crown"],"picked":"Astrolabe"}],"items_purged_floors":[21],"is_endless":false,"potions_floor_spawned":[1,3,5,7,12,16,18,25],"killed_by":"Book of Stabbing","ascension_level":6}}