{"host":"f76wcztdlwlduum6","time":1612425597,"event":{"mods":["BaseMod","BetterRewards","Colored Powertips","Minty Spire (QoL Compilation)","Quick Restart","Rare Cards Sparkle","Relic Stats","StSLib","SuperFastMode","everything is the same but u backflip on backflip"],"gold_per_floor":[118,293,273,285,285,48,68,102,102,143,162,187,208,252,252,336,336,359,458,478,487,510,510,21,31,99,142,142,177,200,237,237,320,329,348,361,386,413,435,466,466,506,506,563,91,91,91,125,125,125,125,125,86,119,119],"floor_reached":56,"language":"ENG","playtime":2567,"items_purged":["Strike_P","Defend_P","Strike_P","Strike_P","Eruption"],"score":2798,"play_id":"48020eae-f433-483b-ab11-8706b0355f2e","local_time":"20210204015957","is_ascension_mode":true,"campfire_choices":[{"data":"ClearTheMind","floor":15,"key":"SMITH"},{"data":"Vault","floor":23,"key":"SMITH"},{"data":"ClearTheMind","floor":28,"key":"SMITH"},{"floor":32,"key":"REST"},{"data":"MentalFortress","floor":41,"key":"SMITH"},{"data":"Crescendo","floor":47,"key":"SMITH"},{"floor":49,"key":"RECALL"},{"data":"MentalFortress","floor":52,"key":"SMITH"}],"circlet_count":0,"master_deck":["AscendersBane","Strike_P","Defend_P","Defend_P","Defend_P","Vigilance","FlurryOfBlows","FlurryOfBlows","Finesse","MentalFortress+1","Crescendo+1","Wallop","Tantrum","WheelKick","MentalFortress+1","ClearTheMind+1","EmptyBody","ClearTheMind+1","FlurryOfBlows","WaveOfTheHand","Vault+1","DevaForm+1","FlyingSleeves","Wallop","MentalFortress+1","LikeWater+1","Crescendo+1","Panacea+1","EmptyMind+1","Wallop","FlurryOfBlows","Adaptation+1","DeusExMachina+1","CurseOfTheBell","Adaptation+1","Fasting2+1","Evaluate+1","Tantrum","Fasting2+1","Adaptation+1","Flash of Steel","Crescendo+1","ClearTheMind+1"],"relics":["PureWater","Calipers","Bronze Scales","Medical Kit","Pear","Mummified Hand","Frozen Egg 2","CeramicFish","Tiny Chest","Nunchaku","SlaversCollar","Toxic Egg 2","Shuriken","Yang","StrikeDummy","Darkstone Periapt","Calling Bell","Omamori","CloakClasp","Ornamental Fan","Matryoshka","HornCleat","Juzu Bracelet","Bottled Flame","StoneCalendar","Lantern","Unceasing Top","Vajra"],"acts_visited":["Exordium","TheCity","TheBeyond","TheEnding"],"potions_floor_usage":[4,8,12,14,18,20,25,33,34,38,44,50],"damage_taken":[{"damage":0,"enemies":"Small Slimes","floor":1,"turns":3},{"damage":4,"enemies":"Jaw Worm","floor":4,"turns":2},{"damage":0,"enemies":"Cultist","floor":7,"turns":3},{"damage":0,"enemies":"Gremlin Nob","floor":8,"turns":2},{"damage":15,"enemies":"3 Sentries","floor":10,"turns":6},{"damage":9,"enemies":"Looter","floor":11,"turns":2},{"damage":6,"enemies":"Gremlin Nob","floor":12,"turns":3},{"damage":8,"enemies":"Blue Slaver","floor":13,"turns":3},{"damage":0,"enemies":"Lagavulin","floor":14,"turns":3},{"damage":0,"enemies":"Slime Boss","floor":16,"turns":3},{"damage":0,"enemies":"2 Thieves","floor":18,"turns":3},{"damage":0,"enemies":"Spheric Guardian","floor":20,"turns":4},{"damage":0,"enemies":"3 Cultists","floor":22,"turns":4},{"damage":1,"enemies":"Chosen and Byrds","floor":25,"turns":4},{"damage":18,"enemies":"Gremlin Leader","floor":27,"turns":7},{"damage":10,"enemies":"Book of Stabbing","floor":29,"turns":5},{"damage":0,"enemies":"Sentry and Sphere","floor":30,"turns":3},{"damage":38,"enemies":"Gremlin Leader","floor":31,"turns":4},{"damage":9,"enemies":"Champ","floor":33,"turns":5},{"damage":6,"enemies":"3 Shapes","floor":35,"turns":4},{"damage":0,"enemies":"Orb Walker","floor":36,"turns":2},{"damage":0,"enemies":"Maw","floor":38,"turns":4},{"damage":0,"enemies":"Spire Growth","floor":39,"turns":5},{"damage":12,"enemies":"Nemesis","floor":40,"turns":5},{"damage":0,"enemies":"Giant Head","floor":42,"turns":5},{"damage":40,"enemies":"2 Orb Walkers","floor":44,"turns":4},{"damage":17,"enemies":"Reptomancer","floor":48,"turns":4},{"damage":9,"enemies":"Awakened One","floor":50,"turns":7},{"damage":0,"enemies":"Shield and Spear","floor":54,"turns":3},{"damage":70,"enemies":"The Heart","floor":55,"turns":7}],"seed_played":"2870684750357742185","potions_obtained":[{"floor":3,"key":"EntropicBrew"},{"floor":10,"key":"StancePotion"},{"floor":12,"key":"Energy Potion"},{"floor":18,"key":"Fruit Juice"},{"floor":22,"key":"Swift Potion"},{"floor":29,"key":"LiquidMemories"},{"floor":33,"key":"Fruit Juice"},{"floor":35,"key":"Swift Potion"},{"floor":38,"key":"Fruit Juice"},{"floor":39,"key":"BlessingOfTheForge"}],"is_trial":false,"path_per_floor":["M","?","?","M","?","$","M","E","T","E","M","E","M","E","R","B",null,"M","?","M","?","M","R","$","M","T","E","R","E","M","E","R","B",null,"M","M","T","M","M","E","R","E","T","?","$","?","R","E","R","B",null,"R","$","E","B",null],"character_chosen":"WATCHER","items_purchased":["FlurryOfBlows","FlurryOfBlows","Calipers","Finesse","MentalFortress","Crescendo","Bronze Scales","Medical Kit","Wallop","Pear","MentalFortress","ClearTheMind","Toxic Egg 2","Crescendo+1","Panacea+1","FairyPotion","Adaptation+1","Flash of Steel","Lantern","PowerPotion","ClearTheMind+1"],"campfire_rested":1,"item_purchase_floors":[0,0,0,0,0,0,0,0,0,0,6,6,24,24,24,24,45,45,45,45,53],"current_hp_per_floor":[75,75,75,71,64,64,64,64,64,49,40,34,26,26,26,26,68,73,73,73,73,73,73,73,72,72,54,54,44,44,6,32,23,82,76,76,76,81,81,69,69,69,69,29,29,90,90,73,73,64,84,84,84,84,14],"gold":119,"neow_bonus":"","is_daily":false,"chose_seed":false,"campfire_upgraded":6,"win_rate":0.0,"timestamp":1612425597,"path_taken":["M","?","?","?","?","$","M","E","T","E","M","E","M","E","R","BOSS","M","?","M","?","M","R","$","M","T","E","R","E","M","E","R","BOSS","M","?","?","M","M","E","R","E","T","?","$","?","R","E","R","BOSS","R","$","E","BOSS"],"items_purchased_type":["Card","Card","Relic","Card","Card","Card","Relic","Relic","Card","Relic","Card","Card","Relic","Card","Card","Potion","Card","Card","Relic","Potion","Card"],"build_version":"2020-12-22","purchased_purges":5,"victory":true,"max_hp_per_floor":[82,82,82,82,82,82,82,82,82,82,82,82,82,82,82,82,82,87,87,87,87,87,87,87,87,87,87,87,87,87,87,87,87,98,98,98,98,103,103,103,103,103,103,103,103,90,90,90,90,90,90,90,90,90,90],"relic_stats":{"Darkstone Periapt":6,"counters":[235,841],"CeramicFish":225,"Yang":[368],"StoneCalendar":[51],"CloakClasp":[121],"Juzu Bracelet":1,"Medical Kit":[31],"Nunchaku":[37],"Mummified Hand":[448],"Shuriken":[77],"Ornamental Fan":[220],"Bronze Scales":[784],"Tiny Chest":1,"obtain_stats":[{"Whetstone":9,"Ginger":53,"Bottled Tornado":45,"Sling":37,"Boot":27,"Old Coin":43,"Blood Vial":40,"MealTicket":14,"Fusion Hammer":17,"Kunai":9,"Pear":0,"Blue Candle":48,"Pen Nib":0,"Guardian:PocketSentry":0,"Akabeko":37,"SlaversCollar":17,"Bird Faced Urn":0,"MutagenicStrength":45,"StrikeDummy":7,"Unceasing Top":48,"Lantern":38,"Regal Pillow":40,"Singing Bowl":31,"StoneCalendar":53,"Bag of Preparation":0,"Ancient Tea Set":30,"Cursed Key":34,"Shovel":42,"Matryoshka":40,"Chemical X":53,"Potion Belt":44,"Lee\u0027s Waffle":19,"Golden Idol":5,"Damaru":0,"Circlet":0,"The Courier":31,"Omamori":0,"Frozen Egg 2":0,"bronze:BronzeIdol":28,"Ornamental Fan":45,"Orrery":31,"Turnip":54,"Art of War":38,"Bottled Lightning":8,"hexamod:BolsterEngine":40,"Toy Ornithopter":11,"Ice Cream":0,"Calipers":0,"Gremlin Horn":0,"CeramicFish":11,"Vajra":23,"Sozu":34,"Lizard Tail":53,"HornCleat":53,"DollysMirror":0,"Strawberry":3,"Prayer Wheel":22,"Philosopher\u0027s Stone":34,"VioletLotus":1,"Toxic Egg 2":3,"Girya":43,"Happy Flower":0,"Dead Branch":41,"Oddly Smooth Stone":0,"Letter Opener":26,"War Paint":37,"sneckomod:SneckoTalon":34,"Question Card":0,"Du-Vu Doll":8,"OrangePellets":0,"Bottled Flame":54,"Shuriken":0,"Bronze Scales":0,"Slimebound:PreparedRelic":37,"Nloth\u0027s Gift":22,"Meat on the Bone":2,"Pocketwatch":47,"Darkstone Periapt":0,"Enchiridion":30,"Mango":19,"Yang":26,"CloakClasp":1,"Juzu Bracelet":6,"Incense Burner":45,"TeardropLocket":0,"PrismaticShard":25,"ClockworkSouvenir":0,"Nunchaku":9,"Dream Catcher":28,"TheAbacus":0,"Slimebound:StickyStick":2,"Mummified Hand":23,"Pantograph":53,"Tiny Chest":12,"Red Mask":36,"Orichalcum":21,"Odd Mushroom":13,"Medical Kit":38,"Mercury Hourglass":21,"Calling Bell":34,"Strange Spoon":53,"Anchor":0,"HolyWater":34,"Coffee Dripper":34,"Bag of Marbles":0,"Membership Card":0,"PureWater":0,"FossilizedHelix":27},{"Whetstone":33,"Ginger":51,"Bottled Tornado":142,"Sling":21,"Boot":41,"Old Coin":199,"Blood Vial":77,"MealTicket":36,"Fusion Hammer":182,"Kunai":58,"Pear":29,"Blue Candle":50,"Pen Nib":29,"Guardian:PocketSentry":29,"Akabeko":21,"SlaversCollar":9,"Bird Faced Urn":53,"MutagenicStrength":111,"StrikeDummy":178,"Unceasing Top":232,"Lantern":21,"Regal Pillow":109,"Singing Bowl":72,"StoneCalendar":27,"Bag of Preparation":29,"Ancient Tea Set":43,"Cursed Key":192,"Shovel":168,"Matryoshka":229,"Chemical X":27,"Potion Belt":24,"Lee\u0027s Waffle":10,"Golden Idol":119,"Damaru":29,"Circlet":174,"The Courier":18,"Omamori":29,"Frozen Egg 2":29,"bronze:BronzeIdol":16,"Ornamental Fan":49,"Orrery":72,"Turnip":52,"Art of War":46,"Bottled Lightning":5,"hexamod:BolsterEngine":23,"Toy Ornithopter":6,"Ice Cream":29,"Calipers":205,"Gremlin Horn":145,"CeramicFish":35,"Vajra":14,"Sozu":104,"Lizard Tail":114,"HornCleat":27,"DollysMirror":29,"Strawberry":30,"Prayer Wheel":67,"Philosopher\u0027s Stone":73,"VioletLotus":1,"Toxic Egg 2":1,"Girya":23,"Happy Flower":29,"Dead Branch":78,"Oddly Smooth Stone":85,"Letter Opener":15,"War Paint":21,"sneckomod:SneckoTalon":45,"Question Card":85,"Du-Vu Doll":5,"OrangePellets":53,"Bottled Flame":28,"Shuriken":85,"Bronze Scales":29,"Slimebound:PreparedRelic":21,"Nloth\u0027s Gift":67,"Meat on the Bone":1,"Pocketwatch":26,"Darkstone Periapt":174,"Enchiridion":133,"Mango":10,"Yang":131,"CloakClasp":1,"Juzu Bracelet":4,"Incense Burner":142,"TeardropLocket":0,"PrismaticShard":40,"ClockworkSouvenir":53,"Nunchaku":121,"Dream Catcher":132,"TheAbacus":29,"Slimebound:StickyStick":1,"Mummified Hand":14,"Pantograph":27,"Tiny Chest":212,"Red Mask":74,"Orichalcum":39,"Odd Mushroom":93,"Medical Kit":46,"Mercury Hourglass":39,"Calling Bell":224,"Strange Spoon":114,"Anchor":29,"HolyWater":164,"Coffee Dripper":19,"Bag of Marbles":29,"Membership Card":29,"PureWater":0,"FossilizedHelix":71},{"Whetstone":157,"Ginger":214,"Bottled Tornado":534,"Sling":100,"Boot":180,"Old Coin":708,"Blood Vial":306,"MealTicket":166,"Fusion Hammer":664,"Kunai":239,"Pear":149,"Blue Candle":209,"Pen Nib":149,"Guardian:PocketSentry":149,"Akabeko":100,"SlaversCollar":44,"Bird Faced Urn":225,"MutagenicStrength":431,"StrikeDummy":648,"Unceasing Top":824,"Lantern":100,"Regal Pillow":423,"Singing Bowl":283,"StoneCalendar":136,"Bag of Preparation":149,"Ancient Tea Set":185,"Cursed Key":686,"Shovel":607,"Matryoshka":811,"Chemical X":136,"Potion Belt":120,"Lee\u0027s Waffle":48,"Golden Idol":464,"Damaru":149,"Circlet":631,"The Courier":85,"Omamori":149,"Frozen Egg 2":149,"bronze:BronzeIdol":77,"Ornamental Fan":206,"Orrery":283,"Turnip":219,"Art of War":196,"Bottled Lightning":27,"hexamod:BolsterEngine":113,"Toy Ornithopter":31,"Ice Cream":149,"Calipers":722,"Gremlin Horn":545,"CeramicFish":163,"Vajra":72,"Sozu":406,"Lizard Tail":444,"HornCleat":136,"DollysMirror":149,"Strawberry":150,"Prayer Wheel":264,"Philosopher\u0027s Stone":291,"VioletLotus":3,"Toxic Egg 2":8,"Girya":113,"Happy Flower":149,"Dead Branch":309,"Oddly Smooth Stone":343,"Letter Opener":74,"War Paint":100,"sneckomod:SneckoTalon":193,"Question Card":343,"Du-Vu Doll":27,"OrangePellets":225,"Bottled Flame":141,"Shuriken":343,"Bronze Scales":149,"Slimebound:PreparedRelic":100,"Nloth\u0027s Gift":264,"Meat on the Bone":8,"Pocketwatch":129,"Darkstone Periapt":631,"Enchiridion":512,"Mango":48,"Yang":507,"CloakClasp":3,"Juzu Bracelet":23,"Incense Burner":534,"TeardropLocket":0,"PrismaticShard":177,"ClockworkSouvenir":225,"Nunchaku":475,"Dream Catcher":510,"TheAbacus":149,"Slimebound:StickyStick":8,"Mummified Hand":70,"Pantograph":136,"Tiny Chest":743,"Red Mask":294,"Orichalcum":175,"Odd Mushroom":367,"Medical Kit":196,"Mercury Hourglass":175,"Calling Bell":791,"Strange Spoon":444,"Anchor":149,"HolyWater":593,"Coffee Dripper":92,"Bag of Marbles":149,"Membership Card":149,"PureWater":0,"FossilizedHelix":279}],"Unceasing Top":[0]},"card_choices":[{"not_picked":["Swivel","InnerPeace"],"picked":"Tantrum","floor":1},{"not_picked":["Consecrate","Protect"],"picked":"WheelKick","floor":4},{"not_picked":["ThirdEye","EmptyFist"],"picked":"EmptyBody","floor":7},{"not_picked":["Swivel","JustLucky"],"picked":"ClearTheMind","floor":8},{"not_picked":["DevaForm+1","PathToVictory"],"picked":"FlurryOfBlows","floor":10},{"not_picked":["Halt","CarveReality","CrushJoints"],"picked":"SKIP","floor":11},{"not_picked":["SashWhip","BowlingBash","JustLucky"],"picked":"SKIP","floor":12},{"not_picked":["Consecrate","CrushJoints"],"picked":"WaveOfTheHand","floor":13},{"not_picked":["JustLucky","WheelKick"],"picked":"Vault","floor":14},{"not_picked":["Devotion+1","ConjureBlade"],"picked":"DevaForm+1","floor":16},{"not_picked":["CutThroughFate","JustLucky+1"],"picked":"FlyingSleeves","floor":18},{"not_picked":["Wireheading+1","JustLucky"],"picked":"Wallop","floor":20},{"not_picked":["EmptyBody","WreathOfFlame"],"picked":"LikeWater+1","floor":22},{"not_picked":["JustLucky+1","Halt+1","Sanctity+1"],"picked":"SKIP","floor":25},{"not_picked":["Halt+1","FollowUp"],"picked":"EmptyMind+1","floor":27},{"not_picked":["BowlingBash","Vengeance+1"],"picked":"Wallop","floor":29},{"not_picked":["EmptyBody+1","LessonLearned"],"picked":"FlurryOfBlows","floor":30},{"not_picked":["BattleHymn+1","CutThroughFate"],"picked":"Adaptation+1","floor":31},{"not_picked":["DevaForm+1","Alpha+1"],"picked":"DeusExMachina+1","floor":33},{"not_picked":["PathToVictory+1","CutThroughFate"],"picked":"Adaptation+1","floor":35},{"not_picked":["FlurryOfBlows","Halt+1","Pray+1"],"picked":"SKIP","floor":36},{"not_picked":["WreathOfFlame+1","LikeWater+1"],"picked":"Fasting2+1","floor":38},{"not_picked":["ThirdEye+1","EmptyBody+1"],"picked":"Evaluate+1","floor":39},{"not_picked":["Perseverance+1","ReachHeaven","Wireheading+1"],"picked":"SKIP","floor":40},{"not_picked":["Alpha+1","Vengeance+1"],"picked":"Tantrum","floor":42},{"not_picked":["Evaluate+1","Prostrate+1"],"picked":"Fasting2+1","floor":44},{"not_picked":["FlurryOfBlows+1","CarveReality"],"picked":"Crescendo+1","floor":48},{"not_picked":["DeceiveReality+1","Protect+1","Sanctity+1"],"picked":"SKIP","floor":54}],"player_experience":261536,"relics_obtained":[{"floor":8,"key":"Mummified Hand"},{"floor":9,"key":"Frozen Egg 2"},{"floor":10,"key":"CeramicFish"},{"floor":12,"key":"Tiny Chest"},{"floor":14,"key":"Nunchaku"},{"floor":26,"key":"Shuriken"},{"floor":27,"key":"Yang"},{"floor":29,"key":"StrikeDummy"},{"floor":31,"key":"Darkstone Periapt"},{"floor":34,"key":"Omamori"},{"floor":34,"key":"CloakClasp"},{"floor":34,"key":"Ornamental Fan"},{"floor":40,"key":"Matryoshka"},{"floor":42,"key":"HornCleat"},{"floor":43,"key":"Juzu Bracelet"},{"floor":43,"key":"Bottled Flame"},{"floor":44,"key":"StoneCalendar"},{"floor":48,"key":"Unceasing Top"},{"floor":54,"key":"Vajra"}],"event_choices":[{"damage_healed":0,"gold_gain":175,"player_choice":"AGREE","damage_taken":0,"max_hp_gain":0,"max_hp_loss":0,"event_name":"Liars Game","floor":2,"gold_loss":0,"cards_obtained":["Doubt"]},{"damage_healed":0,"gold_gain":0,"player_choice":"Bought 1 Potion","damage_taken":0,"max_hp_gain":0,"max_hp_loss":0,"event_name":"The Woman in Blue","floor":3,"gold_loss":0},{"cards_removed":["Doubt"],"damage_healed":0,"gold_gain":0,"player_choice":"Card Removal","damage_taken":7,"max_hp_gain":0,"max_hp_loss":0,"event_name":"Golden Wing","floor":5,"gold_loss":0},{"damage_healed":0,"gold_gain":99,"player_choice":"Stole From Cult","damage_taken":0,"max_hp_gain":0,"max_hp_loss":0,"event_name":"Nest","floor":19,"gold_loss":0},{"damage_healed":0,"gold_gain":0,"player_choice":"Copied","damage_taken":0,"max_hp_gain":0,"max_hp_loss":0,"event_name":"Duplicator","floor":21,"gold_loss":0,"cards_obtained":["MentalFortress"]},{"damage_healed":0,"gold_gain":0,"player_choice":"Fight","damage_taken":0,"max_hp_gain":0,"max_hp_loss":0,"event_name":"Mysterious Sphere","floor":44,"gold_loss":0},{"damage_healed":90,"gold_gain":0,"player_choice":"Heal","damage_taken":0,"max_hp_gain":0,"max_hp_loss":13,"event_name":"The Moai Head","floor":46,"gold_loss":0}],"is_beta":false,"boss_relics":[{"not_picked":["Snecko Eye","Cursed Key"],"picked":"SlaversCollar"},{"not_picked":["Coffee Dripper","Tiny House"],"picked":"Calling Bell"}],"items_purged_floors":[0,0,0,6,45],"is_endless":false,"potions_floor_spawned":[7,10,11,12,13,18,22,29,33,35,38,39,40,48],"ascension_level":13}}