{"host":"o9lehcdjc4u6j9un","time":1612465734,"event":{"mods":["BaseMod","Colored Map","Hermit","Minty Spire (QoL Compilation)","StSLib"],"gold_per_floor":[111,127,52,65,75,104,104,139,139,154,166,180,180,180,180],"floor_reached":14,"language":"ZHS","playtime":876,"items_purged":["hermit:Strike_Hermit"],"score":104,"play_id":"17b5c0ff-5499-4c55-bc2b-d7edff310e2c","local_time":"20210205030854","is_ascension_mode":false,"campfire_choices":[{"floor":7,"key":"REST"}],"circlet_count":0,"master_deck":["hermit:Strike_Hermit","hermit:Strike_Hermit+1","hermit:Strike_Hermit+1","hermit:Defend_Hermit","hermit:Defend_Hermit","hermit:Defend_Hermit","hermit:Defend_Hermit","hermit:Snapshot","hermit:Covet","hermit:Feint","hermit:Misfire","hermit:Feint","hermit:CursedWeapon","hermit:SprayPray","hermit:CursedWeapon","hermit:HighCaliber","hermit:TrackingShot","Injury"],"relics":["hermit:Momento","Whetstone","Pantograph","hermit:Horseshoe","Golden Idol"],"acts_visited":["Exordium"],"potions_floor_usage":[6,6,8,14],"damage_taken":[{"damage":0,"enemies":"2 Louse","floor":1,"turns":2},{"damage":3,"enemies":"Small Slimes","floor":2,"turns":4},{"damage":0,"enemies":"Cultist","floor":4,"turns":3},{"damage":5,"enemies":"Lots of Slimes","floor":5,"turns":6},{"damage":30,"enemies":"Lagavulin","floor":6,"turns":4},{"damage":10,"enemies":"3 Sentries","floor":8,"turns":5},{"damage":5,"enemies":"Blue Slaver","floor":10,"turns":3},{"damage":5,"enemies":"Large Slime","floor":11,"turns":5},{"damage":9,"enemies":"Exordium Wildlife","floor":12,"turns":3},{"damage":39,"enemies":"Lagavulin","floor":14,"turns":3}],"seed_played":"3080200526316959855","potions_obtained":[{"floor":1,"key":"DuplicationPotion"},{"floor":2,"key":"ColorlessPotion"},{"floor":5,"key":"Strength Potion"},{"floor":11,"key":"Strength Potion"}],"is_trial":false,"path_per_floor":["M","M","$","M","M","E","R","E","T","M","M","M","?","E"],"character_chosen":"HERMIT","items_purchased":[],"campfire_rested":1,"item_purchase_floors":[],"current_hp_per_floor":[82,79,79,79,74,44,68,58,58,53,48,39,39,0,0],"gold":180,"neow_bonus":"TEN_PERCENT_HP_BONUS","is_daily":false,"chose_seed":false,"campfire_upgraded":0,"win_rate":0.0,"timestamp":1612465734,"path_taken":["M","M","$","M","M","E","R","E","T","M","M","M","?","E"],"items_purchased_type":[],"build_version":"2020-12-22","purchased_purges":1,"victory":false,"max_hp_per_floor":[82,82,82,82,82,82,82,82,82,82,82,82,82,82,82],"card_choices":[{"not_picked":["hermit:BigShot","hermit:Shortfuse"],"picked":"hermit:Feint","floor":1},{"not_picked":["hermit:Manifest","hermit:TakeAim"],"picked":"hermit:Misfire","floor":2},{"not_picked":["hermit:FullyLoaded","hermit:LuckOfTheDraw"],"picked":"hermit:Feint","floor":4},{"not_picked":["hermit:NoHoldsBarred","hermit:Horror"],"picked":"hermit:CursedWeapon","floor":5},{"not_picked":["hermit:Roulette","hermit:LuckOfTheDraw"],"picked":"hermit:SprayPray","floor":6},{"not_picked":["hermit:Roulette","hermit:HoleUp"],"picked":"hermit:CursedWeapon","floor":8},{"not_picked":["hermit:SprayPray","hermit:Maintenance"],"picked":"hermit:HighCaliber","floor":10},{"not_picked":["hermit:Desperado","hermit:PistolWhip"],"picked":"hermit:TrackingShot","floor":11},{"not_picked":["hermit:Coalescence","hermit:TrackingShot","hermit:Headshot"],"picked":"SKIP","floor":12}],"player_experience":102960,"relics_obtained":[{"floor":6,"key":"Whetstone"},{"floor":8,"key":"Pantograph"},{"floor":9,"key":"hermit:Horseshoe"}],"event_choices":[{"damage_healed":0,"gold_gain":0,"player_choice":"Take Wound","damage_taken":0,"relics_obtained":["Golden Idol"],"max_hp_gain":0,"max_hp_loss":0,"event_name":"Golden Idol","floor":13,"gold_loss":0,"cards_obtained":["Injury"]}],"is_beta":false,"boss_relics":[],"items_purged_floors":[3],"is_endless":false,"potions_floor_spawned":[1,2,5,11],"killed_by":"Lagavulin","ascension_level":0}}