{"host":"oeeu8njhzvf3llor","time":1612457977,"event":{"mods":["BaseMod","Better Match","Better Note","Better Skull","Better Third Choice","Colored Map","Hubris","Minty Spire (QoL Compilation)","Rare Cards Sparkle","Replay The Spire","Shop Mod","Spicy Shops","StSLib","Swap Starting Deck Mod"],"gold_per_floor":[109,123,138,138,156,182,207,241,264,264,46,57,84,95,95,198,198,210,210,210,228,228,228,247,276,299,299,310,322,356,369,369,468,468,479,416,431,431,431,431,110,110,133,133,216,216,236,267,267,267,267,267,91,120,120],"floor_reached":56,"language":"ENG","playtime":1547,"items_purged":["Stack","Stack"],"score":1411,"play_id":"7d516a10-af3e-49a3-a638-1ef9e2b024fb","local_time":"20210204115937","is_ascension_mode":true,"campfire_choices":[{"floor":10,"key":"REST"},{"floor":15,"key":"REST"},{"floor":23,"key":"REST"},{"floor":27,"key":"REST"},{"data":"Lockon","floor":32,"key":"SMITH"},{"data":"Electrodynamics","floor":40,"key":"SMITH"},{"data":"hubris:PowerSurge","floor":42,"key":"SMITH"},{"floor":44,"key":"RECALL"},{"floor":49,"key":"REST"},{"data":"Defragment","floor":52,"key":"SMITH"}],"circlet_count":0,"master_deck":["Ball Lightning","Ball Lightning","Ball Lightning","Ball Lightning","Thunder Strike","Stack","Stack","Zap","Auto Shields","Consume","Ball Lightning","Voices","Genetic Algorithm","Static Discharge","Conserve Battery","Storm","Static Discharge","Lockon+1","Defragment+1","FIFO Queue","Echo Form","Steam","Defragment+1","Ball Lightning","Electrodynamics+1","Defragment+1","FIFO Queue+1","Conserve Battery+1","hubris:PowerSurge+1","Ball Lightning","Storm","Self Repair"],"relics":["Cracked Core","swapstartingdeckmod:Bellows","Ring of Hypnosis","Replay:Rubber Ducky","Odd Mushroom","Oddly Smooth Stone","MerchantsRug","Blood Vial","Black Star","Orichalcum","Lantern","Nuclear Battery","hubris:Icosahedron","hubris:RGBLights","Mummified Hand","Carrot","Blue Doll","Bird Faced Urn","Solar Panel"],"acts_visited":["Exordium","TheCity","TheBeyond","TheEnding"],"potions_floor_usage":[6,6,8,13,16,25,50,55],"damage_taken":[{"damage":9,"enemies":"Jaw Worm","floor":1,"turns":2},{"damage":2,"enemies":"2 Louse","floor":2,"turns":2},{"damage":10,"enemies":"Small Slimes","floor":3,"turns":2},{"damage":0,"enemies":"Exordium Thugs","floor":5,"turns":3},{"damage":19,"enemies":"3 Sentries","floor":6,"turns":5},{"damage":14,"enemies":"The Mushroom Lair","floor":7,"turns":2},{"damage":10,"enemies":"Lagavulin","floor":8,"turns":4},{"damage":5,"enemies":"Red Slaver","floor":12,"turns":3},{"damage":0,"enemies":"Replay:BlueRogue","floor":13,"turns":5},{"damage":7,"enemies":"3 Louse","floor":14,"turns":2},{"damage":9,"enemies":"Slime Boss","floor":16,"turns":4},{"damage":27,"enemies":"2 Thieves","floor":18,"turns":4},{"damage":39,"enemies":"3 Byrds","floor":21,"turns":4},{"damage":3,"enemies":"Snake Plant","floor":24,"turns":4},{"damage":6,"enemies":"Gremlin Leader","floor":25,"turns":5},{"damage":10,"enemies":"3 Cultists","floor":28,"turns":5},{"damage":0,"enemies":"Shelled Parasite and Fungi","floor":29,"turns":4},{"damage":0,"enemies":"Replay:Snechameleon","floor":30,"turns":4},{"damage":9,"enemies":"Snake Plant","floor":31,"turns":4},{"damage":0,"enemies":"Champ","floor":33,"turns":7},{"damage":0,"enemies":"Orb Walker","floor":35,"turns":4},{"damage":18,"enemies":"3 Shapes","floor":37,"turns":4},{"damage":0,"enemies":"Maw","floor":47,"turns":4},{"damage":7,"enemies":"Reptomancer","floor":48,"turns":3},{"damage":13,"enemies":"Donu and Deca","floor":50,"turns":5},{"damage":19,"enemies":"Shield and Spear","floor":54,"turns":4},{"damage":50,"enemies":"The Heart","floor":55,"turns":6}],"seed_played":"7531241035602169540","potions_obtained":[{"floor":1,"key":"Dexterity Potion"},{"floor":3,"key":"Energy Potion"},{"floor":6,"key":"Energy Potion"},{"floor":8,"key":"Weak Potion"},{"floor":14,"key":"Weak Potion"},{"floor":21,"key":"Block Potion"},{"floor":24,"key":"AttackPotion"},{"floor":28,"key":"Doom Potion"},{"floor":33,"key":"Toxic Potion"},{"floor":37,"key":"Swift Potion"},{"floor":54,"key":"DistilledChaos"}],"is_trial":false,"path_per_floor":["M","M","M","?","M","E","?","E","T","R","$","M","E","M","R","B",null,"M","?","?","M","?","R","M","E","T","R","M","M","E","M","R","B",null,"M","$","M","?","?","R","$","R","T","R","?","?","M","E","R","B",null,"R","$","E","B",null],"character_chosen":"DEFECT","items_purchased":["Static Discharge","MerchantsRug","hubris:RGBLights","hubris:PowerSurge","Carrot","Blue Doll"],"campfire_rested":5,"item_purchase_floors":[11,11,41,41,53,53],"current_hp_per_floor":[66,64,54,54,54,35,21,11,11,33,33,28,28,23,45,38,75,48,48,48,11,11,33,32,28,28,50,42,44,46,39,39,41,75,75,75,57,57,57,57,57,57,57,57,48,48,50,45,66,62,71,71,71,66,58],"gold":120,"neow_bonus":"","is_daily":false,"chose_seed":false,"campfire_upgraded":4,"win_rate":0.0,"timestamp":1612457977,"path_taken":["M","M","M","?","M","E","?","E","T","R","$","M","E","M","R","BOSS","M","?","?","M","?","R","M","E","T","R","?","M","E","M","R","BOSS","M","$","M","?","?","R","$","R","T","R","?","?","?","E","R","BOSS","R","$","E","BOSS"],"items_purchased_type":["Card","Relic","Relic","Card","Relic","Relic"],"build_version":"2020-12-22","purchased_purges":2,"victory":true,"max_hp_per_floor":[75,75,75,75,75,75,75,75,75,75,75,75,75,75,75,75,75,75,75,75,75,75,75,75,75,75,75,75,75,75,75,75,75,75,75,75,75,75,75,75,75,75,75,75,75,71,71,71,71,71,71,71,71,71,71],"card_choices":[{"not_picked":["Leap","Sweeping Beam"],"picked":"Auto Shields","floor":1},{"not_picked":["Steam","Coolheaded"],"picked":"Consume","floor":2},{"not_picked":["BootSequence","Barrage"],"picked":"Ball Lightning","floor":3},{"not_picked":["Recycle","Coolheaded"],"picked":"Genetic Algorithm","floor":5},{"not_picked":["Buffer","Leap"],"picked":"Static Discharge","floor":6},{"not_picked":["Go for the Eyes","Beam Cell"],"picked":"Conserve Battery","floor":7},{"not_picked":["Go for the Eyes","Conserve Battery"],"picked":"Storm","floor":8},{"not_picked":["Sunder","Compile Driver"],"picked":"Lockon","floor":12},{"not_picked":["Machine Learning","BasicCrystalCard"],"picked":"Defragment","floor":13},{"not_picked":["Conserve Battery","BasicCrystalCard"],"picked":"FIFO Queue","floor":14},{"not_picked":["Reboot","Machine Learning"],"picked":"Echo Form","floor":16},{"not_picked":["Coolheaded","Steam","Redo"],"picked":"SKIP","floor":18},{"not_picked":["Coolheaded","Redo"],"picked":"Steam","floor":18},{"not_picked":["Steam Power","Sweeping Beam","Fission"],"picked":"SKIP","floor":21},{"not_picked":["Force Field","ReplayGash","Hello World"],"picked":"SKIP","floor":24},{"not_picked":["Crystallizer","Conserve Battery+1","Turbo"],"picked":"SKIP","floor":25},{"not_picked":["Go for the Eyes","Panic Button","Steam"],"picked":"SKIP","floor":28},{"not_picked":["Coolheaded","Go for the Eyes+1","Beam Cell"],"picked":"SKIP","floor":29},{"not_picked":["Beam Cell","Compile Driver","Streamline"],"picked":"SKIP","floor":30},{"not_picked":["Compile Driver","Rebound"],"picked":"Ball Lightning","floor":31},{"not_picked":["Panic Button","Sweeping Beam","ReplayRNGCard"],"picked":"SKIP","floor":31},{"not_picked":["ReplayTheSpireMod:Fabricate Wheel","Amplify"],"picked":"Electrodynamics","floor":33},{"not_picked":["Sweeping Beam+1","Barrage+1"],"picked":"Defragment","floor":35},{"not_picked":["Hello World+1","Genetic Algorithm"],"picked":"FIFO Queue+1","floor":35},{"not_picked":["Rebound+1","Turbo"],"picked":"Conserve Battery+1","floor":37},{"not_picked":["Go for the Eyes+1","Stack"],"picked":"Ball Lightning","floor":45},{"not_picked":["ReplayGash","BasicCrystalCard+1"],"picked":"Storm","floor":45},{"not_picked":["Tempest+1","Heatsinks"],"picked":"Self Repair","floor":47},{"not_picked":["Beam Cell","ReplayTheSpireMod:Fabricate Wheel","Blizzard+1"],"picked":"SKIP","floor":48},{"not_picked":["Gash+1","Sweeping Beam","Undo"],"picked":"SKIP","floor":54}],"player_experience":511099,"relics_obtained":[{"floor":4,"key":"Ring of Hypnosis"},{"floor":6,"key":"Replay:Rubber Ducky"},{"floor":7,"key":"Odd Mushroom"},{"floor":8,"key":"Oddly Smooth Stone"},{"floor":9,"key":"hubris:SlimyHat"},{"floor":13,"key":"Blood Vial"},{"floor":25,"key":"Orichalcum"},{"floor":25,"key":"Lantern"},{"floor":26,"key":"hubris:TenFootPole"},{"floor":30,"key":"Potion Belt"},{"floor":30,"key":"Prayer Wheel"},{"floor":45,"key":"Dream Catcher"},{"floor":48,"key":"Centennial Puzzle"},{"floor":48,"key":"Mummified Hand"},{"floor":54,"key":"Bird Faced Urn"},{"floor":54,"key":"Solar Panel"}],"event_choices":[{"damage_healed":0,"gold_gain":0,"player_choice":"Fought Mushrooms","damage_taken":0,"max_hp_gain":0,"max_hp_loss":0,"event_name":"Mushrooms","floor":7,"gold_loss":0},{"damage_healed":0,"gold_gain":0,"player_choice":"Upgraded","damage_taken":0,"max_hp_gain":0,"max_hp_loss":0,"event_name":"Upgrade Shrine","floor":19,"gold_loss":0,"cards_upgraded":["Defragment"]},{"damage_healed":0,"gold_gain":0,"player_choice":"Bought 0 Potions","damage_taken":0,"max_hp_gain":0,"max_hp_loss":0,"event_name":"The Woman in Blue","floor":20,"gold_loss":0},{"damage_healed":0,"gold_gain":0,"player_choice":"Copied","damage_taken":0,"max_hp_gain":0,"max_hp_loss":0,"event_name":"Duplicator","floor":22,"gold_loss":0,"cards_obtained":["Defragment"]},{"damage_healed":0,"gold_gain":0,"player_choice":"Ignored","damage_taken":0,"max_hp_gain":0,"max_hp_loss":0,"event_name":"Tomb of Lord Red Mask","floor":38,"gold_loss":0},{"damage_healed":0,"gold_gain":0,"player_choice":"Max HP","damage_taken":0,"max_hp_gain":0,"max_hp_loss":4,"event_name":"Winding Halls","floor":46,"gold_loss":0}],"is_beta":false,"boss_relics":[{"not_picked":["hubris:Stopwatch","hubris:CrackedHourglass"],"picked":"Black Star"},{"not_picked":["Pandora\u0027s Box","ChewingGum"],"picked":"Nuclear Battery"}],"items_purged_floors":[36,36],"is_endless":false,"potions_floor_spawned":[1,3,6,8,14,21,24,28,33,37,54],"ascension_level":1}}