{"host":"6drv1qzpbnls60z2","time":1612458919,"event":{"mods":["ATMod(°¢èªMod)","Act Like it!","Arknights","BaseMod","Hallownest","Jedi Mod","Minty Spire (QoL Compilation)","Reliquary","Replay The Spire","Shop Mod","Spicy Shops","StSLib","Uncapped","¡¾ÒÅÎï¿¨ÅÆ¡¿REMEMod","óô»ðÖ¸ÄÏ"],"gold_per_floor":[117,134,149,149,11,46,46,46,46,75,102,24,52,52,52,128,128,145,157,168,78,95,128,156,156,179,99,124,124,154,181,1,80,80,91,0,0,0,13,13,45,73,73,101,136,148,148,148,148,221,375,375,388,29,46,108,124,124,124,150,150,180,214,214,150,165,165,240,240,252,252,31,41,41,74,99,99,133,33,64,76,108,69,69,146,146,158,35,48,68,22,22,73,73,100,100,100,100,127,161,17,91,91,91],"floor_reached":103,"language":"ZHS","playtime":8563,"items_purged":["Looming Evil","Hallucinations","ats:Hammer On"],"score":5545,"play_id":"27c64a33-3fe7-404c-b667-f11a6f93ed74","local_time":"20210205011519","daily_mods":["SealedDeck","Flight"],"is_ascension_mode":true,"campfire_choices":[{"data":"AT_RealColorLess","floor":7,"key":"SMITH"},{"data":"ats:Phantom","floor":8,"key":"SMITH"},{"data":"1","floor":15,"key":"LIFT"},{"data":"ats:Ambush","floor":25,"key":"SMITH"},{"data":"2","floor":29,"key":"LIFT"},{"data":"ats:Healing Strengthening","floor":40,"key":"SMITH"},{"data":"3","floor":47,"key":"LIFT"},{"floor":49,"key":"DIG"},{"data":"ats:Song Of Battle","floor":58,"key":"PURGE"},{"floor":64,"key":"DIG"},{"data":"ats:Composite Medical Shells","floor":77,"key":"SMITH"},{"data":"ats:Rapid Magazine","floor":84,"key":"SMITH"},{"floor":92,"key":"DIG"},{"floor":94,"key":"DIG"},{"data":"AT_FamilyPortrait","floor":96,"key":"SMITH"},{"data":"ats:Soul Absorption","floor":98,"key":"SMITH"}],"circlet_count":0,"master_deck":["AscendersBane","AT_RealColorLess+1","ats:Ambush+1","ats:Closed Bolt Burst Fire","ats:Apocalypse","ats:Chain Hook","ats:Sashimi Platter","ats:Phantom+1","ats:Healing Drone","ats:Shell Defense","ats:Shell Defense","ats:Charging Defense","ats:Poison Spread","ats:Defend Order","ats:Explosion Area Strengthen","ats:Steam Pump+1","ats:Wolf Pack","ats:Consecutive Shot Auto+1","ats:Rat Pack+1","ats:Assault Order+1","ats:Sashimi Platter","ats:Neurotoxin","ats:Nebulous Foxfire+1","ats:Closed Bolt Burst Fire","ats:Apocalypse","ats:Healing Strengthening+1","ats:Poison Spread","ats:Hook Shot","ats:Sashimi Platter","ats:Magnetic Hammer","ats:Overload","ats:Counter Healing Mode","ats:Echo Reverb+1","ats:Neurotoxin","ats:Durian","ats:Charging Defense","ats:Assault Order","ats:Hook Shot","ats:Shadow Raid","ats:Disruption Kick","ats:Thorns","ats:Song Of Battle","ats:Hook Shot","ats:Soul Absorption+1","ats:Rapid Magazine+1","ats:Disruption Kick","ats:Wolf Pack","ats:Composite Medical Shells+1","ats:Spore Proliferation","ats:Collapsing Strike","Anger+1","ats:Serious Mode","Blade Dance","Inflame","ats:Sashimi Platter","AT_FamilyPortrait+1","ats:Hammer On","AT_Desolate+1"],"relics":["ats:Sanity","AT_ATBox","REME_ComplimentaryCards","ats:Originium","Pocketwatch","White Beast Statue","Girya","Happy Flower","ats:Tactical Delivery","reliquary:WeakTea","AT_EbonyIvory","reliquary:TuningFork","AT_ArcaneBoots","jedi:kaleidoscope","Red Mask","Ring of Misfortune","AT_Kusabimaru","ats:Ability Aura","reliquary:TridentHead","Pen Nib","AT_ChloranthyRing","Replay:Multitool","MerchantsRug","REME_HandOfSuture","Orichalcum","reliquary:OuijaBoard","Bag of Marbles","PrismaticShard","Membership Card","Durian","AT_SunfireAegis","War Paint","ats:Remnant Ash","Turnip","Medical Kit"],"acts_visited":["Exordium","TheCity","TheBeyond","Exordium","TheCity","TheBeyond"],"potions_floor_usage":[11,16,19,20,22,23,24,31,31,33,41,42,45,46,50,50,50,50,51,55,55,63,68,70,73,75,80,82,82,87,95,102,103],"damage_taken":[{"damage":0,"enemies":"2 Louse","floor":1,"turns":3},{"damage":0,"enemies":"Cultist","floor":2,"turns":4},{"damage":10,"enemies":"Small Slimes","floor":3,"turns":3},{"damage":4,"enemies":"Replay:BlueRogue","floor":6,"turns":5},{"damage":14,"enemies":"3 Sentries","floor":10,"turns":6},{"damage":29,"enemies":"Gremlin Nob","floor":11,"turns":4},{"damage":0,"enemies":"Lagavulin","floor":13,"turns":6},{"damage":12,"enemies":"Slime Boss","floor":16,"turns":8},{"damage":7,"enemies":"Spheric Guardian","floor":18,"turns":5},{"damage":0,"enemies":"Chosen","floor":19,"turns":5},{"damage":0,"enemies":"3 Cultists","floor":20,"turns":5},{"damage":10,"enemies":"Centurion and Healer","floor":22,"turns":5},{"damage":26,"enemies":"REME_1_Revenger","floor":23,"turns":7},{"damage":15,"enemies":"Slavers","floor":24,"turns":5},{"damage":0,"enemies":"Gremlin Leader","floor":28,"turns":8},{"damage":1,"enemies":"Slavers","floor":30,"turns":4},{"damage":18,"enemies":"Replay:Snechameleon","floor":31,"turns":4},{"damage":12,"enemies":"Collector","floor":33,"turns":8},{"damage":27,"enemies":"3 Darklings","floor":35,"turns":4},{"damage":19,"enemies":"3 Shapes","floor":39,"turns":4},{"damage":3,"enemies":"Reptomancer","floor":41,"turns":5},{"damage":25,"enemies":"Giant Head","floor":42,"turns":5},{"damage":0,"enemies":"Reptomancer","floor":44,"turns":3},{"damage":3,"enemies":"R_Hoarder","floor":45,"turns":6},{"damage":0,"enemies":"Sphere and 2 Shapes","floor":46,"turns":2},{"damage":34,"enemies":"Replay:Hell Engine","floor":50,"turns":6},{"damage":44,"enemies":"Time Eater","floor":51,"turns":7},{"damage":0,"enemies":"2 Louse","floor":53,"turns":1},{"damage":0,"enemies":"Small Slimes","floor":55,"turns":1},{"damage":23,"enemies":"3 Sentries","floor":56,"turns":5},{"damage":0,"enemies":"Cultist","floor":57,"turns":2},{"damage":0,"enemies":"3 Sentries","floor":60,"turns":2},{"damage":10,"enemies":"Gremlin Nob","floor":62,"turns":3},{"damage":14,"enemies":"3 Sentries","floor":63,"turns":3},{"damage":28,"enemies":"Large Slime","floor":66,"turns":5},{"damage":2,"enemies":"Fading Forest","floor":68,"turns":13},{"damage":0,"enemies":"Shell Parasite","floor":70,"turns":3},{"damage":0,"enemies":"3 Byrds","floor":73,"turns":4},{"damage":66,"enemies":"Gremlin Leader","floor":75,"turns":7},{"damage":47,"enemies":"Book of Stabbing","floor":76,"turns":4},{"damage":0,"enemies":"REME_1_Revenger","floor":78,"turns":5},{"damage":58,"enemies":"Book of Stabbing","floor":80,"turns":5},{"damage":28,"enemies":"Snecko","floor":81,"turns":4},{"damage":0,"enemies":"Slavers","floor":82,"turns":1},{"damage":66,"enemies":"Champ","floor":85,"turns":8},{"damage":16,"enemies":"3 Shapes","floor":87,"turns":2},{"damage":49,"enemies":"3 Darklings","floor":89,"turns":6},{"damage":7,"enemies":"4 Shapes","floor":90,"turns":1},{"damage":55,"enemies":"2 Orb Walkers","floor":93,"turns":4},{"damage":13,"enemies":"Giant Head","floor":95,"turns":5},{"damage":81,"enemies":"R_Hoarder","floor":99,"turns":7},{"damage":39,"enemies":"Giant Head","floor":100,"turns":6},{"damage":10099,"enemies":"Time Eater","floor":102,"turns":8},{"damage":125,"enemies":"Donu and Deca","floor":103,"turns":3}],"seed_played":"8450131542585078119","potions_obtained":[{"floor":3,"key":"Elixir"},{"floor":10,"key":"Milkshake"},{"floor":11,"key":"Fire Potion"},{"floor":16,"key":"SkillPotion"},{"floor":18,"key":"LiquidMemories"},{"floor":19,"key":"EssenceOfSteel"},{"floor":20,"key":"ats:Top Emergency Sanity Potion"},{"floor":22,"key":"Dexterity Potion"},{"floor":23,"key":"jedi:wingpotion"},{"floor":24,"key":"Dexterity Potion"},{"floor":28,"key":"Dexterity Potion"},{"floor":30,"key":"Fire Potion"},{"floor":31,"key":"ColorlessPotion"},{"floor":33,"key":"Venom Potion"},{"floor":35,"key":"Explosive Potion"},{"floor":41,"key":"Swift Potion"},{"floor":42,"key":"Block Potion"},{"floor":44,"key":"EntropicBrew"},{"floor":45,"key":"SteroidPotion"},{"floor":46,"key":"Death Potion"},{"floor":50,"key":"Regen Potion"},{"floor":51,"key":"ColorlessPotion"},{"floor":53,"key":"Regen Potion"},{"floor":55,"key":"REME_GoldPotion"},{"floor":56,"key":"Adrenaline Potion"},{"floor":60,"key":"Adrenaline Potion"},{"floor":66,"key":"Dexterity Potion"},{"floor":68,"key":"CultistPotion"},{"floor":70,"key":"SmokeBomb"},{"floor":73,"key":"REME_GoldPotion"},{"floor":75,"key":"Toxic Potion"},{"floor":76,"key":"FairyPotion"},{"floor":78,"key":"SkillPotion"},{"floor":80,"key":"REME_GoldPotion"},{"floor":81,"key":"Ancient Potion"},{"floor":82,"key":"REME_GoldPotion"},{"floor":85,"key":"AttackPotion"},{"floor":87,"key":"Venom Potion"},{"floor":89,"key":"Flashbang"},{"floor":93,"key":"CultistPotion"},{"floor":95,"key":"Elixir"},{"floor":102,"key":"LiquidBronze"}],"is_trial":true,"path_per_floor":["M","M","M","?","$","E","R","R","T","E","E","$","E","?","R","B",null,"M","M","M","$","M","E","E","R","T","?","E","R","E","E","R","B",null,"M","?","?","$","M","R","E","E","T","E","E","M","R","?","R","B","B",null,"M","$","M","?","M","R","?","E","T","E","E","R","$","M","R","B",null,"M","?","$","M","?","E","E","R","E","$","E","M","E","$","R","B",null,"M","$","M","M","$","R","?","R","E","R","?","R","E","E","R","B","B"],"character_chosen":"DOCTOR_CLASS","items_purchased":["ats:Steam Pump+1","ats:Assault Order","ats:Healing Strengthening","ats:Overload","ats:Counter Healing Mode","MerchantsRug","ats:Song Of Battle","ats:Hook Shot","ats:Spore Proliferation","PrismaticShard","Membership Card","ats:Serious Mode","ats:Sashimi Platter","Durian","ats:Hammer On","AT_SunfireAegis","Medical Kit"],"campfire_rested":0,"item_purchase_floors":[5,12,21,32,32,54,54,54,72,72,79,79,83,88,88,91,101],"current_hp_per_floor":[72,72,72,72,72,72,72,72,72,72,49,49,72,72,72,67,71,68,72,72,72,72,66,72,72,72,72,72,72,72,62,62,72,72,65,65,65,65,53,53,72,72,72,72,72,72,72,72,72,58,72,72,72,72,72,72,72,72,77,77,77,77,63,63,63,61,61,77,77,77,77,77,77,77,77,57,57,77,77,77,67,67,67,67,77,77,61,66,82,82,82,82,65,65,82,82,82,82,82,82,82,82,0,0],"gold":91,"neow_bonus":"","is_daily":false,"chose_seed":false,"campfire_upgraded":8,"win_rate":0.0,"timestamp":1612458919,"path_taken":["M","M","M","?","$","E","R","R","T","E","E","$","E","?","R","BOSS","M","?","M","$","M","E","E","R","T","?","E","R","E","E","R","BOSS","M","?","?","$","M","R","E","E","T","E","E","M","R","?","R","BOSS","BOSS","M","$","?","?","M","R","?","E","T","E","E","R","$","M","R","BOSS","M","?","$","M","?","E","E","R","E","$","E","?","E","$","R","BOSS","M","$","M","M","$","R","?","R","E","R","?","R","E","E","R","BOSS","BOSS"],"items_purchased_type":["Card","Card","Card","Card","Card","Relic","Card","Card","Card","Relic","Relic","Card","Card","Relic","Card","Relic","Relic"],"build_version":"2020-12-22","purchased_purges":3,"victory":false,"max_hp_per_floor":[72,72,72,72,72,72,72,72,72,72,72,72,72,72,72,72,72,72,72,72,72,72,72,72,72,72,72,72,72,72,72,72,72,72,72,72,72,72,72,72,72,72,72,72,72,72,72,72,72,72,72,72,72,72,72,72,72,72,77,77,77,77,77,77,77,77,77,77,77,77,77,77,77,77,77,77,77,77,77,77,77,77,77,77,77,77,77,82,82,82,82,82,82,82,82,82,82,82,82,82,82,82,82,82],"card_choices":[{"not_picked":["ats:Cat Scratch","ats:Leaping Hammer"],"picked":"ats:Hook Shot","floor":1},{"not_picked":["ats:Leaping Hammer","ats:Thorns"],"picked":"ats:Defend Order","floor":2},{"not_picked":["ats:Thermite Blade","ats:Cat Scratch"],"picked":"ats:Explosion Area Strengthen","floor":3},{"not_picked":["ats:Counter Healing Mode","ats:Defend Order"],"picked":"ats:Wolf Pack","floor":6},{"not_picked":["ats:Powerful Strike","ats:Red Shift"],"picked":"ats:Consecutive Shot Auto","floor":10},{"not_picked":["ats:Powerful Strike","ats:Burning Ground"],"picked":"ats:Rat Pack","floor":11},{"not_picked":["ats:Cat Scratch","ats:Guardian Obelisk"],"picked":"ats:Sashimi Platter","floor":13},{"not_picked":["ats:Ambush","ats:Fractured Body"],"picked":"ats:Nebulous Foxfire","floor":16},{"not_picked":["ats:Support Order","ats:Ignite+1"],"picked":"ats:Closed Bolt Burst Fire","floor":18},{"not_picked":["ats:Very Hot Blade","ats:Flexible Camouflage"],"picked":"ats:Apocalypse","floor":19},{"not_picked":["ats:Absolute Focus","ats:Sword Rain"],"picked":"ats:Song Of Battle","floor":20},{"not_picked":["ats:Dogmatic Field","ats:Guard Mode+1"],"picked":"ats:Poison Spread","floor":22},{"not_picked":["ats:Apocalypse","ats:Thermite Blade","ats:Flexible Camouflage+1"],"picked":"SKIP","floor":23},{"not_picked":["ats:Ignite","ats:Phantom","ats:Very Hot Blade+1"],"picked":"SKIP","floor":24},{"not_picked":["ats:Rat Pack","ats:Soul Absorption"],"picked":"ats:Hook Shot","floor":28},{"not_picked":["ats:Apocalypse+1","ats:Powerful Strike"],"picked":"ats:Sashimi Platter","floor":30},{"not_picked":["ats:Hook Shot","ats:Powerful Strike"],"picked":"ats:Magnetic Hammer","floor":31},{"not_picked":["ats:Shadow Assault","ats:Nebulous Foxfire"],"picked":"ats:Echo Reverb","floor":33},{"not_picked":["ats:Closed Bolt Burst Fire","ats:Ignite"],"picked":"ats:Neurotoxin","floor":35},{"not_picked":["ats:Magnetic Hammer+1","ats:Thorns+1"],"picked":"ats:Durian","floor":39},{"not_picked":["ats:Hammer On","ats:LN2 Cannon"],"picked":"ats:Charging Defense","floor":41},{"not_picked":["ats:Thorns","ats:Hammer On+1"],"picked":"ats:Assault Order","floor":42},{"not_picked":["ats:Leaping Hammer+1","ats:Thorns"],"picked":"ats:Hook Shot","floor":44},{"not_picked":["ats:Assault Order","ats:Rat Pack"],"picked":"ats:Shadow Raid","floor":45},{"not_picked":["ats:Powerful Strike","ats:Hammer On","ats:Apocalypse"],"picked":"SKIP","floor":46},{"not_picked":["ats:Soul Rend","ats:Roar Of Ursus"],"picked":"ats:Disruption Kick","floor":50},{"not_picked":["ats:Automatic Cover","ats:Revitalization"],"picked":"ats:Thorns","floor":53},{"not_picked":["ats:Curse Doll","ats:Powerful Strike","ats:Beaten Up"],"picked":"SKIP","floor":55},{"not_picked":["ats:Thermite Blade","ats:Automatic Cover"],"picked":"ats:Soul Absorption","floor":56},{"not_picked":["ats:Song Of Battle","ats:Powerful Strike","ats:Leaping Hammer","ats:Guard Mode","ats:LN2 Cannon"],"picked":"SKIP","floor":57},{"not_picked":["ats:Ignite","ats:Cat Scratch"],"picked":"ats:Rapid Magazine","floor":60},{"not_picked":["ats:Poison Spread","ats:Demon Strength","ats:Closed Bolt Burst Fire"],"picked":"SKIP","floor":62},{"not_picked":["ats:Consecutive Shot Auto","ats:Rapid Magazine"],"picked":"ats:Disruption Kick","floor":63},{"not_picked":["ats:Consecutive Shot Auto","ats:Blood Oath","ats:Poison Spread"],"picked":"SKIP","floor":66},{"not_picked":["ats:Dogmatic Field","ats:Calcification"],"picked":"ats:Wolf Pack","floor":68},{"not_picked":["ats:Directed Diagnosis","ats:Healing Drone"],"picked":"ats:Composite Medical Shells","floor":70},{"not_picked":["Consume","Sweeping Beam+1","Shrug It Off"],"picked":"SKIP","floor":73},{"not_picked":["Sneak Up","jedi:LeechingStrike"],"picked":"ats:Collapsing Strike","floor":75},{"not_picked":["jedi:blockon","jedi:acidrain"],"picked":"Anger+1","floor":76},{"not_picked":["REME_SingleHolding","ats:Neurotoxin","Pray"],"picked":"SKIP","floor":78},{"not_picked":["ats:Ignite","Replay:Sssssssssstrike","PiercingWail"],"picked":"SKIP","floor":80},{"not_picked":["ats:Shell Defense","Dagger Spray"],"picked":"Blade Dance","floor":81},{"not_picked":["Clothesline+1","Flying Knee"],"picked":"Inflame","floor":82},{"not_picked":["Master of Strategy","Seek"],"picked":"AT_FamilyPortrait","floor":85},{"not_picked":["BowlingBash","Headbutt","Go for the Eyes"],"picked":"SKIP","floor":87},{"not_picked":["Shrug It Off+1","EmptyMind","jedi:suffering"],"picked":"SKIP","floor":89},{"not_picked":["Entrench","Clash"],"picked":"AT_Desolate+1","floor":90},{"not_picked":["jedi:BurstFrost","AT_DivineConfetti","CutThroughFate"],"picked":"SKIP","floor":95},{"not_picked":["Inflame","AT_WaterDrop","Compile Driver"],"picked":"SKIP","floor":99},{"not_picked":["EmptyMind","Prepared","jedi:pocketpoison"],"picked":"SKIP","floor":100}],"player_experience":170590,"relics_obtained":[{"floor":6,"key":"ats:Originium"},{"floor":6,"key":"Pocketwatch"},{"floor":9,"key":"Replay:Bottled Steam"},{"floor":10,"key":"ats:Originium"},{"floor":10,"key":"White Beast Statue"},{"floor":11,"key":"ats:Originium"},{"floor":11,"key":"Girya"},{"floor":13,"key":"ats:Originium"},{"floor":13,"key":"Happy Flower"},{"floor":23,"key":"ats:Emergency Defibrillator"},{"floor":24,"key":"reliquary:WeakTea"},{"floor":26,"key":"AT_EbonyIvory"},{"floor":28,"key":"reliquary:Buckler"},{"floor":30,"key":"AT_SpeedBoots"},{"floor":31,"key":"jedi:kaleidoscope"},{"floor":37,"key":"Ring of Misfortune"},{"floor":41,"key":"AT_Kusabimaru"},{"floor":42,"key":"ats:Ability Aura"},{"floor":43,"key":"reliquary:TridentHead"},{"floor":44,"key":"Pen Nib"},{"floor":45,"key":"AT_ChloranthyRing"},{"floor":49,"key":"Replay:Multitool"},{"floor":56,"key":"REME_HandOfSuture"},{"floor":61,"key":"Orichalcum"},{"floor":64,"key":"reliquary:OuijaBoard"},{"floor":92,"key":"War Paint"},{"floor":93,"key":"ats:Remnant Ash"},{"floor":94,"key":"Turnip"}],"event_choices":[{"damage_healed":0,"gold_gain":0,"player_choice":"1 cards matched","damage_taken":0,"max_hp_gain":0,"max_hp_loss":0,"event_name":"Match and Keep!","floor":14,"gold_loss":0,"cards_obtained":["ats:Neurotoxin"]},{"damage_healed":0,"gold_gain":0,"player_choice":"Paid","damage_taken":0,"relics_obtained":["Red Mask"],"max_hp_gain":0,"max_hp_loss":0,"event_name":"Tomb of Lord Red Mask","floor":36,"gold_loss":91},{"damage_healed":0,"gold_gain":0,"player_choice":"Forge","damage_taken":0,"max_hp_gain":0,"max_hp_loss":0,"event_name":"Accursed Blacksmith","floor":48,"gold_loss":0,"cards_upgraded":["ats:Assault Order"]},{"damage_healed":0,"gold_gain":0,"player_choice":"Searched \u00271\u0027 times","damage_taken":0,"max_hp_gain":0,"max_hp_loss":0,"event_name":"Dead Adventurer","floor":56,"gold_loss":0},{"damage_healed":0,"gold_gain":0,"player_choice":"Donut","damage_taken":0,"max_hp_gain":5,"max_hp_loss":0,"event_name":"Big Fish","floor":59,"gold_loss":0},{"damage_healed":0,"gold_gain":0,"player_choice":"Opened","damage_taken":0,"relics_obtained":["Bag of Marbles"],"max_hp_gain":0,"max_hp_loss":0,"event_name":"The Mausoleum","floor":71,"gold_loss":0,"cards_obtained":["Writhe"]},{"cards_removed":["Writhe"],"damage_healed":0,"gold_gain":0,"player_choice":"Purged","damage_taken":0,"max_hp_gain":0,"max_hp_loss":0,"event_name":"Purifier","floor":74,"gold_loss":0},{"damage_healed":0,"gold_gain":0,"player_choice":"Fight","damage_taken":0,"max_hp_gain":0,"max_hp_loss":0,"event_name":"Mysterious Sphere","floor":93,"gold_loss":0},{"cards_removed":["ats:Hook Shot"],"damage_healed":0,"gold_gain":0,"player_choice":"Removed Skill","damage_taken":0,"max_hp_gain":0,"max_hp_loss":0,"event_name":"Falling","floor":97,"gold_loss":0}],"is_beta":false,"boss_relics":[{"not_picked":["Replay:Drink Me","REME_DemonsWealth"],"picked":"ats:Tactical Delivery"},{"not_picked":["Painkiller Herb","Abe\u0027s Treasure","SlaversCollar"]},{"not_picked":["jedi:paperlyon","Replay:Ancient Bell","Honey Jar"]},{"not_picked":["VoidEssence"],"picked":"MetallicRebirth"},{"not_picked":["VoidEssence"],"picked":"MetallicRebirth"}],"items_purged_floors":[5,65,101],"is_endless":true,"potions_floor_spawned":[3,10,11,13,16,18,19,20,22,23,24,28,30,31,33,35,39,41,42,44,45,46,50,51,53,55,56,57,60,62,63,66,68,70,73,75,76,78,80,81,82,85,87,89,90,93,95,99,100,102],"killed_by":"Donu and Deca","ascension_level":20}}