{"host":"f5gffvlv6a66yqkd","time":1612428965,"event":{"mods":["2.2 Compatiblity","BaseMod","Colored Map","Custom Start","DeckTracker","Keyboard Shortcuts","Minty Spire (QoL Compilation)","Permanent Neow","Quick Restart","Relic Stats","StSLib","SuperFastMode"],"gold_per_floor":[115,190,340,359,359,359,375,375,429,429,457,457,457,470,470,545,545,562,562,572,572,218,247,247,265,290,300,312,312,312,323,323,397,397,407,462,462,475,475,475,504,522,522,540,540,550,560,571,571,571,571,571,571,27,53,53],"floor_reached":57,"language":"KOR","playtime":2004,"items_purged":["Fasting2","Blasphemy"],"score":2858,"play_id":"c09afbd9-bd5f-414e-a7ce-0c26f24460cf","local_time":"20210204175605","is_ascension_mode":true,"campfire_choices":[{"data":"Eruption","floor":6.0,"key":"SMITH"},{"data":"Tantrum","floor":8.0,"key":"SMITH"},{"data":"Vault","floor":12.0,"key":"SMITH"},{"data":"MentalFortress","floor":15.0,"key":"SMITH"},{"data":"Enlightenment","floor":24.0,"key":"SMITH"},{"data":"Ragnarok","floor":29.0,"key":"SMITH"},{"data":"Scrawl","floor":32.0,"key":"SMITH"},{"data":"Ragnarok","floor":40.0,"key":"SMITH"},{"floor":45.0,"key":"RECALL"},{"data":"SpiritShield","floor":49.0,"key":"SMITH"},{"data":"CrushJoints","floor":53.0,"key":"SMITH"}],"circlet_count":0,"master_deck":["AscendersBane","Eruption+1","Vigilance+1","FlurryOfBlows","Tantrum+1","Vault+1","InnerPeace","MentalFortress+1","Ragnarok+1","Scrawl+1","SpiritShield+1","CrushJoints+1","Crescendo","DeusExMachina","Ragnarok+1","Enlightenment+1","Worship","Flash of Steel","Halt+1","Adaptation","Vault"],"relics":["PureWater","Orichalcum","Ornamental Fan","Pandora\u0027s Box","Bag of Marbles","Darkstone Periapt","Toy Ornithopter","Nilry\u0027s Codex","Runic Pyramid","CloakClasp","Bottled Lightning","Orrery","Happy Flower"],"acts_visited":["Exordium","TheCity","TheBeyond","TheEnding"],"potions_floor_usage":[56,56,56],"damage_taken":[{"damage":0.0,"enemies":"Cultist","floor":1.0,"turns":2.0},{"damage":2.0,"enemies":"Jaw Worm","floor":4.0,"turns":3.0},{"damage":0.0,"enemies":"2 Louse","floor":7.0,"turns":3.0},{"damage":0.0,"enemies":"Gremlin Nob","floor":11.0,"turns":3.0},{"damage":0.0,"enemies":"2 Fungi Beasts","floor":14.0,"turns":2.0},{"damage":4.0,"enemies":"Hexaghost","floor":16.0,"turns":9.0},{"damage":0.0,"enemies":"Spheric Guardian","floor":18.0,"turns":3.0},{"damage":0.0,"enemies":"Chosen","floor":20.0,"turns":3.0},{"damage":0.0,"enemies":"Book of Stabbing","floor":23.0,"turns":2.0},{"damage":18.0,"enemies":"Snake Plant","floor":25.0,"turns":2.0},{"damage":0.0,"enemies":"Snecko","floor":27.0,"turns":1.0},{"damage":2.0,"enemies":"3 Cultists","floor":28.0,"turns":4.0},{"damage":0.0,"enemies":"Centurion and Healer","floor":31.0,"turns":3.0},{"damage":8.0,"enemies":"Automaton","floor":33.0,"turns":6.0},{"damage":0.0,"enemies":"3 Darklings","floor":35.0,"turns":1.0},{"damage":17.0,"enemies":"2 Orb Walkers","floor":36.0,"turns":2.0},{"damage":0.0,"enemies":"Orb Walker","floor":38.0,"turns":4.0},{"damage":0.0,"enemies":"Giant Head","floor":41.0,"turns":2.0},{"damage":0.0,"enemies":"Maw","floor":42.0,"turns":2.0},{"damage":0.0,"enemies":"Spire Growth","floor":44.0,"turns":1.0},{"damage":0.0,"enemies":"Writhing Mass","floor":46.0,"turns":3.0},{"damage":0.0,"enemies":"Sphere and 2 Shapes","floor":47.0,"turns":3.0},{"damage":0.0,"enemies":"Maw","floor":48.0,"turns":2.0},{"damage":0.0,"enemies":"Awakened One","floor":50.0,"turns":9.0},{"damage":17.0,"enemies":"Time Eater","floor":51.0,"turns":4.0},{"damage":0.0,"enemies":"Shield and Spear","floor":55.0,"turns":4.0},{"damage":54,"enemies":"The Heart","floor":56,"turns":8}],"seed_played":"8219262543151567545","potions_obtained":[{"floor":1.0,"key":"Ancient Potion"},{"floor":11.0,"key":"FearPotion"},{"floor":33.0,"key":"AttackPotion"},{"floor":41.0,"key":"Dexterity Potion"}],"is_trial":false,"path_per_floor":["M","?","?","M","?","R","M","R","T","?","E","R","T","M","R","B",null,"M","?","M","?","$","E","R","M","T","M","M","R","?","M","R","B",null,"M","?","?","M","?","R","E","M","T","M","R","M","M","M","R","B","B",null,"R","$","E","B",null],"character_chosen":"WATCHER","items_purchased":["Bag of Marbles","Enlightenment","EntropicBrew","Vault","Orrery"],"campfire_rested":0,"item_purchase_floors":[22,22,54,54,54],"current_hp_per_floor":[61,50,50,48,41,41,41,41,41,21,21,21,21,21,21,17,55,55,55,55,55,55,55,55,37,37,37,35,35,14,14,14,6,53,58,41,41,41,31,31,31,31,31,31,31,31,31,31,31,31,19,56,56,56,56,17],"gold":53,"neow_bonus":"THREE_CARDS","is_daily":false,"chose_seed":false,"campfire_upgraded":10,"win_rate":0.0,"timestamp":1612428965,"path_taken":["M","?","?","M","?","R","M","R","T","?","E","R","?","M","R","BOSS","M","?","M","?","$","E","R","M","T","M","M","R","?","M","R","BOSS","M","?","?","M","?","R","E","M","T","M","R","M","M","M","R","BOSS","BOSS","R","$","E","BOSS"],"items_purchased_type":["Relic","Card","Potion","Card","Relic"],"build_version":"2020-12-22","purchased_purges":2,"victory":true,"max_hp_per_floor":[68,68,68,68,68,68,68,68,68,68,68,68,68,68,68,68,68,68,68,68,68,68,68,68,68,68,68,68,68,68,68,68,68,68,68,68,68,68,68,68,68,68,68,68,68,68,68,68,68,68,68,68,68,68,68,68],"relic_stats":{"Darkstone Periapt":0,"Happy Flower":[2],"counters":[27,91],"Ornamental Fan":[212],"Pandora\u0027s Box":["Scrawl","SpiritShield","SignatureMove","CrushJoints","Crescendo","DeusExMachina","Ragnarok","Fasting2"],"CloakClasp":[161],"Orichalcum":[90],"obtain_stats":[{"Darkstone Periapt":23,"Happy Flower":55,"Nilry\u0027s Codex":30,"CloakClasp":36,"Orichalcum":9,"Ornamental Fan":13,"Orrery":54,"Pandora\u0027s Box":17,"Bag of Marbles":22,"Bottled Lightning":41,"PureWater":0,"Toy Ornithopter":26,"Runic Pyramid":34},{"Darkstone Periapt":9,"Happy Flower":26,"Nilry\u0027s Codex":12,"CloakClasp":16,"Orichalcum":3,"Ornamental Fan":4,"Orrery":25,"Pandora\u0027s Box":6,"Bag of Marbles":8,"Bottled Lightning":18,"PureWater":0,"Toy Ornithopter":10,"Runic Pyramid":14},{"Darkstone Periapt":30,"Happy Flower":83,"Nilry\u0027s Codex":37,"CloakClasp":49,"Orichalcum":8,"Ornamental Fan":11,"Orrery":79,"Pandora\u0027s Box":22,"Bag of Marbles":28,"Bottled Lightning":55,"PureWater":0,"Toy Ornithopter":32,"Runic Pyramid":46}],"Toy Ornithopter":25},"card_choices":[{"not_picked":["JustLucky","ThirdEye"],"picked":"FlurryOfBlows","floor":0.0},{"not_picked":["Meditate","Vengeance"],"picked":"Consecrate","floor":1.0},{"not_picked":["FlurryOfBlows","Protect"],"picked":"Tantrum","floor":4.0},{"not_picked":["Pray","Meditate"],"picked":"Vault","floor":7.0},{"not_picked":["EmptyFist","JustLucky"],"picked":"InnerPeace","floor":11.0},{"not_picked":["FlurryOfBlows","EmptyFist"],"picked":"MentalFortress","floor":14.0},{"not_picked":["Judgement","Wish"],"picked":"Ragnarok","floor":16.0},{"not_picked":["Tantrum","Meditate","Crescendo"],"picked":"SKIP","floor":18.0},{"not_picked":["CutThroughFate","InnerPeace","Collect"],"picked":"SKIP","floor":20.0},{"not_picked":["PathToVictory","FlyingSleeves","Judgement"],"picked":"SKIP","floor":23.0},{"not_picked":["Consecrate","Fasting2","Swivel"],"picked":"SKIP","floor":25.0},{"not_picked":["PathToVictory","BattleHymn","FlurryOfBlows"],"picked":"SKIP","floor":27.0},{"not_picked":["Protect","JustLucky","ClearTheMind"],"picked":"SKIP","floor":28.0},{"not_picked":["ThirdEye","FlurryOfBlows","Prostrate"],"picked":"SKIP","floor":31.0},{"not_picked":["Brilliance","Scrawl"],"picked":"Blasphemy","floor":33.0},{"not_picked":["WreathOfFlame+1","ClearTheMind+1"],"picked":"Worship","floor":35.0},{"not_picked":["ThirdEye","Protect","BowlingBash"],"picked":"SKIP","floor":38.0},{"not_picked":["Secret Weapon","Mind Blast"],"picked":"Flash of Steel","floor":39.0},{"not_picked":["ForeignInfluence","Crescendo","EmptyBody"],"picked":"SKIP","floor":41.0},{"not_picked":["FlyingSleeves","Tantrum+1","CarveReality"],"picked":"SKIP","floor":42.0},{"not_picked":["Halt+1","Devotion","Tantrum"],"picked":"SKIP","floor":44.0},{"not_picked":["Devotion","Tantrum"],"picked":"Halt+1","floor":44.0},{"not_picked":["Halt","ClearTheMind"],"picked":"Adaptation","floor":46.0},{"not_picked":["Pray","CrushJoints","CutThroughFate"],"picked":"SKIP","floor":47.0},{"not_picked":["ForeignInfluence","Wireheading","FlyingSleeves"],"picked":"SKIP","floor":48.0},{"not_picked":["WaveOfTheHand","JustLucky+1","FlyingSleeves"],"picked":"SKIP","floor":55.0}],"player_experience":1635398,"relics_obtained":[{"floor":9.0,"key":"Orichalcum"},{"floor":13.0,"key":"Ornamental Fan"},{"floor":23.0,"key":"Darkstone Periapt"},{"floor":26.0,"key":"Toy Ornithopter"},{"floor":30.0,"key":"Nilry\u0027s Codex"},{"floor":36.0,"key":"CloakClasp"},{"floor":41.0,"key":"Bottled Lightning"},{"floor":55.0,"key":"Happy Flower"}],"event_choices":[{"damage_healed":0.0,"max_hp_gain":0.0,"max_hp_loss":0.0,"gold_gain":75.0,"event_name":"World of Goop","player_choice":"Gather Gold","floor":2.0,"gold_loss":0.0,"damage_taken":11.0},{"damage_healed":0.0,"max_hp_gain":0.0,"max_hp_loss":0.0,"gold_gain":150.0,"event_name":"Liars Game","player_choice":"AGREE","floor":3.0,"gold_loss":0.0,"damage_taken":0.0,"cards_obtained":["Doubt"]},{"cards_removed":["Doubt"],"damage_healed":0.0,"max_hp_gain":0.0,"max_hp_loss":0.0,"gold_gain":0.0,"event_name":"Golden Wing","player_choice":"Card Removal","floor":5.0,"gold_loss":0.0,"damage_taken":7.0},{"damage_healed":0.0,"max_hp_gain":0.0,"max_hp_loss":0.0,"gold_gain":0.0,"event_name":"Shining Light","player_choice":"Entered Light","floor":10.0,"gold_loss":0.0,"damage_taken":20.0,"cards_upgraded":["Strike_P","Vigilance"]},{"damage_healed":0.0,"max_hp_gain":0.0,"max_hp_loss":0.0,"gold_gain":0.0,"event_name":"Ghosts","player_choice":"Ignored","floor":19.0,"gold_loss":0.0,"damage_taken":0.0},{"cards_removed":["SignatureMove"],"damage_healed":0.0,"max_hp_gain":0.0,"max_hp_loss":0.0,"gold_gain":0.0,"event_name":"Back to Basics","player_choice":"Elegance","floor":21.0,"gold_loss":0.0,"damage_taken":0.0},{"damage_healed":0.0,"max_hp_gain":0.0,"max_hp_loss":0.0,"gold_gain":0.0,"event_name":"Cursed Tome","player_choice":"Obtained Book","floor":30.0,"gold_loss":0.0,"damage_taken":21.0},{"damage_healed":0.0,"max_hp_gain":0.0,"max_hp_loss":0.0,"gold_gain":0.0,"event_name":"Mysterious Sphere","player_choice":"Fight","floor":36.0,"gold_loss":0.0,"damage_taken":0.0},{"cards_removed":["Consecrate"],"damage_healed":0.0,"max_hp_gain":0.0,"max_hp_loss":0.0,"gold_gain":0.0,"event_name":"Falling","player_choice":"Removed Attack","floor":37.0,"gold_loss":0.0,"damage_taken":0.0},{"damage_healed":0.0,"max_hp_gain":0.0,"max_hp_loss":0.0,"gold_gain":0.0,"event_name":"SensoryStone","player_choice":"Memory 3","floor":39.0,"gold_loss":0.0,"damage_taken":10.0}],"is_beta":false,"boss_relics":[{"not_picked":["Runic Dome","VioletLotus"],"picked":"Pandora\u0027s Box"},{"not_picked":["Busted Crown","Fusion Hammer"],"picked":"Runic Pyramid"}],"items_purged_floors":[22,54],"is_endless":false,"potions_floor_spawned":[1,11,18,28,33,41,42,44],"ascension_level":20}}