{"host":"rkd2egloqduv8drx","time":1612445851,"event":{"mods":["ATMod(°¢èªMod)","Act Like it!","Arknights","BaseMod","CapriCore","Gensokyo","GungeonMod","Hermit","Jedi Mod","Koishi","Minty Spire (QoL Compilation)","Permanent Neow","Prisma Mod","Quick Restart","Rare Cards Sparkle","Robot Space Explorer","Spicy Shops","StSLib","The Administrix","The Bug Knight","The Immortal","WarShipGirlsR/Õ½½¢ÉÙÅ®R mod"],"gold_per_floor":[16,35,50,69,86,86,113,113,140,172,172,172,190,204,204,309,309,322,337,107,107,206,238,238,251,303,329,251,251,251,176,176,280,280,300,270,110,20,35,35,35,35,58,93,93,119,119,137,137,137,137,137,41,68,68],"floor_reached":56,"language":"ZHS","playtime":3220,"items_purged":["rmod:strick","Shame"],"score":1452,"play_id":"1ffa37f6-a42d-42ac-9ef5-ccb78435410a","local_time":"20210204213731","is_ascension_mode":true,"campfire_choices":[{"data":"rmod:windflower","floor":6.0,"key":"SMITH"},{"data":"rmod:fuelsupply","floor":8.0,"key":"SMITH"},{"data":"rmod:rockthrower","floor":12.0,"key":"SMITH"},{"data":"rmod:circuitoustactics","floor":15.0,"key":"SMITH"},{"data":"rmod:acesubmarine","floor":24.0,"key":"SMITH"},{"data":"rmod:royalracing","floor":30.0,"key":"SMITH"},{"data":"rmod:timeschanged","floor":32.0,"key":"SMITH"},{"data":"rmod:maingunfire","floor":40.0,"key":"SMITH"},{"floor":42.0,"key":"RECALL"},{"data":"rmod:defend","floor":45.0,"key":"SMITH"},{"floor":49.0,"key":"REST"},{"floor":52.0,"key":"REST"}],"circlet_count":0,"master_deck":["rmod:defend+1","rmod:basicallowance+1","rmod:maingunfire+1","rmod:windflower+1","rmod:rockthrower+1","rmod:slowdown+1","rmod:fuelsupply+1","rmod:timeschanged+1","rmod:circuitoustactics+1","rmod:acesubmarine+1","rmod:royalracing+1","rmod:openingtorpedo+1","Madness","rmod:ammunitionsupply"],"relics":["rmod:firstchargereward","AT_ATBox","War Paint","DemoMod:LamentConfigurum","AT_SeraphEmbrace","Busted Crown","DemoMod:WhiteGuonStone","Boot","Strawberry","AT_BladeRuinedKing","DemoMod:ClearGuonStone","Centennial Puzzle","AT_Manta","AT_DeathDance","Bronze Scales","jedi:crownofsimplicity"],"acts_visited":["Exordium","TheCity","TheBeyond","TheEnding"],"potions_floor_usage":[55,55],"damage_taken":[{"damage":2.0,"enemies":"Cultist","floor":1.0,"turns":4.0},{"damage":0.0,"enemies":"2 Louse","floor":2.0,"turns":2.0},{"damage":0.0,"enemies":"Small Slimes","floor":3.0,"turns":2.0},{"damage":4.0,"enemies":"3 Louse","floor":4.0,"turns":3.0},{"damage":0.0,"enemies":"Looter","floor":5.0,"turns":2.0},{"damage":15.0,"enemies":"Lagavulin","floor":7.0,"turns":6.0},{"damage":0.0,"enemies":"HollowMod:MossKnight","floor":10.0,"turns":8.0},{"damage":2.0,"enemies":"Exordium Wildlife","floor":13.0,"turns":5.0},{"damage":0.0,"enemies":"Large Slime","floor":14.0,"turns":2.0},{"damage":30.0,"enemies":"Hexaghost","floor":16.0,"turns":12.0},{"damage":3.0,"enemies":"2 Thieves","floor":18.0,"turns":4.0},{"damage":10.0,"enemies":"Shell Parasite","floor":19.0,"turns":3.0},{"damage":23.0,"enemies":"Slavers","floor":23.0,"turns":5.0},{"damage":0.0,"enemies":"Chosen and Byrds","floor":25.0,"turns":4.0},{"damage":23.0,"enemies":"Gremlin Leader","floor":27.0,"turns":3.0},{"damage":5.0,"enemies":"Automaton","floor":33.0,"turns":5.0},{"damage":14.0,"enemies":"3 Shapes","floor":35.0,"turns":2.0},{"damage":0.0,"enemies":"Orb Walker","floor":39.0,"turns":1.0},{"damage":0.0,"enemies":"Giant Head","floor":44.0,"turns":4.0},{"damage":0.0,"enemies":"Nemesis","floor":46.0,"turns":2.0},{"damage":12.0,"enemies":"4 Shapes","floor":48.0,"turns":2.0},{"damage":10.0,"enemies":"Time Eater","floor":50.0,"turns":2.0},{"damage":15,"enemies":"Shield and Spear","floor":54,"turns":2},{"damage":35,"enemies":"The Heart","floor":55,"turns":5}],"seed_played":"-7675470735740014217","potions_obtained":[{"floor":1.0,"key":"Swift Potion"},{"floor":2.0,"key":"Block Potion"},{"floor":4.0,"key":"SteroidPotion"},{"floor":7.0,"key":"DuplicationPotion"},{"floor":35.0,"key":"ColorlessPotion"},{"floor":46.0,"key":"DemoMod:LeadSkinPotion"}],"is_trial":false,"path_per_floor":["M","M","M","M","M","R","E","R","T","E","?","R","M","M","R","B",null,"M","M","$","?","?","E","R","M","T","E","$","?","R","?","R","B",null,"M","?","$","?","M","R","$","R","T","E","R","E","?","M","R","B",null,"R","$","E","B",null],"character_chosen":"PRAEFECT","items_purchased":["DemoMod:WhiteGuonStone","rmod:royalracing","DemoMod:ClearGuonStone","Madness"],"campfire_rested":2,"item_purchase_floors":[20,28,37,53],"current_hp_per_floor":[73,73,73,69,69,69,54,54,54,54,47,47,45,45,45,15,75,72,62,62,62,62,46,46,46,46,23,23,23,23,23,23,18,82,68,68,68,68,68,68,68,68,68,68,68,68,68,56,80,70,82,82,82,67,32],"gold":68,"neow_bonus":"TRANSFORM_TWO_CARDS","is_daily":false,"chose_seed":false,"campfire_upgraded":9,"win_rate":0.0,"timestamp":1612445851,"path_taken":["M","M","?","M","?","R","E","R","T","E","?","R","M","M","R","BOSS","M","M","$","?","?","E","R","M","T","E","$","?","R","?","R","BOSS","M","?","$","?","?","R","$","R","T","E","R","E","?","M","R","BOSS","R","$","E","BOSS"],"items_purchased_type":["Relic","Card","Relic","Card"],"build_version":"2020-12-22","purchased_purges":2,"victory":true,"max_hp_per_floor":[75,75,75,75,75,75,75,75,75,75,75,75,75,75,75,75,75,75,75,75,75,75,82,82,82,82,82,82,82,82,82,82,82,82,82,82,82,82,82,82,82,82,82,82,82,82,82,82,82,82,82,82,82,82,82],"card_choices":[{"not_picked":["rmod:fuelsupply","rmod:expedition","rmod:spoils"],"picked":"SKIP","floor":1.0},{"not_picked":["rmod:aluminumsupply","rmod:wolves","rmod:unsinkable"],"picked":"SKIP","floor":2.0},{"not_picked":["rmod:rockthrower","rmod:desperatesituation"],"picked":"rmod:slowdown","floor":3.0},{"not_picked":["rmod:overbreakdown","rmod:aluminumsupply","rmod:lonelyqueen"],"picked":"SKIP","floor":4.0},{"not_picked":["rmod:punchline","rmod:overbreakdown","rmod:aggressivemary"],"picked":"SKIP","floor":5.0},{"not_picked":["rmod:aluminumsupply","rmod:overbreakdown"],"picked":"rmod:fuelsupply","floor":7.0},{"not_picked":["rmod:heivgo","rmod:goodfighter"],"picked":"rmod:timeschanged","floor":10.0},{"not_picked":["rmod:slowdown","rmod:maintain"],"picked":"rmod:circuitoustactics","floor":13.0},{"not_picked":["rmod:lonelyqueen","rmod:diaomin","rmod:wolves"],"picked":"SKIP","floor":14.0},{"not_picked":["rmod:ridicule","rmod:expeditionaryescort"],"picked":"rmod:acesubmarine","floor":16.0},{"not_picked":["rmod:circuitoustactics+1"],"picked":"SKIP","floor":18.0},{"not_picked":["rmod:selfconfidence+1"],"picked":"SKIP","floor":19.0},{"not_picked":["rmod:unsinkable"],"picked":"SKIP","floor":23.0},{"not_picked":["rmod:spoils"],"picked":"SKIP","floor":25.0},{"not_picked":["rmod:luckystar+1"],"picked":"SKIP","floor":27.0},{"not_picked":["rmod:diaomin+1"],"picked":"SKIP","floor":35.0},{"not_picked":["rmod:aviationdawn"],"picked":"SKIP","floor":39.0},{"not_picked":["rmod:capitalist"],"picked":"SKIP","floor":44.0},{"not_picked":[],"picked":"rmod:openingtorpedo+1","floor":46.0},{"not_picked":["rmod:diamondstrike+1"],"picked":"SKIP","floor":48.0},{"not_picked":[],"picked":"rmod:ammunitionsupply","floor":54}],"player_experience":335828,"relics_obtained":[{"floor":7.0,"key":"War Paint"},{"floor":9.0,"key":"DemoMod:LamentConfigurum"},{"floor":10.0,"key":"AT_ArchangelStaff"},{"floor":21.0,"key":"Boot"},{"floor":23.0,"key":"Strawberry"},{"floor":27.0,"key":"AT_BladeRuinedKing"},{"floor":43.0,"key":"Centennial Puzzle"},{"floor":44.0,"key":"AT_Manta"},{"floor":46.0,"key":"Bronze Scales"},{"floor":54,"key":"jedi:crownofsimplicity"}],"event_choices":[{"cards_removed":["rmod:strick"],"damage_healed":0.0,"max_hp_gain":0.0,"max_hp_loss":0.0,"gold_gain":0.0,"event_name":"Golden Wing","player_choice":"Card Removal","floor":11.0,"gold_loss":0.0,"damage_taken":7.0},{"damage_healed":0.0,"max_hp_gain":0.0,"max_hp_loss":0.0,"gold_gain":99.0,"event_name":"Nest","player_choice":"Stole From Cult","floor":22.0,"gold_loss":0.0,"damage_taken":0.0},{"damage_healed":0.0,"max_hp_gain":0.0,"max_hp_loss":0.0,"gold_gain":0.0,"event_name":"Vampires","player_choice":"Ignored","floor":29.0,"gold_loss":0.0,"damage_taken":0.0},{"cards_removed":["rmod:strick"],"damage_healed":0.0,"max_hp_gain":0.0,"max_hp_loss":0.0,"gold_gain":0.0,"event_name":"Beggar","player_choice":"Gave Gold","floor":31.0,"gold_loss":75.0,"damage_taken":0.0},{"cards_removed":["rmod:defend"],"damage_healed":0.0,"max_hp_gain":0.0,"max_hp_loss":0.0,"gold_gain":0.0,"event_name":"Designer","player_choice":"Upgrade and Remove","floor":38.0,"gold_loss":90.0,"damage_taken":0.0,"cards_upgraded":["rmod:defend"]},{"cards_removed":["rmod:defend"],"damage_healed":0.0,"max_hp_gain":0.0,"max_hp_loss":0.0,"gold_gain":0.0,"event_name":"Falling","player_choice":"Removed Skill","floor":47.0,"gold_loss":0.0,"damage_taken":0.0}],"is_beta":false,"boss_relics":[{"not_picked":["jedi:battlestandard","SacredBark"],"picked":"Busted Crown"},{"not_picked":["jedi:paperlyon","Coffee Dripper","Philosopher\u0027s Stone"]}],"items_purged_floors":[20,37],"is_endless":false,"potions_floor_spawned":[1,2,4,7,14,19,23,35,39,46,48,54],"ascension_level":1}}