{"host":"st1kg310ms6sytc5","time":1612416521,"event":{"mods":["Act Like it!","BaseMod","CapriCore","FanaticalFans","Good Game Mod","Minty Spire (QoL Compilation)","Reliquary","StSLib","SuperFastMode","Yakumo Yukari mod"],"gold_per_floor":[380,396,396,7,30,61,61,61,61,100,100,119,152,167,167,287,287,305,305,25,38,54,54,70,111,158,201,214,249,270,289,289,409,409,423,423,323,323,343,383,398,441,441,465,500,521,587,630,630,630,630,630,76,110,110],"floor_reached":56,"language":"ZHS","playtime":3099,"items_purged":["AT_purpleEX","AT_purpleEX","AT_purpleEX+1","AT_purpleEX+1"],"score":2334,"play_id":"cae8cf42-a54e-48ca-b2d9-9d0430db9734","local_time":"20210204132841","is_ascension_mode":true,"campfire_choices":[{"data":"Umbrella_purple","floor":11.0,"key":"SMITH"},{"data":"PositiveMatter_Antimatter_Universe_purple","floor":15.0,"key":"SMITH"},{"data":"Observe_purple_2","floor":23.0,"key":"SMITH"},{"data":"Boundary_LifeAndDeath_purple","floor":32.0,"key":"SMITH"},{"floor":49,"key":"RECALL"},{"data":"WangLiang_LineAndCurveDreams_purple","floor":52,"key":"SMITH"}],"circlet_count":0,"master_deck":["Defend_purpleEX+1","Defend_purpleEX+1","Defend_purpleEX+1","Defend_purpleEX+1","Observe_purple_1+1","Observe_purple_2+1","DeusExMachina+1","Anti_communist_purple+1","RuleDissolution_purple+1","Umbrella_purple+1","PositiveMatter_Antimatter_Universe_purple+1","Boundary_LifeAndDeath_purple+1","ContainerChange_purple+1","OpenedBox_purple+1","DimensionStaggered_purple+1","MeetDecomposer_purple+1","DistantPastFriend_purple+1","Mirror_TwoAndThreeElementRealm_purple+1","WangLiang_LineAndCurveDreams_purple+1"],"relics":["Boundary_crack","Memoryfragments_purpleEX","REME:ComplimentaryCards","Fans:FanaticalFans","Golden Idol","FossilizedHelix","Eternal Feather","Bag of Preparation","The Courier","reliquary:WritOfMandamus","reliquary:Sideboard","Ginger","reliquary:TuningFork","Nunchaku","reliquary:Knoch","SlaversCollar","Antimatter_spacedebris","reliquary:SharkskinSheath","reliquary:WeakTea","Toxic Egg 2","Shuriken","Prayer Wheel","reliquary:FeatherDuster","Parasol_purpleEX","reliquary:IridiumChain","Boot"],"acts_visited":["Exordium","TheCity","TheBeyond","TheEnding"],"potions_floor_usage":[50,55],"damage_taken":[{"damage":4.0,"enemies":"Small Slimes","floor":1.0,"turns":4.0},{"damage":1.0,"enemies":"2 Louse","floor":2.0,"turns":3.0},{"damage":0.0,"enemies":"Cultist","floor":5.0,"turns":5.0},{"damage":16.0,"enemies":"Lagavulin","floor":6.0,"turns":8.0},{"damage":17.0,"enemies":"Gremlin Nob","floor":10.0,"turns":5.0},{"damage":0.0,"enemies":"3 Louse","floor":12.0,"turns":3.0},{"damage":6.0,"enemies":"3 Sentries","floor":13.0,"turns":5.0},{"damage":0.0,"enemies":"Red Slaver","floor":14.0,"turns":1.0},{"damage":0.0,"enemies":"Slime Boss","floor":16.0,"turns":6.0},{"damage":0.0,"enemies":"Spheric Guardian","floor":18.0,"turns":1.0},{"damage":0.0,"enemies":"Chosen","floor":21.0,"turns":1.0},{"damage":0.0,"enemies":"Sentry and Sphere","floor":22.0,"turns":3.0},{"damage":0.0,"enemies":"Snecko","floor":24.0,"turns":3.0},{"damage":0.0,"enemies":"Gremlin Leader","floor":25.0,"turns":3.0},{"damage":0.0,"enemies":"Book of Stabbing","floor":27.0,"turns":2.0},{"damage":0.0,"enemies":"Chosen and Byrds","floor":28.0,"turns":2.0},{"damage":0.0,"enemies":"Gremlin Leader","floor":29.0,"turns":3.0},{"damage":0.0,"enemies":"Shelled Parasite and Fungi","floor":30.0,"turns":3.0},{"damage":0.0,"enemies":"Centurion and Healer","floor":31.0,"turns":3.0},{"damage":0.0,"enemies":"Automaton","floor":33.0,"turns":6.0},{"damage":0.0,"enemies":"Orb Walker","floor":35.0,"turns":2.0},{"damage":0,"enemies":"Orb Walker","floor":36,"turns":12},{"damage":0,"enemies":"3 Shapes","floor":39,"turns":2},{"damage":0,"enemies":"Giant Head","floor":40,"turns":2},{"damage":0,"enemies":"Spire Growth","floor":41,"turns":2},{"damage":0,"enemies":"Reptomancer","floor":42,"turns":3},{"damage":0,"enemies":"Maw","floor":44,"turns":3},{"damage":0,"enemies":"Nemesis","floor":45,"turns":3},{"damage":0,"enemies":"4 Shapes","floor":46,"turns":3},{"damage":0,"enemies":"2 Orb Walkers","floor":47,"turns":3},{"damage":0,"enemies":"Reptomancer","floor":48,"turns":3},{"damage":0,"enemies":"Time Eater","floor":50,"turns":7},{"damage":0,"enemies":"Shield and Spear","floor":54,"turns":5},{"damage":0,"enemies":"The Heart","floor":55,"turns":6}],"seed_played":"-8970636006083075028","potions_obtained":[{"floor":1.0,"key":"Weak Potion"},{"floor":6.0,"key":"SpeedPotion"},{"floor":10.0,"key":"FairyPotion"},{"floor":14.0,"key":"BlessingOfTheForge"},{"floor":21.0,"key":"CultistPotion"},{"floor":22.0,"key":"Energy Potion"},{"floor":27.0,"key":"CultistPotion"},{"floor":30.0,"key":"PowerPotion"},{"floor":35.0,"key":"Swift Potion"},{"floor":41,"key":"GamblersBrew"},{"floor":42,"key":"Block Potion"},{"floor":54,"key":"Strength Potion"}],"is_trial":false,"path_per_floor":["M","M","?","$","M","E","$","?","T","E","R","M","E","M","R","B",null,"M","?","$","M","M","R","M","E","T","E","M","E","M","M","R","B",null,"M","?","$","?","M","E","M","E","T","M","E","M","?","E","R","B",null,"R","$","E","B",null],"character_chosen":"Youkari","items_purchased":["FossilizedHelix","reliquary:Sideboard","Parasol_purpleEX","reliquary:IridiumChain"],"campfire_rested":0,"item_purchase_floors":[4,20,53,53],"current_hp_per_floor":[43,43,43,43,45,31,31,18,18,4,10,14,10,11,20,23,55,57,57,57,57,57,65,65,65,65,65,65,65,65,65,65,65,65,65,65,65,65,65,65,65,65,65,65,65,65,65,65,65,65,65,65,65,65,65],"gold":110,"neow_bonus":"TWO_FIFTY_GOLD","is_daily":false,"chose_seed":false,"campfire_upgraded":5,"win_rate":0.0,"timestamp":1612416521,"path_taken":["M","M","?","$","M","E","$","?","T","E","R","M","E","M","R","BOSS","M","?","?","M","M","R","M","E","T","E","M","E","M","M","R","BOSS","M","?","$","?","M","E","M","E","T","?","E","M","?","E","R","BOSS","R","$","E","BOSS"],"items_purchased_type":["Relic","Relic","Relic","Relic"],"build_version":"2020-12-22","purchased_purges":4,"victory":true,"max_hp_per_floor":[70,70,65,65,65,65,65,65,65,65,65,65,65,65,65,65,65,65,65,65,65,65,65,65,65,65,65,65,65,65,65,65,65,65,65,65,65,65,65,65,65,65,65,65,65,65,65,65,65,65,65,65,65,65,65],"card_choices":[{"not_picked":["Boundary_of_Extermination_purpleEX","Mirror_FormAndEmptin_purple"],"picked":"Anti_communist_purple","floor":1.0},{"not_picked":["SharpContractionReality_purple","OmniscientAndOmnipotent_Monster_purple","Boundary_DynamicStaticEquilibrium_purple"],"picked":"SKIP","floor":2.0},{"not_picked":["Mirror_WaveAndshot_purple","MeetDecomposer_purple"],"picked":"Charmbait_purple","floor":5.0},{"not_picked":["DarkRealmRedLine_purple","SfantasyHide_purple"],"picked":"RuleDissolution_purple","floor":6.0},{"not_picked":["Mirror_TwoAndThreeElementRealm_purple","RuleDissolution_purple"],"picked":"Umbrella_purple","floor":10.0},{"not_picked":["StateDuplicate_purple","StateErode_purple"],"picked":"PositiveMatter_Antimatter_Universe_purple","floor":12.0},{"not_picked":["RuleDissolution_purple","StateDuplicate_purple","Bait_HighSpeedFlying_purple"],"picked":"SKIP","floor":13.0},{"not_picked":["Line_surface_state_purple","Mirror_FourBoundary_purple","Mirror_WaveAndshot_purple"],"picked":"SKIP","floor":14.0},{"not_picked":["Monsters_DoubleDeathButterfly_purple","MagicEyes_LaplaceDemon_purple"],"picked":"Boundary_LifeAndDeath_purple","floor":16.0},{"not_picked":["StateDuplicate_purple","Mirror_FormAndEmptin_purple+1","MeetDecomposer_purple"],"picked":"SKIP","floor":18.0},{"not_picked":["Bait_HighSpeedFlying_purple+1","SfantasyHide_purple","MeetDecomposer_purple"],"picked":"SKIP","floor":21.0},{"not_picked":["StateDuplicate_purple","SfantasyHide_purple","MeetDecomposer_purple"],"picked":"SKIP","floor":22.0},{"not_picked":["StateErode_purple","Boundary_DreamRealityDamnation_purple"],"picked":"OpenedBox_purple","floor":24.0},{"not_picked":["ExistenceContinue_purple","StretchesForeverDream_purple","WingOfChimera_purple"],"picked":"SKIP","floor":25.0},{"not_picked":["AdvanceAttack_purple","Shallow_ocean_purpleEX"],"picked":"DimensionStaggered_purple","floor":27.0},{"not_picked":["Line_surface_state_purple+1","Boundary_ObjectiveBoundary_purple+1","Mirror_FormAndEmptin_purple+1"],"picked":"SKIP","floor":28.0},{"not_picked":["Boundary_of_Extermination_purpleEX","WatchEChange_purple"],"picked":"MeetDecomposer_purple+1","floor":29.0},{"not_picked":["PositiveMatter_Antimatter_Universe_purple","MeetDecomposer_purple+1","OmniscientAndOmnipotent_Monster_purple+1"],"picked":"SKIP","floor":30.0},{"not_picked":["UniverseChoice_purple","OmniscientAndOmnipotent_Monster_purple","Umbrella_purple"],"picked":"SKIP","floor":31.0},{"not_picked":["GluttonyofRealm_purpleEX","Mirror_TwoAndThreeElementRealm_purple"],"picked":"ContainerChange_purple","floor":33.0},{"not_picked":["RuleDissolution_purple","Mirror_FourBoundary_purple+1"],"picked":"DimensionStaggered_purple+1","floor":35.0},{"not_picked":["WeekHit_purple","Umbrella_purple+1"],"picked":"SfantasyHide_purple+1","floor":36},{"not_picked":["SharpContractionReality_purple+1","Umbrella_purple","Fantasy_PerpetualMotionMachine_purple"],"picked":"SKIP","floor":39},{"not_picked":["CommonSense_AntiCommonSense_purple+1","Worldmountain_purple","Yakumo_Ran_purple+1"],"picked":"SKIP","floor":40},{"not_picked":["Yakumo_Ran_purple+1","AdvanceAttack_purple+1","SfantasyHide_purple+1"],"picked":"SKIP","floor":41},{"not_picked":["Worldmountain_purple+1","OmniscientAndOmnipotent_Monster_purple"],"picked":"Mirror_TwoAndThreeElementRealm_purple","floor":42},{"not_picked":["RuleDissolution_purple+1","Mirror_Drifter_purple+1","OmniscientAndOmnipotent_Monster_purple+1"],"picked":"SKIP","floor":44},{"not_picked":["Line_surface_state_purple+1","Charmbait_purple+1"],"picked":"WangLiang_LineAndCurveDreams_purple","floor":45},{"not_picked":["OmniscientAndOmnipotent_Monster_purple","MeetDecomposer_purple+1","Realm_recovery_purpleEX+1"],"picked":"SKIP","floor":46},{"not_picked":["OmniscientAndOmnipotent_Monster_purple","MeetDecomposer_purple+1","Realm_recovery_purpleEX+1"],"picked":"SKIP","floor":46},{"not_picked":["Worldmountain_purple+1","SharpContractionReality_purple","Umbrella_purple+1"],"picked":"SKIP","floor":48},{"not_picked":["DarkRealmRedLine_purple","EighthInstrument_OneDividesIntoTwo_purple+1","Line_surface_state_purple+1"],"picked":"SKIP","floor":54}],"player_experience":1398836,"relics_obtained":[{"floor":6.0,"key":"Eternal Feather"},{"floor":10.0,"key":"Bag of Preparation"},{"floor":13.0,"key":"The Courier"},{"floor":25.0,"key":"Ginger"},{"floor":26.0,"key":"reliquary:TuningFork"},{"floor":27.0,"key":"Nunchaku"},{"floor":29.0,"key":"reliquary:Knoch"},{"floor":40,"key":"reliquary:SharkskinSheath"},{"floor":42,"key":"reliquary:WeakTea"},{"floor":43,"key":"Toxic Egg 2"},{"floor":45,"key":"Shuriken"},{"floor":47,"key":"Prayer Wheel"},{"floor":48,"key":"reliquary:FeatherDuster"},{"floor":54,"key":"Boot"}],"event_choices":[{"damage_healed":0.0,"max_hp_gain":0.0,"max_hp_loss":5.0,"gold_gain":0.0,"event_name":"Golden Idol","player_choice":"Lose Max HP","floor":3.0,"gold_loss":0.0,"damage_taken":0.0,"relics_obtained":["Golden Idol"]},{"damage_healed":0.0,"max_hp_gain":0.0,"max_hp_loss":0.0,"gold_gain":0.0,"event_name":"Shining Light","player_choice":"Entered Light","floor":8.0,"gold_loss":0.0,"damage_taken":13.0,"cards_upgraded":["AT_purpleEX","Defend_purpleEX"]},{"damage_healed":0.0,"max_hp_gain":0.0,"max_hp_loss":0.0,"gold_gain":0.0,"event_name":"Upgrade Shrine","player_choice":"Upgraded","floor":19.0,"gold_loss":0.0,"damage_taken":0.0,"cards_upgraded":["DeusExMachina"]},{"damage_healed":0,"gold_gain":0,"player_choice":"Gave Potion","damage_taken":0,"relics_obtained":["Antimatter_spacedebris"],"max_hp_gain":0,"max_hp_loss":0,"event_name":"WeMeetAgain","floor":38,"gold_loss":0},{"damage_healed":0,"gold_gain":0,"player_choice":"Fight","damage_taken":0,"max_hp_gain":0,"max_hp_loss":0,"event_name":"Mysterious Sphere","floor":47,"gold_loss":0}],"is_beta":false,"boss_relics":[{"not_picked":["reliquary:KinkedSpring","Empty Cage"],"picked":"reliquary:WritOfMandamus"},{"not_picked":["Philosopher\u0027s Stone","Snecko Eye"],"picked":"SlaversCollar"}],"items_purged_floors":[4,20,37,53],"is_endless":false,"potions_floor_spawned":[1,6,10,14,21,22,27,28,30,35,41,42,44,46,47,54],"ascension_level":6}}