{"host":"iimv3xr0scyjt3cx","time":1612470321,"event":{"mods":["BaseMod","Hermit","Minty Spire (QoL Compilation)","Replay The Spire","StSLib","The Bladedancer","The Bug Knight","The Cursed","The Judge","The Marked","The Necromancer","The Runesmith","The Senshi","The Servant 0.9.4","The Wild Card"],"gold_per_floor":[118,118,118,218,237,268,282,299,299,299,314,314,334,369,369,472,472,491,491,509,509,520,520,520,520],"floor_reached":24,"language":"ENG","playtime":1585,"items_purged":[],"score":208,"play_id":"b5fade7a-4488-43ff-bfa8-9e3443b052ba","local_time":"20210204212521","is_ascension_mode":false,"campfire_choices":[{"floor":10,"key":"REST"},{"data":"theMarked:Generate","floor":12,"key":"SMITH"},{"data":"theMarked:SoldierOfQuellstein","floor":15,"key":"SMITH"},{"data":"theMarked:Panic","floor":23,"key":"SMITH"}],"circlet_count":0,"master_deck":["theMarked:Strike+1","theMarked:Strike+1","theMarked:Strike+1","theMarked:Strike+1","theMarked:Defend+1","theMarked:Defend+1","theMarked:Defend+1","theMarked:Defend+1","theMarked:SoldierOfQuellstein+1","theMarked:LightningStrikesTwice","theMarked:Generate+1","theMarked:CreepingChasm","theMarked:MuscleMemory","theMarked:GodGivenPower","theMarked:Aftermath","theMarked:SuspiciousRaven","theMarked:FavorableWinds","theMarked:EternalStudent","theMarked:ParalyzingBlade+1","theMarked:Improvise+1","Shame","theMarked:Panic+1","theMarked:UnarmedFury"],"relics":["theMarked:BronzeBlade","Replay:Bottled Steam","Incense Burner","Unceasing Top","Happy Flower"],"acts_visited":["Exordium","TheCity"],"potions_floor_usage":[8,8,11,13,14,14],"damage_taken":[{"damage":0,"enemies":"2 Louse","floor":1,"turns":4},{"damage":0,"enemies":"Small Slimes","floor":5,"turns":4},{"damage":33,"enemies":"3 Sentries","floor":6,"turns":13},{"damage":0,"enemies":"Cultist","floor":7,"turns":3},{"damage":6,"enemies":"3 Louse","floor":8,"turns":3},{"damage":2,"enemies":"Blue Slaver","floor":11,"turns":4},{"damage":8,"enemies":"Red Slaver","floor":13,"turns":3},{"damage":13,"enemies":"Lagavulin","floor":14,"turns":5},{"damage":1,"enemies":"Slime Boss","floor":16,"turns":9},{"damage":0,"enemies":"Chosen","floor":18,"turns":4},{"damage":20,"enemies":"Spheric Guardian","floor":20,"turns":4},{"damage":1,"enemies":"Snecko","floor":22,"turns":4},{"damage":40,"enemies":"Book of Stabbing","floor":24,"turns":5}],"seed_played":"-8097882641238719396","potions_obtained":[{"floor":1,"key":"Weak Potion"},{"floor":7,"key":"EntropicBrew"},{"floor":8,"key":"LifebloodPotion"},{"floor":11,"key":"CultistPotion"},{"floor":22,"key":"DistilledChaos"}],"is_trial":false,"path_per_floor":["M","?","?","?","M","E","M","M","T","R","M","R","M","E","R","B",null,"M","?","M","?","M","R","E"],"character_chosen":"THE_DEFAULT","items_purchased":[],"campfire_rested":1,"item_purchase_floors":[],"current_hp_per_floor":[70,52,52,52,52,19,19,13,13,34,32,32,24,11,11,10,70,70,70,50,50,49,49,9,9],"gold":520,"neow_bonus":"TRANSFORM_CARD","is_daily":false,"chose_seed":false,"campfire_upgraded":3,"win_rate":0.0,"timestamp":1612470321,"path_taken":["M","?","?","?","M","E","?","M","T","R","M","R","M","E","R","BOSS","M","?","M","?","M","R","E"],"items_purchased_type":[],"build_version":"2020-12-22","purchased_purges":0,"victory":false,"max_hp_per_floor":[70,70,70,70,70,70,70,70,70,70,70,70,70,70,70,70,70,70,70,70,70,70,70,70,70],"card_choices":[{"not_picked":["theMarked:Polarize","theMarked:Overcharge"],"picked":"theMarked:Generate","floor":1},{"not_picked":["theMarked:Parkour","theMarked:Frustration"],"picked":"theMarked:CreepingChasm","floor":5},{"not_picked":["theMarked:TakeCover","theMarked:TheMission"],"picked":"theMarked:MuscleMemory","floor":6},{"not_picked":["theMarked:TakeCover","theMarked:Frustration"],"picked":"theMarked:GodGivenPower","floor":7},{"not_picked":["theMarked:Parkour","theMarked:WastefulAttack","theMarked:ResourceFulStrike"],"picked":"SKIP","floor":8},{"not_picked":["theMarked:ChainLightning","theMarked:Indomitable"],"picked":"theMarked:Aftermath","floor":11},{"not_picked":["theMarked:ElectricStrings","theMarked:RepellingDischarge"],"picked":"theMarked:SuspiciousRaven","floor":13},{"not_picked":["theMarked:TwofoldDefense","theMarked:Heritage"],"picked":"theMarked:FavorableWinds","floor":14},{"not_picked":["theMarked:Abjuration","theMarked:Vacuum"],"picked":"theMarked:EternalStudent","floor":16},{"not_picked":["theMarked:Memento","theMarked:Aftermath"],"picked":"theMarked:ParalyzingBlade+1","floor":18},{"not_picked":["theMarked:ChainLightning","theMarked:Heritage"],"picked":"theMarked:Improvise+1","floor":20},{"not_picked":["theMarked:ResourceFulStrike","theMarked:SwordAndMagic"],"picked":"theMarked:UnarmedFury","floor":22}],"player_experience":515067,"relics_obtained":[{"floor":6,"key":"Incense Burner"},{"floor":9,"key":"Unceasing Top"},{"floor":14,"key":"Happy Flower"}],"event_choices":[{"damage_healed":0,"gold_gain":0,"player_choice":"Success","damage_taken":18,"relics_obtained":["Replay:Bottled Steam"],"max_hp_gain":0,"max_hp_loss":0,"event_name":"Scrap Ooze","floor":2,"gold_loss":0},{"damage_healed":0,"gold_gain":0,"player_choice":"Ignored","damage_taken":0,"max_hp_gain":0,"max_hp_loss":0,"event_name":"Liars Game","floor":3,"gold_loss":0},{"damage_healed":0,"gold_gain":100,"player_choice":"Pray","damage_taken":0,"max_hp_gain":0,"max_hp_loss":0,"event_name":"Golden Shrine","floor":4,"gold_loss":0},{"damage_healed":0,"gold_gain":0,"player_choice":"Simplicity","damage_taken":0,"max_hp_gain":0,"max_hp_loss":0,"event_name":"Back to Basics","floor":19,"gold_loss":0,"cards_upgraded":["theMarked:Strike","theMarked:Strike","theMarked:Strike","theMarked:Strike","theMarked:Defend","theMarked:Defend","theMarked:Defend","theMarked:Defend"]},{"damage_healed":0,"gold_gain":0,"player_choice":"2 cards matched","damage_taken":0,"max_hp_gain":0,"max_hp_loss":0,"event_name":"Match and Keep!","floor":21,"gold_loss":0,"cards_obtained":["Shame","theMarked:Panic"]}],"is_beta":false,"boss_relics":[{"not_picked":["ReplayTheSpireMod:DimensionalGlitch","Runic Dome"],"picked":"theMarked:BronzeBlade"}],"items_purged_floors":[],"is_endless":false,"potions_floor_spawned":[1,7,8,11,22],"killed_by":"Book of Stabbing","ascension_level":0}}