{"host":"gfmw02tnhhvp9jba","time":1612447579,"event":{"mods":["AchievementEnabler","BaseMod","Colored Map","Conspire","Downfall","Highlight Path","Minty Spire (QoL Compilation)","Replay The Spire","StSLib"],"gold_per_floor":[99,112,112,127,143,168,168,4,4,4,37,70,80,80,93,195,195,195,211,228,239,339,354,354,354,72,87,87,115,115,139,156,156,156,156],"floor_reached":33,"language":"ENG","playtime":1744,"items_purged":["Pain","Overencumbered"],"score":277,"play_id":"992a7ebe-b34d-4766-9385-bfbfc19caa19","local_time":"20210204150619","is_ascension_mode":false,"campfire_choices":[{"data":"hexamod:Sear","floor":1,"key":"SMITH"},{"floor":9,"key":"REST"},{"data":"hexamod:UnlimitedPower","floor":18,"key":"SMITH"},{"data":"Voices","floor":25,"key":"PURGE"},{"data":"hexamod:UnlimitedPower","floor":28,"key":"SMITH"}],"circlet_count":0,"master_deck":["hexamod:Strike","hexamod:Strike","hexamod:Strike","hexamod:Strike","hexamod:Defend","hexamod:Defend+1","hexamod:Defend","hexamod:Defend","hexamod:Sear+1","hexamod:Float","hexamod:GhostOfSpireFuture","hexamod:StepThrough","hexamod:AdvancingGuard","hexamod:EmpoweredFlame","hexamod:HeatMetal","hexamod:SkipABeat","hexamod:InspiringFlames","hexamod:SwordOfDarkness","hexamod:Hexaguard","hexamod:UnlimitedPower+1","hexamod:EmpoweredFlame","hexamod:StepThrough","hexamod:BurningTouch","hexamod:UnlimitedPower+1","hexamod:ExtraCrispy+1","hexamod:NightmareGuise+1","ReplayTheSpireMod:Doomed","hexamod:HeatShield+1"],"relics":["Sozu","WarpedTongs","Replay:Accelerometer","Omamori","hexamod:SoulConsumer","Ring of Fury","Replay:Grab Bag","Cursed Key","Coffee Dripper","Calling Bell","Ring of Chaos","Smiling Mask","conspire:DecoderRing","Ice Cream","conspire:Boomerang","Frozen Egg 2","Replay:Multitool","ReplayTheSpireMod:CursedCoin","BranchBurnRelic","Bag of Preparation","downfall:RedIOU","Tiny Chest"],"acts_visited":["Exordium","TheCity"],"potions_floor_usage":[],"damage_taken":[{"damage":2,"enemies":"2 Louse","floor":2,"turns":2},{"damage":4,"enemies":"Cultist","floor":4,"turns":3},{"damage":1,"enemies":"conspire:RoseBush","floor":5,"turns":3},{"damage":16,"enemies":"Replay:BlueRogue","floor":6,"turns":6},{"damage":7,"enemies":"downfall:FleeingMerchant","floor":8,"turns":4},{"damage":16,"enemies":"conspire:MimicChest","floor":11,"turns":4},{"damage":8,"enemies":"Lagavulin","floor":12,"turns":6},{"damage":4,"enemies":"Blue Slaver","floor":13,"turns":3},{"damage":3,"enemies":"Large Slime","floor":15,"turns":3},{"damage":35,"enemies":"DF_ARCHETYPE_STREAMLINE","floor":16,"turns":8},{"damage":18,"enemies":"3 Byrds","floor":19,"turns":4},{"damage":0,"enemies":"conspire:FuzzyDice","floor":20,"turns":5},{"damage":26,"enemies":"3 Cultists","floor":21,"turns":6},{"damage":15,"enemies":"Colosseum Nobs","floor":22,"turns":4},{"damage":18,"enemies":"conspire:HollyBat","floor":23,"turns":7},{"damage":9,"enemies":"downfall:FleeingMerchant","floor":26,"turns":4},{"damage":3,"enemies":"Centurion and Healer","floor":27,"turns":5},{"damage":10,"enemies":"Replay:Snechameleon","floor":29,"turns":4},{"damage":0,"enemies":"Snecko","floor":32,"turns":3},{"damage":27,"enemies":"IC_MUSHROOM_ARCHETYPE","floor":33,"turns":4}],"seed_played":"6754887863185595634","potions_obtained":[],"is_trial":false,"path_per_floor":["R","M","?","M","M","E","T","$","R","?","?","E","M","?","M","B",null,"R","M","M","M","?","M","T","R","$","M","R","E","?","T","M","B"],"character_chosen":"THE_SPIRIT","items_purchased":["hexamod:SkipABeat","ReplayTheSpireMod:CursedCoin","Dead Branch","hexamod:ExtraCrispy+1"],"campfire_rested":1,"item_purchase_floors":[8,26,26,26],"current_hp_per_floor":[70,68,68,64,63,47,47,40,70,70,54,46,42,42,43,12,70,70,56,60,38,27,13,13,13,8,9,9,15,15,15,19,0,0,0],"gold":156,"neow_bonus":"BOSS_RELIC","is_daily":false,"chose_seed":false,"campfire_upgraded":3,"win_rate":0.0,"timestamp":1612447579,"path_taken":["R","M","?","?","M","E","T","$","R","?","?","E","M","?","M","BOSS","R","M","M","M","?","M","T","R","$","M","R","E","?","?","M","BOSS"],"items_purchased_type":["Card","Relic","Relic","Card"],"build_version":"2020-12-22","purchased_purges":2,"victory":false,"max_hp_per_floor":[70,70,70,70,70,70,70,70,70,70,70,70,70,70,70,70,70,70,70,70,70,70,70,70,70,70,70,70,70,70,70,70,70,70,70],"card_choices":[{"not_picked":["hexamod:NightmareGuise","hexamod:GhostOfSpirePast"],"picked":"hexamod:GhostOfSpireFuture","floor":2},{"not_picked":["hexamod:Hexaguard","hexamod:SwordOfDarkness"],"picked":"hexamod:StepThrough","floor":4},{"not_picked":["hexamod:InspiringFlames","hexamod:GhostLash"],"picked":"hexamod:AdvancingGuard","floor":5},{"not_picked":["hexamod:PhantomCloak","hexamod:TimeWarp"],"picked":"hexamod:EmpoweredFlame","floor":6},{"not_picked":["hexamod:SoulSteal","hexamod:GhostShield"],"picked":"hexamod:HeatMetal","floor":8},{"not_picked":["hexamod:GhostShield","hexamod:NightmareStrike"],"picked":"hexamod:InspiringFlames","floor":11},{"not_picked":["hexamod:RecurringNightmare","hexamod:Firestarter"],"picked":"hexamod:SwordOfDarkness","floor":12},{"not_picked":["hexamod:ThermalTransfer","hexamod:GhostflameBarrier"],"picked":"hexamod:Hexaguard","floor":13},{"not_picked":["hexamod:GhostOfSpirePast","hexamod:NightmareGuise","hexamod:InspiringFlames"],"picked":"SKIP","floor":15},{"not_picked":["hexamod:WildfireWeapon","hexamod:SearingWound"],"picked":"hexamod:UnlimitedPower","floor":16},{"not_picked":["hexamod:HeatMetal","hexamod:Hexaguard","hexamod:GhostOfSpirePast"],"picked":"SKIP","floor":19},{"not_picked":["hexamod:ThermalTransfer","hexamod:Hexaguard"],"picked":"hexamod:EmpoweredFlame","floor":20},{"not_picked":["hexamod:GhostLash","hexamod:SpectersWail"],"picked":"hexamod:StepThrough","floor":21},{"not_picked":["hexamod:ThirdSeal","hexamod:NightmareStrike"],"picked":"hexamod:BurningTouch","floor":22},{"not_picked":["hexamod:NightmareStrike","hexamod:GhostLash","hexamod:SpectersWail"],"picked":"SKIP","floor":23},{"not_picked":["hexamod:Again","hexamod:SearingWound"],"picked":"hexamod:UnlimitedPower","floor":26},{"not_picked":["hexamod:ShieldOfDarkness+1","hexamod:HauntingEcho+1"],"picked":"hexamod:NightmareGuise+1","floor":27},{"not_picked":["hexamod:FifthSeal","hexamod:SpectralAdrenaline","hexamod:HeatMetal+1"],"picked":"SKIP","floor":29},{"not_picked":["hexamod:RainOfEmbers","hexamod:NightmareGuise"],"picked":"hexamod:HeatShield+1","floor":32}],"player_experience":116308,"relics_obtained":[{"floor":6,"key":"Replay:Accelerometer"},{"floor":7,"key":"Regal Pillow"},{"floor":11,"key":"Omamori"},{"floor":12,"key":"hexamod:SoulConsumer"},{"floor":14,"key":"Ring of Fury"},{"floor":17,"key":"Smiling Mask"},{"floor":17,"key":"conspire:DecoderRing"},{"floor":17,"key":"Ice Cream"},{"floor":22,"key":"conspire:Boomerang"},{"floor":22,"key":"Frozen Egg 2"},{"floor":24,"key":"Replay:Multitool"},{"floor":29,"key":"Bag of Preparation"},{"floor":31,"key":"Tiny Chest"}],"event_choices":[{"damage_healed":0,"gold_gain":0,"player_choice":"Rummage","damage_taken":0,"relics_obtained":["WarpedTongs"],"max_hp_gain":0,"max_hp_loss":0,"event_name":"Accursed Blacksmith","floor":3,"gold_loss":0,"cards_obtained":["Pain"]}],"is_beta":false,"boss_relics":[{"not_picked":["Tiny House","conspire:SpecialSausage"],"picked":"Replay:Grab Bag"},{"not_picked":["ReplayTheSpireMod:DimensionalGlitch","Runic Dome"],"picked":"Cursed Key"},{"not_picked":["conspire:RoyalGoblet","conspire:SeveredTorchhead"],"picked":"Coffee Dripper"},{"not_picked":["Runic Pyramid","Kintsugi"],"picked":"Calling Bell"},{"not_picked":["Astrolabe","conspire:RunicOctahedron"],"picked":"Ring of Chaos"}],"items_purged_floors":[8,26],"is_endless":false,"potions_floor_spawned":[5,11,12,21,22,29],"killed_by":"IC_MUSHROOM_ARCHETYPE","ascension_level":0}}