{"host":"8pvw2tcf9wctlvur","time":1612405403,"event":{"mods":["BaseMod","Better Third Choice","Colored Powertips","Curses Come First","Minty Spire (QoL Compilation)","Rare Cards Sparkle","Relic Stats","StSLib","SuperFastMode"],"gold_per_floor":[111,122,50,66,39,71,71,71,148,167,167,183,201,219,219,319,319,333,346,346,346,101,135,135,135,135],"floor_reached":25,"language":"ENG","playtime":1051,"items_purged":[],"score":223,"play_id":"ecdd01ee-b11e-489f-9509-ebd61779751a","local_time":"20210203192323","is_ascension_mode":false,"campfire_choices":[{"floor":8,"key":"REST"},{"floor":11,"key":"REST"},{"floor":15,"key":"REST"},{"floor":24,"key":"REST"}],"circlet_count":0,"master_deck":["Strike_R","Strike_R+1","Strike_R+1","Strike_R","Strike_R","Defend_R","Defend_R","Defend_R","Defend_R","Bash","Rupture","Flex","Metallicize","Combust","Double Tap","Regret","Armaments","Limit Break","Shrug It Off","Power Through","Limit Break","Inflame","Hemokinesis","Heavy Blade","Shrug It Off"],"relics":["Burning Blood","NeowsBlessing","betterThird:SlimedRelic","Whetstone","Du-Vu Doll","Blue Candle","Black Star","betterThird:NestCultRelic","Meat on the Bone","Bronze Scales","Nunchaku"],"acts_visited":["Exordium","TheCity"],"potions_floor_usage":[12,13,18,23,25,25],"damage_taken":[{"damage":0,"enemies":"Small Slimes","floor":1,"turns":1},{"damage":0,"enemies":"2 Louse","floor":2,"turns":1},{"damage":0,"enemies":"Jaw Worm","floor":4,"turns":1},{"damage":46,"enemies":"Lagavulin","floor":6,"turns":6},{"damage":21,"enemies":"Exordium Thugs","floor":10,"turns":5},{"damage":0,"enemies":"Looter","floor":12,"turns":1},{"damage":12,"enemies":"Gremlin Gang","floor":13,"turns":4},{"damage":12,"enemies":"Red Slaver","floor":14,"turns":4},{"damage":68,"enemies":"Slime Boss","floor":16,"turns":11},{"damage":13,"enemies":"Spheric Guardian","floor":18,"turns":5},{"damage":23,"enemies":"Chosen","floor":19,"turns":5},{"damage":60,"enemies":"Book of Stabbing","floor":23,"turns":7},{"damage":55,"enemies":"Gremlin Leader","floor":25,"turns":6}],"seed_played":"3346810208046011891","potions_obtained":[{"floor":4,"key":"ElixirPotion"},{"floor":6,"key":"AttackPotion"},{"floor":12,"key":"AttackPotion"},{"floor":16,"key":"EssenceOfSteel"},{"floor":18,"key":"BloodPotion"},{"floor":23,"key":"DuplicationPotion"}],"is_trial":false,"path_per_floor":["M","M","$","M","?","E","?","R","T","M","R","M","M","M","R","B",null,"M","M","?","?","$","E","R","E"],"character_chosen":"IRONCLAD","items_purchased":["Metallicize","Meat on the Bone"],"campfire_rested":4,"item_purchase_floors":[3,22],"current_hp_per_floor":[80,80,80,80,69,29,29,53,53,38,62,68,62,56,80,18,80,73,56,56,56,56,30,54,0,0],"gold":135,"neow_bonus":"THREE_ENEMY_KILL","is_daily":false,"chose_seed":false,"campfire_upgraded":0,"win_rate":0.0,"timestamp":1612405403,"path_taken":["M","M","$","M","?","E","?","R","T","M","R","M","M","M","R","BOSS","M","M","?","?","$","E","R","E"],"items_purchased_type":["Card","Relic"],"build_version":"2020-12-22","purchased_purges":0,"victory":false,"max_hp_per_floor":[80,80,80,80,80,80,80,80,80,80,80,80,80,80,80,80,80,80,80,80,80,80,80,80,80,80],"relic_stats":{"Nunchaku":[0],"counters":[13,57],"Blue Candle":[0],"Bronze Scales":[33],"Black Star":1,"Whetstone":["Strike_R","Strike_R"],"obtain_stats":[{"Du-Vu Doll":7,"Nunchaku":23,"NeowsBlessing":0,"betterThird:SlimedRelic":5,"Blue Candle":9,"Bronze Scales":23,"betterThird:NestCultRelic":20,"Black Star":17,"Whetstone":6,"Burning Blood":0,"Meat on the Bone":22},{"Du-Vu Doll":4,"Nunchaku":12,"NeowsBlessing":0,"betterThird:SlimedRelic":3,"Blue Candle":4,"Bronze Scales":12,"betterThird:NestCultRelic":11,"Black Star":9,"Whetstone":4,"Burning Blood":0,"Meat on the Bone":11},{"Du-Vu Doll":9,"Nunchaku":51,"NeowsBlessing":0,"betterThird:SlimedRelic":3,"Blue Candle":9,"Bronze Scales":51,"betterThird:NestCultRelic":44,"Black Star":34,"Whetstone":9,"Burning Blood":0,"Meat on the Bone":44}],"Burning Blood":54,"Meat on the Bone":12},"card_choices":[{"not_picked":["Iron Wave","Perfected Strike"],"picked":"Rupture","floor":1},{"not_picked":["Clothesline","Thunderclap"],"picked":"Flex","floor":2},{"not_picked":["Sever Soul","Havoc"],"picked":"Combust","floor":4},{"not_picked":["Flex","Havoc"],"picked":"Double Tap","floor":6},{"not_picked":["Body Slam","Havoc"],"picked":"Armaments","floor":10},{"not_picked":["Anger","Twin Strike"],"picked":"Limit Break","floor":12},{"not_picked":["Thunderclap","Warcry"],"picked":"Shrug It Off","floor":13},{"not_picked":["Shrug It Off","Clothesline"],"picked":"Power Through","floor":14},{"not_picked":["Impervious","Reaper"],"picked":"Limit Break","floor":16},{"not_picked":["Pummel","Warcry+1"],"picked":"Inflame","floor":18},{"not_picked":["Clothesline","Thunderclap"],"picked":"Hemokinesis","floor":19},{"not_picked":["Combust","Armaments+1"],"picked":"Shrug It Off","floor":23}],"player_experience":267037,"relics_obtained":[{"floor":6,"key":"Whetstone"},{"floor":9,"key":"Blue Candle"},{"floor":23,"key":"Bronze Scales"},{"floor":23,"key":"Nunchaku"}],"event_choices":[{"damage_healed":0,"gold_gain":0,"player_choice":"Slimed","damage_taken":11,"max_hp_gain":0,"max_hp_loss":0,"event_name":"betterThird:BetterGoop","floor":5,"gold_loss":27},{"damage_healed":0,"gold_gain":0,"player_choice":"Box","damage_taken":0,"relics_obtained":["Du-Vu Doll"],"max_hp_gain":0,"max_hp_loss":0,"event_name":"Big Fish","floor":7,"gold_loss":0,"cards_obtained":["Regret"]},{"damage_healed":0,"gold_gain":0,"player_choice":"Madness","damage_taken":0,"relics_obtained":["betterThird:NestCultRelic"],"max_hp_gain":0,"max_hp_loss":0,"event_name":"betterThird:BetterNest","floor":20,"gold_loss":0},{"damage_healed":0,"gold_gain":0,"player_choice":"Read","damage_taken":0,"max_hp_gain":0,"max_hp_loss":0,"event_name":"The Library","floor":21,"gold_loss":0,"cards_obtained":["Heavy Blade"]}],"is_beta":false,"boss_relics":[{"not_picked":["Busted Crown","SacredBark"],"picked":"Black Star"}],"items_purged_floors":[],"is_endless":false,"potions_floor_spawned":[4,6,12,16,18,23],"killed_by":"Gremlin Leader","ascension_level":0}}