{"host":"6xsbn6ynqlzwllfm","time":1612457738,"event":{"mods":["2.2 Compatiblity","BaseMod","Bestiary","Colored Map","Colored Powertips","Curses Come First","Downfall","Highlight Path","Keyboard Shortcuts","Minty Spire (QoL Compilation)","Relic Stats","Slay the Relics Exporter","StSLib","SuperFastMode"],"gold_per_floor":[99,99,109,119,132,32,79,106,126,36,36,51,76,31,41,138,138,38,57,76,176,193,193,193,212,212,231,231,245,260,72,84,183,183,183,196,208,63,63,78,78,97,127,239,151,66,91,91,102,102,102,102,102,102],"floor_reached":52,"language":"ENG","playtime":4845,"items_purged":["bronze:Strike","bronze:Strike"],"score":828,"play_id":"9f068074-94b5-4fd6-b521-67d616a399e1","local_time":"20210204115538","is_ascension_mode":false,"campfire_choices":[{"floor":1,"key":"RECALL"},{"data":"bronze:Philosophize","floor":6,"key":"SMITH"},{"data":"bronze:Iterate","floor":11,"key":"SMITH"},{"data":"bronze:AlphaBuild","floor":18,"key":"SMITH"},{"data":"bronze:DonuBeam","floor":26,"key":"SMITH"},{"data":"bronze:FollowUp","floor":28,"key":"SMITH"},{"data":"bronze:FineTuning","floor":35,"key":"SMITH"},{"data":"expansioncontent:Hexaburn","floor":45,"key":"SMITH"}],"circlet_count":0,"master_deck":["bronze:Defend","bronze:Defend","bronze:Defend","bronze:Defend","bronze:Replicate","bronze:Goto","Deep Breath","bronze:OilSpill","bronze:Frontload","bronze:Philosophize+1","bronze:OilSpill","bronze:Return","bronze:Iterate+1","bronze:WhirlingStrike","bronze:Terminator","bronze:Iterate","bronze:ItsAFeature","bronze:FollowUp+1","bronze:Branch","bronze:AlphaBuild+1","bronze:Frontload","bronze:SpaghettiCode","bronze:Flail+1","bronze:DecaBeam","bronze:DonuBeam+1","bronze:Strike","bronze:CutThrough+1","bronze:Boost+1","bronze:FineTuning+1","bronze:MaxOutput","bronze:Optimize+1","bronze:Virus","expansioncontent:Chronoboost","expansioncontent:InvincibleStrength","expansioncontent:Hexaburn+1","bronze:Shell","bronze:ForceShield","Mind Blast","bronze:Assembly"],"relics":["bronze:BronzeCore","downfall:HeartBlessingRed","PreservedInsect","Eternal Feather","Shuriken","Coffee Dripper","downfall:HeartBlessingGreen","Slimebound:PreparedRelic","Vajra","Snecko Eye","Centennial Puzzle","MawBank","Potion Belt","downfall:HeartBlessingBlue","Dream Catcher"],"acts_visited":["Exordium","TheCity","TheBeyond","TheEnding"],"potions_floor_usage":[14,14,16,20,37,43,52],"damage_taken":[{"damage":6,"enemies":"Jaw Worm","floor":3,"turns":4},{"damage":1,"enemies":"Cultist","floor":4,"turns":4},{"damage":0,"enemies":"2 Louse","floor":5,"turns":2},{"damage":10,"enemies":"3 Sentries","floor":8,"turns":5},{"damage":8,"enemies":"Blue Slaver","floor":9,"turns":3},{"damage":10,"enemies":"downfall:FleeingMerchant","floor":10,"turns":4},{"damage":0,"enemies":"Exordium Thugs","floor":12,"turns":3},{"damage":0,"enemies":"Gremlin Nob","floor":13,"turns":2},{"damage":10,"enemies":"downfall:FleeingMerchant","floor":14,"turns":4},{"damage":8,"enemies":"Lots of Slimes","floor":15,"turns":2},{"damage":4,"enemies":"WA_ARCHETYPE_RETAIN","floor":16,"turns":4},{"damage":11,"enemies":"Shell Parasite","floor":19,"turns":2},{"damage":5,"enemies":"Centurion and Healer","floor":20,"turns":4},{"damage":0,"enemies":"Centurion and Healer","floor":21,"turns":4},{"damage":0,"enemies":"Sentry and Sphere","floor":22,"turns":2},{"damage":0,"enemies":"Shelled Parasite and Fungi","floor":25,"turns":4},{"damage":0,"enemies":"Centurion and Healer","floor":27,"turns":3},{"damage":0,"enemies":"Chosen and Byrds","floor":29,"turns":3},{"damage":4,"enemies":"Cultist and Chosen","floor":30,"turns":2},{"damage":3,"enemies":"3 Cultists","floor":32,"turns":4},{"damage":13,"enemies":"IC_MUSHROOM_ARCHETYPE","floor":33,"turns":4},{"damage":0,"enemies":"Orb Walker","floor":36,"turns":2},{"damage":17,"enemies":"3 Shapes","floor":37,"turns":6},{"damage":4,"enemies":"Maw","floor":40,"turns":5},{"damage":4,"enemies":"Writhing Mass","floor":42,"turns":4},{"damage":0,"enemies":"Giant Head","floor":43,"turns":5},{"damage":0,"enemies":"downfall:LadyInBlue","floor":44,"turns":4},{"damage":7,"enemies":"Reptomancer","floor":47,"turns":2},{"damage":0,"enemies":"4 Shapes","floor":49,"turns":3},{"damage":0,"enemies":"DF_ARCHETYPE_ORBS","floor":50,"turns":5},{"damage":123,"enemies":"downfall:CharBossMerchant","floor":52,"turns":8}],"seed_played":"5710073029159205241","potions_obtained":[{"floor":4,"key":"GamblersBrew"},{"floor":5,"key":"SpeedPotion"},{"floor":12,"key":"LiquidBronze"},{"floor":15,"key":"sneckomod:MuddlingPotion"},{"floor":21,"key":"EssenceOfSteel"},{"floor":25,"key":"Strength Potion"},{"floor":29,"key":"FairyPotion"},{"floor":33,"key":"Swift Potion"},{"floor":37,"key":"SkillPotion"},{"floor":44,"key":"LiquidBronze"},{"floor":44,"key":"LiquidBronze"},{"floor":44,"key":"ColorlessPotion"},{"floor":44,"key":"Explosive Potion"}],"is_trial":false,"path_per_floor":["R","?","M","M","M","R","T","E","M","$","R","M","E","$","M","B",null,"R","M","M","?","M","?","T","M","R","M","R","M","M","$","M","B",null,"R","M","M","$","?","M","T","M","E","?","R","$","E","$","M","B",null,"E"],"character_chosen":"THE_AUTOMATON","items_purchased":["bronze:ItsAFeature","bronze:FollowUp","CultistPotion","Vajra","bronze:MaxOutput","Centennial Puzzle","Mind Blast"],"campfire_rested":0,"item_purchase_floors":[14,14,14,31,31,38,46],"current_hp_per_floor":[70,70,64,63,63,63,63,53,45,35,44,44,44,34,26,22,70,70,59,54,54,54,54,54,54,69,69,70,70,66,66,63,50,70,70,70,53,53,43,39,39,35,35,35,66,66,59,59,59,59,80,0,0,0],"gold":102,"neow_bonus":"RANDOM_COLORLESS","is_daily":false,"chose_seed":false,"campfire_upgraded":7,"win_rate":0.0,"timestamp":1612457738,"path_taken":["R","?","M","M","M","R","T","E","M","?","R","?","E","$","M","BOSS","R","M","M","?","M","?","T","M","R","M","R","M","?","$","M","BOSS","R","M","M","?","?","M","T","M","E","?","R","$","E","$","M","BOSS","E"],"items_purchased_type":["Card","Card","Potion","Relic","Card","Relic","Card"],"build_version":"2020-12-22","purchased_purges":2,"victory":false,"max_hp_per_floor":[70,70,70,70,70,70,70,70,70,70,70,70,70,70,70,70,70,70,70,70,70,70,70,70,70,70,70,70,70,70,70,70,70,70,70,70,70,70,70,70,70,70,70,70,80,80,80,80,80,80,80,80,80,80],"relic_stats":{"Centennial Puzzle":[12],"Dream Catcher":0,"counters":[31,113],"Shuriken":[49],"Snecko Eye":[78,90,85,77],"Eternal Feather":46,"PreservedInsect":560,"MawBank":36,"obtain_stats":[{"Potion Belt":44,"bronze:BronzeCore":0,"downfall:HeartBlessingRed":6,"Vajra":31,"Eternal Feather":8,"downfall:HeartBlessingGreen":18,"PreservedInsect":7,"MawBank":43,"Centennial Puzzle":38,"Dream Catcher":47,"Shuriken":13,"downfall:HeartBlessingBlue":45,"Snecko Eye":34,"Slimebound:PreparedRelic":24,"Coffee Dripper":17},{"Potion Belt":27,"bronze:BronzeCore":0,"downfall:HeartBlessingRed":3,"Vajra":19,"Eternal Feather":4,"downfall:HeartBlessingGreen":11,"PreservedInsect":3,"MawBank":26,"Centennial Puzzle":23,"Dream Catcher":28,"Shuriken":8,"downfall:HeartBlessingBlue":27,"Snecko Eye":21,"Slimebound:PreparedRelic":15,"Coffee Dripper":11},{"Potion Belt":95,"bronze:BronzeCore":0,"downfall:HeartBlessingRed":10,"Vajra":61,"Eternal Feather":15,"downfall:HeartBlessingGreen":37,"PreservedInsect":10,"MawBank":91,"Centennial Puzzle":77,"Dream Catcher":97,"Shuriken":27,"downfall:HeartBlessingBlue":95,"Snecko Eye":69,"Slimebound:PreparedRelic":49,"Coffee Dripper":37}]},"card_choices":[{"not_picked":["Bandage Up","Mind Blast"],"picked":"Deep Breath","floor":0},{"not_picked":["bronze:Turbo","bronze:ChildClass"],"picked":"bronze:Frontload","floor":3},{"not_picked":["bronze:WhirlingStrike","bronze:DarkDash"],"picked":"bronze:Philosophize","floor":4},{"not_picked":["bronze:Repair","bronze:Turbo"],"picked":"bronze:OilSpill","floor":5},{"not_picked":["bronze:Constructor","bronze:ClassDefault"],"picked":"bronze:Return","floor":8},{"not_picked":["bronze:WildBeam","bronze:DelayedSlice"],"picked":"bronze:Iterate","floor":9},{"not_picked":["bronze:ForceShield","bronze:DelayedGuard"],"picked":"bronze:WhirlingStrike","floor":10},{"not_picked":["bronze:Return","bronze:ForLoop","bronze:CutThrough"],"picked":"SKIP","floor":12},{"not_picked":["bronze:ClassDefault","bronze:RecursiveStrike"],"picked":"bronze:Terminator","floor":13},{"not_picked":["bronze:ClassDefault","bronze:ChildClass"],"picked":"bronze:Iterate","floor":14},{"not_picked":["bronze:ForceShield","bronze:ItsAFeature"],"picked":"bronze:Branch","floor":15},{"not_picked":["bronze:ThunderWave","bronze:Break"],"picked":"bronze:AlphaBuild","floor":16},{"not_picked":["bronze:Constructor","bronze:BuggyMess"],"picked":"bronze:Frontload","floor":19},{"not_picked":["bronze:Deprecate+1","bronze:ForLoop"],"picked":"bronze:SpaghettiCode","floor":20},{"not_picked":["bronze:Separator","bronze:BuggyMess"],"picked":"bronze:Flail+1","floor":21},{"not_picked":[],"picked":"bronze:DecaBeam","floor":21},{"not_picked":[],"picked":"bronze:DonuBeam","floor":21},{"not_picked":["bronze:DelayedSlice+1","bronze:Overheat","bronze:CutThrough"],"picked":"SKIP","floor":22},{"not_picked":["bronze:Return+1","bronze:DelayedGuard"],"picked":"bronze:CutThrough+1","floor":25},{"not_picked":["bronze:Terminator","bronze:Branch","bronze:DelayedSlice"],"picked":"SKIP","floor":27},{"not_picked":["bronze:BuggyMess","bronze:HardenedForm"],"picked":"bronze:Boost+1","floor":29},{"not_picked":["bronze:Fortify","bronze:MaxOutput+1"],"picked":"bronze:FineTuning","floor":30},{"not_picked":["bronze:Fortify","bronze:BuggyMess+1"],"picked":"bronze:Optimize+1","floor":32},{"not_picked":["bronze:HyperBeam","bronze:ThunderWave"],"picked":"bronze:Virus","floor":33},{"not_picked":["bronze:CutThrough","bronze:NullPointer+1","bronze:Invalidate+1"],"picked":"SKIP","floor":36},{"not_picked":["expansioncontent:InvincibleStrength","expansioncontent:GuardianWhirl"],"picked":"expansioncontent:Chronoboost","floor":39},{"not_picked":["expansioncontent:GuardianWhirl","expansioncontent:PrepareCrush"],"picked":"expansioncontent:InvincibleStrength","floor":39},{"not_picked":["expansioncontent:Chronoboost","expansioncontent:LastStand"],"picked":"expansioncontent:Hexaburn","floor":39},{"not_picked":["bronze:Terminator","bronze:ForceShield"],"picked":"bronze:Shell","floor":40},{"not_picked":["bronze:Flail","bronze:GetLatest","bronze:Frontload"],"picked":"SKIP","floor":43},{"not_picked":["bronze:Overheat","bronze:Constructor"],"picked":"bronze:ForceShield","floor":44},{"not_picked":["bronze:CloningBeam+1","bronze:BitShift+1","bronze:MaxOutput+1"],"picked":"SKIP","floor":47},{"not_picked":["bronze:Iterate+1","bronze:Allocate+1"],"picked":"bronze:Assembly","floor":49}],"player_experience":1610651,"relics_obtained":[{"floor":7,"key":"PreservedInsect"},{"floor":8,"key":"Eternal Feather"},{"floor":13,"key":"Shuriken"},{"floor":24,"key":"Slimebound:PreparedRelic"},{"floor":43,"key":"MawBank"},{"floor":44,"key":"Potion Belt"},{"floor":47,"key":"Dream Catcher"}],"event_choices":[{"cards_removed":["bronze:Strike"],"damage_healed":0,"gold_gain":0,"player_choice":"Took Card","damage_taken":0,"max_hp_gain":0,"max_hp_loss":0,"event_name":"NoteForYourself","floor":23,"gold_loss":0,"cards_obtained":["bronze:Strike"]}],"is_beta":false,"boss_relics":[{"not_picked":["SacredBark","Runic Pyramid"],"picked":"Coffee Dripper"},{"not_picked":["Empty Cage","Tiny House"],"picked":"Snecko Eye"}],"items_purged_floors":[10,14],"is_endless":false,"potions_floor_spawned":[4,5,12,15,21,25,27,29,30,33,37,42,44],"killed_by":"downfall:CharBossMerchant","ascension_level":0}}