{"host":"r53pw7z744tg3fxg","time":1612454581,"event":{"mods":["AchievementEnabler","BaseMod","Colored Map","Colored Powertips","Highlight Path","Minty Spire (QoL Compilation)","Quick Restart","Transform Curses"],"gold_per_floor":[110,84,98,114,133,133,133,150,224,224,253,253,265,32,32,109,109,63,82,82,82,82,82,82],"floor_reached":23,"language":"ENG","playtime":883,"items_purged":["Regret"],"score":553,"play_id":"ea0eeb06-dde5-45da-af98-4c296a46dee3","local_time":"20210204090301","is_ascension_mode":true,"campfire_choices":[{"data":"Eruption","floor":6.0,"key":"SMITH"},{"floor":12.0,"key":"REST"},{"data":"DevaForm","floor":15.0,"key":"SMITH"}],"circlet_count":0,"master_deck":["AscendersBane","Strike_P+1","Strike_P+1","Strike_P+1","Strike_P+1","Defend_P+1","Defend_P+1","Defend_P+1","Defend_P+1","Eruption+1","Vigilance","Prostrate","ThirdEye","CarveReality","BowlingBash","FearNoEvil","Protect","DevaForm+1","Devotion","FollowUp","JustLucky","Writhe","RitualDagger"],"relics":["PureWater","Singing Bowl","StoneCalendar","Anchor","HandDrill","VioletLotus","Bag of Preparation"],"acts_visited":["TheCity"],"potions_floor_usage":[],"damage_taken":[{"damage":4.0,"enemies":"Jaw Worm","floor":1.0,"turns":4.0},{"damage":4.0,"enemies":"Small Slimes","floor":3.0,"turns":7.0},{"damage":0.0,"enemies":"2 Louse","floor":4.0,"turns":2.0},{"damage":1.0,"enemies":"2 Fungi Beasts","floor":5.0,"turns":3.0},{"damage":2.0,"enemies":"Blue Slaver","floor":8.0,"turns":3.0},{"damage":24.0,"enemies":"3 Sentries","floor":11.0,"turns":7.0},{"damage":2.0,"enemies":"3 Louse","floor":13.0,"turns":4.0},{"damage":38.0,"enemies":"Slime Boss","floor":16.0,"turns":6.0},{"damage":21.0,"enemies":"2 Thieves","floor":18.0,"turns":5.0},{"damage":26.0,"enemies":"Spheric Guardian","floor":19.0,"turns":5.0},{"damage":17,"enemies":"Centurion and Healer","floor":23,"turns":4}],"seed_played":"-6081207506441421507","potions_obtained":[{"floor":5.0,"key":"Ancient Potion"},{"floor":8.0,"key":"Swift Potion"}],"is_trial":false,"path_per_floor":["M","$","M","M","M","R","?","M","T","?","E","R","M","$","R","B",null,"M","M","?","?","?","M"],"character_chosen":"WATCHER","items_purchased":["ThirdEye","HandDrill"],"campfire_rested":1,"item_purchase_floors":[2,14],"current_hp_per_floor":[63,63,59,59,58,58,58,56,56,56,32,54,54,54,54,16,61,40,14,14,14,8,0,0],"gold":82,"neow_bonus":"TEN_PERCENT_HP_BONUS","is_daily":false,"chose_seed":false,"campfire_upgraded":2,"win_rate":0.0,"timestamp":1612454581,"path_taken":["M","$","M","M","M","R","?","M","T","?","E","R","M","?","R","BOSS","M","M","?","?","?","M"],"items_purchased_type":["Card","Relic"],"build_version":"2020-12-22","purchased_purges":1,"victory":false,"max_hp_per_floor":[74,74,74,74,74,74,74,74,74,74,74,74,76,76,76,76,76,76,76,76,76,76,76,76],"card_choices":[{"not_picked":["EmptyFist","PathToVictory"],"picked":"Prostrate","floor":1.0},{"not_picked":["Prostrate","Tantrum"],"picked":"CarveReality","floor":3.0},{"not_picked":["Evaluate","DeceiveReality"],"picked":"BowlingBash","floor":4.0},{"not_picked":["Halt","Evaluate"],"picked":"FearNoEvil","floor":5.0},{"not_picked":["EmptyFist","CutThroughFate"],"picked":"Protect","floor":8.0},{"not_picked":["Protect","FlyingSleeves"],"picked":"DevaForm","floor":11.0},{"not_picked":["Protect","SandsOfTime","CutThroughFate"],"picked":"Singing Bowl","floor":13.0},{"not_picked":["Vault","Brilliance"],"picked":"Devotion","floor":16.0},{"not_picked":["PathToVictory","Evaluate"],"picked":"FollowUp","floor":18.0},{"not_picked":["ThirdEye","Tantrum"],"picked":"JustLucky","floor":19.0}],"player_experience":1435895,"relics_obtained":[{"floor":9.0,"key":"Singing Bowl"},{"floor":11.0,"key":"Anchor"}],"event_choices":[{"damage_healed":0.0,"max_hp_gain":0.0,"max_hp_loss":0.0,"gold_gain":0.0,"event_name":"Liars Game","player_choice":"Ignored","floor":7.0,"gold_loss":0.0,"damage_taken":0.0},{"damage_healed":0.0,"max_hp_gain":0.0,"max_hp_loss":0.0,"gold_gain":0.0,"event_name":"Big Fish","player_choice":"Box","floor":10.0,"gold_loss":0.0,"damage_taken":0.0,"relics_obtained":["StoneCalendar"],"cards_obtained":["Regret"]},{"damage_healed":0.0,"max_hp_gain":0.0,"max_hp_loss":0.0,"gold_gain":0.0,"event_name":"Back to Basics","player_choice":"Simplicity","floor":20.0,"gold_loss":0.0,"damage_taken":0.0,"cards_upgraded":["Strike_P","Strike_P","Strike_P","Strike_P","Defend_P","Defend_P","Defend_P","Defend_P"]},{"damage_healed":0.0,"max_hp_gain":0.0,"max_hp_loss":0.0,"gold_gain":0.0,"event_name":"The Mausoleum","player_choice":"Opened","floor":21.0,"gold_loss":0.0,"damage_taken":0.0,"relics_obtained":["Bag of Preparation"],"cards_obtained":["Writhe"]},{"damage_healed":0.0,"max_hp_gain":0.0,"max_hp_loss":0.0,"gold_gain":0.0,"event_name":"Nest","player_choice":"Joined the Cult","floor":22.0,"gold_loss":0.0,"damage_taken":6.0,"cards_obtained":["RitualDagger"]}],"is_beta":false,"boss_relics":[{"not_picked":["Black Star","Fusion Hammer"],"picked":"VioletLotus"}],"items_purged_floors":[14],"is_endless":false,"potions_floor_spawned":[5,8],"killed_by":"Centurion and Healer","ascension_level":18}}