{"host":"pesfwaef25r60kxm","time":1612422948,"event":{"mods":["ATMod(阿瑾Mod)","Act Like it!","Arknights","BaseMod","Colored Powertips","Downfall","Gensokyo","Hunter 猎人","Minty Spire (QoL Compilation)","Pale of the Ancients","Replay The Spire","RumiaBox-露米娅的神秘盒子","Shop Mod","Spicy Shops","StSLib","Waifu the Spire","WarShipGirlsR/战舰少女R mod","Youmu（魂魄妖梦）","[IsaacMod]以撒尖塔","noobMod","【功能Mod】聪明的最终Boss","【遗物卡牌】REMEMod"],"gold_per_floor":[149,160,160,175,218,218,249,295,295,310,310,325,389,407,407,541,541,553,571,571,586,107,107,140,190,239,456,496,496,321,347,347,473,473,485,535,547,561,561,561,587,587,587,365,365,383,233,273,273,273,289,332,429,93,93,112,112,112,112,112],"floor_reached":61,"language":"ZHS","playtime":2541,"items_purged":["Strike_Giant","Strike_Giant","Amnesia","EagleFirst","Defend_Giant","EagleFirst","EagleSecond"],"score":1379,"play_id":"792b4b54-4f4b-41cd-9062-9c44865d165d","local_time":"20210204151548","is_ascension_mode":true,"campfire_choices":[{"data":"Juggernaut","floor":6.0,"key":"SMITH"},{"data":"Spirit Of Beast","floor":15.0,"key":"SMITH"},{"floor":23.0,"key":"RECALL"},{"data":"GremlinNobPetCall","floor":29.0,"key":"SMITH"},{"data":"Defend_Giant","floor":32.0,"key":"PURGE"},{"data":"HPGrowth_Giant","floor":40.0,"key":"SMITH"},{"data":"HPGrowth_Giant","floor":42.0,"key":"SMITH"},{"data":"CultistPetCall","floor":45.0,"key":"SMITH"},{"data":"Spirit Of Beast","floor":55.0,"key":"SMITH"},{"data":"CultistPetCall","floor":57,"key":"SMITH"}],"circlet_count":0,"master_deck":["Defend_Giant+1","Defend_Giant+1","CultistPetCall+1","AT_ArcaneSupremacy","Juggernaut+1","HPGrowth_Giant+1","Protect_Giant","Spirit Of Beast+1","CultistPetCall+1","GremlinNobPetCall+1","Fanatic Cultist","HPGrowth_Giant+1","Mana Growth","Fanatic Cultist+1","Echo Defend Giant+1","Double Mana","Resurrection Giant+1","Seek Pet+1","Fanatic Cultist+1","Spirit Of Beast+1","Fanatic Cultist"],"relics":["GiantSoulBox","HushsDoor","ice","REME_ComplimentaryCards","AT_ATBox","PillsDrop","NeowsBlessing","AddBug","SecretRecord","SecretRecord","SecretRecord","SecretRecord","SecretRecord","SecretRecord","SecretRecord","SecretRecord"],"acts_visited":["Exordium","Exordium","TheBeyond","TheBeyond"],"potions_floor_usage":[60],"damage_taken":[{"damage":0.0,"enemies":"Cultist","floor":1.0,"turns":1.0},{"damage":0.0,"enemies":"2 Louse","floor":2.0,"turns":2.0},{"damage":0.0,"enemies":"Small Slimes","floor":4.0,"turns":1.0},{"damage":18.0,"enemies":"3 Louse","floor":5.0,"turns":5.0},{"damage":31.0,"enemies":"Lagavulin","floor":7.0,"turns":5.0},{"damage":11.0,"enemies":"Gremlin Gang","floor":8.0,"turns":5.0},{"damage":22.0,"enemies":"Looter","floor":10.0,"turns":4.0},{"damage":34.0,"enemies":"Blue Slaver","floor":12.0,"turns":5.0},{"damage":18.0,"enemies":"Gremlin Nob","floor":13.0,"turns":4.0},{"damage":0.0,"enemies":"Red Slaver","floor":14.0,"turns":2.0},{"damage":0.0,"enemies":"The Guardian","floor":16.0,"turns":5.0},{"damage":0.0,"enemies":"Gensokyo:AngelMirror","floor":18.0,"turns":3.0},{"damage":2.0,"enemies":"Gensokyo:CosmicMonolith","floor":19.0,"turns":4.0},{"damage":5.0,"enemies":"Gensokyo:Swordslinger","floor":21.0,"turns":3.0},{"damage":16.0,"enemies":"Gensokyo:Tenshi","floor":24.0,"turns":3.0},{"damage":37.0,"enemies":"Hiden Room Battle","floor":25.0,"turns":4.0},{"damage":0.0,"enemies":"Gensokyo:Wraith","floor":27.0,"turns":3.0},{"damage":2.0,"enemies":"Gensokyo:Monolith_and_Dog","floor":28.0,"turns":3.0},{"damage":0.0,"enemies":"Gensokyo:Reisen","floor":31.0,"turns":4.0},{"damage":0.0,"enemies":"Gensokyo:Eternal_Rivals","floor":33.0,"turns":5.0},{"damage":36.0,"enemies":"3 Shapes","floor":35.0,"turns":3.0},{"damage":0.0,"enemies":"Mind Bloom Boss Battle","floor":36.0,"turns":3.0},{"damage":3.0,"enemies":"3 Darklings","floor":37.0,"turns":3.0},{"damage":0.0,"enemies":"Writhing Mass","floor":38.0,"turns":3.0},{"damage":0.0,"enemies":"R_Hoarder","floor":41.0,"turns":4.0},{"damage":10.0,"enemies":"Spire Growth","floor":46.0,"turns":3.0},{"damage":0.0,"enemies":"Transient","floor":48.0,"turns":5.0},{"damage":0.0,"enemies":"Donu and Deca","floor":50.0,"turns":9.0},{"damage":12.0,"enemies":"Donu and Deca","floor":51.0,"turns":4.0},{"damage":68.0,"enemies":"Donu and Deca","floor":52.0,"turns":6.0},{"damage":136,"enemies":"Donu and Deca","floor":56,"turns":10},{"damage":251,"enemies":"Delirium","floor":60,"turns":28}],"seed_played":"73412701241107203","potions_obtained":[{"floor":2.0,"key":"Reflective Coating"},{"floor":4.0,"key":"AttackPotion"},{"floor":14.0,"key":"Fire Potion"},{"floor":16.0,"key":"AttackPotion"},{"floor":18.0,"key":"Ancient Potion"},{"floor":27.0,"key":"Fire Potion"},{"floor":28.0,"key":"ColorlessPotion"},{"floor":41.0,"key":"Explosive Potion"},{"floor":51.0,"key":"DistilledChaos"}],"is_trial":false,"path_per_floor":["M","M","?","M","M","R","E","M","T","M","?","M","E","M","R","B",null,"M","M","?","M","COS","R","E","?","T","M","M","R","$","E","R","B",null,"M","?","M","M","?","R","E","R","T","$","R","M","$","M","R","B","M","M","?","$","R","M","R","$","?","B",null],"character_chosen":"Giant","items_purchased":["GremlinNobPetCall","FairyPotion","FairyPotion","Spirit Of Beast","SkillPotion"],"campfire_rested":0,"item_purchase_floors":[17,34,44,54,54],"current_hp_per_floor":[65,65,47,47,34,34,3,59,59,37,37,3,65,65,65,70,86,83,81,81,76,76,76,60,100,100,103,108,108,108,109,109,117,106,70,86,97,104,104,104,123,123,123,123,123,115,115,156,176,378,384,459,250,250,250,114,114,114,114,384],"gold":112,"neow_bonus":"THREE_ENEMY_KILL","is_daily":false,"chose_seed":false,"campfire_upgraded":8,"win_rate":0.0,"timestamp":1612422948,"path_taken":["M","?","?","M","M","R","E","M","T","?","?","M","E","M","R","BOSS","M","?","?","M","COS","R","E","?","T","M","?","R","$","E","R","BOSS","M","?","M","M","?","R","E","R","T","?","R","M","$","M","R","BOSS","M","M","?","$","R","M","R","$","?","BOSS"],"items_purchased_type":["Card","Potion","Potion","Card","Potion"],"build_version":"2020-12-22","purchased_purges":7,"victory":true,"max_hp_per_floor":[65,65,65,60,65,65,65,71,71,74,74,78,84,85,85,95,86,83,86,86,89,89,89,94,100,100,103,108,108,108,109,109,117,106,106,118,118,120,120,120,123,123,123,123,123,126,126,176,176,378,388,524,524,524,524,524,524,524,524,551],"card_choices":[{"not_picked":["Echo Defend Giant","CultistPetCall","Commander_Giant"],"picked":"SKIP","floor":1.0},{"not_picked":["Clone Minion","Combo Connect","Drunk Grant"],"picked":"SKIP","floor":2.0},{"not_picked":["Retain Combo","EagleSecond","Blood Defend"],"picked":"SKIP","floor":4.0},{"not_picked":["Fanatic Cultist","Duplicate Hand"],"picked":"HPGrowth_Giant","floor":5.0},{"not_picked":["EagleSecond","Retain Combo"],"picked":"Protect_Giant","floor":7.0},{"not_picked":["LeftHookFist","Bomb"],"picked":"Spirit Of Beast","floor":8.0},{"not_picked":["GremlinTsunderePetCall","Trace_Giant"],"picked":"CultistPetCall","floor":10.0},{"not_picked":["Backflip Giant","Ready_Giant","Pummel Giant"],"picked":"SKIP","floor":12.0},{"not_picked":["GhostForm_Giant","Commander_Giant","Ready_Giant"],"picked":"SKIP","floor":13.0},{"not_picked":["Struggle Attack","Combo Form","Trace_Giant"],"picked":"SKIP","floor":14.0},{"not_picked":["Protect_Giant","ByrdPetCall"],"picked":"Fanatic Cultist","floor":18.0},{"not_picked":["Backward Giant","Combo Form"],"picked":"HPGrowth_Giant","floor":19.0},{"not_picked":["EagleSecond","Combo Defend","CultistPetCall"],"picked":"SKIP","floor":21.0},{"not_picked":["Combo Recycle+1","Rupture Giant","GhostForm_Giant"],"picked":"SKIP","floor":24.0},{"not_picked":["Clone Minion","Pummel Giant+1"],"picked":"Mana Growth","floor":25.0},{"not_picked":["Recover HP","Echo Defend Giant+1"],"picked":"Fanatic Cultist+1","floor":27.0},{"not_picked":["EagleThird+1","Drunk Grant+1","Unlimited Combo"],"picked":"SKIP","floor":28.0},{"not_picked":["Encourage_Giant","Revenge Attack"],"picked":"Echo Defend Giant+1","floor":31.0},{"not_picked":["Time Travel","Recover HP"],"picked":"Double Mana","floor":33.0},{"not_picked":["Protect_Giant+1","Echo Defend Giant+1","Rupture Giant+1"],"picked":"SKIP","floor":35.0},{"not_picked":["Pummel Giant+1","Echo Defend Giant"],"picked":"Resurrection Giant","floor":36.0},{"not_picked":["EagleThird","GremlinTsunderePetCall+1","Protect_Giant+1"],"picked":"SKIP","floor":37.0},{"not_picked":["Giant Prayer+1","CultistForm","Blood Defend+1"],"picked":"SKIP","floor":38.0},{"not_picked":["Death Explode","Encourage_Giant+1","Infinite Combo"],"picked":"SKIP","floor":41.0},{"not_picked":["Struggle Attack","One Blood","HPGrowth_Giant"],"picked":"SKIP","floor":46.0},{"not_picked":["CultistPetCall","Ready_Giant+1","Backflip Giant"],"picked":"SKIP","floor":48.0},{"not_picked":["Meditate Giant+1","Random Death Rattle+1","Pummel Giant+1"],"picked":"SKIP","floor":51.0},{"not_picked":["Struggle Attack+1","Backflip Giant"],"picked":"Seek Pet+1","floor":52.0},{"not_picked":["HPGrowth_Giant","Trace_Giant+1"],"picked":"Fanatic Cultist+1","floor":53.0},{"not_picked":["TakeAction_Giant","Combo Recycle+1"],"picked":"Fanatic Cultist","floor":56}],"player_experience":167768,"relics_obtained":[{"floor":1.0,"key":"AddBug"},{"floor":7.0,"key":"Replay:Wax Seal"},{"floor":8.0,"key":"SecretRecord"},{"floor":13.0,"key":"GiantSoulStone"},{"floor":13.0,"key":"SecretRecord"},{"floor":13.0,"key":"Pantograph"},{"floor":21.0,"key":"SecretRecord"},{"floor":24.0,"key":"SecretRecord"},{"floor":24.0,"key":"BookOfRevelations"},{"floor":25.0,"key":"HornCleat"},{"floor":25.0,"key":"Vajra"},{"floor":26.0,"key":"Toy Ornithopter"},{"floor":31.0,"key":"SecretRecord"},{"floor":31.0,"key":"REME_HandOfSuture"},{"floor":36.0,"key":"Counterbalance"},{"floor":38.0,"key":"SecretRecord"},{"floor":41.0,"key":"Mirror"},{"floor":43.0,"key":"ZombieArmy"},{"floor":52.0,"key":"SecretRecord"},{"floor":56,"key":"paleoftheancients:SoulOfTheDefect"}],"event_choices":[{"damage_healed":0.0,"max_hp_gain":0.0,"max_hp_loss":0.0,"gold_gain":0.0,"event_name":"Scrap Ooze","player_choice":"Success","floor":3.0,"gold_loss":0.0,"damage_taken":18.0,"relics_obtained":["Shovel"]},{"damage_healed":0.0,"max_hp_gain":0.0,"max_hp_loss":0.0,"gold_gain":0.0,"event_name":"HidenRoomEvent","player_choice":"Fight","floor":25.0,"gold_loss":0.0,"damage_taken":0.0},{"damage_healed":0.0,"max_hp_gain":0.0,"max_hp_loss":0.0,"gold_gain":0.0,"event_name":"MindBloom","player_choice":"Fight","floor":36.0,"gold_loss":0.0,"damage_taken":0.0},{"damage_healed":0.0,"max_hp_gain":0.0,"max_hp_loss":0.0,"gold_gain":0.0,"event_name":"Tomb of Lord Red Mask","player_choice":"Ignored","floor":39.0,"gold_loss":0.0,"damage_taken":0.0}],"is_beta":false,"boss_relics":[{"not_picked":["Astrolabe","REME_DuelDisc"],"picked":"Abe\u0027s Treasure"},{"not_picked":[]},{"not_picked":["AT_MortalBlade","EasyGame_NEW"],"picked":"ChewingGum"},{"not_picked":[]}],"items_purged_floors":[17,30,30,34,44,47,54],"is_endless":false,"potions_floor_spawned":[2,4,14,16,18,19,27,28,31,33,41,46,48,51],"ascension_level":2}}