{"host":"j4tm1fhkymdbe3p9","time":1612412656,"event":{"mods":["A Magickal Journey","BaseMod","Better Third Choice","BetterRewards","Chen","Downfall","Hermit","Hubris","Infinite Spire","Koishi","Luminous","Marisa????????","Mimic Mod","Minty Spire (QoL Compilation)","Reimu??????","Remilia??????","Replay The Spire","Shade Mod","Shop Mod","StSLib","The Administrix","The Animator","The Blackbeard","The Bladedancer","The Construct","The Cursed","The Disciple","The Druid","The Exalted","The Gatherer","The Hierophant","The Mystic","The Necromancer","The Runesmith","The Servant 0.9.4","The Spell Scribe","TheSwordswoman","??????REMEMod"],"gold_per_floor":[111,186,204,204,216,216,227,252,264,311,37,55,68,98,98,193,193,210,210,223,223,95,95,123,123,123,137,147,159,125,156,156,253,253,263,283,303,303,313,56,56,56,88,88,114,114,143,143,143,143],"floor_reached":50,"language":"ENG","playtime":3375,"items_purged":["Strike_RM","Strike_RM"],"score":680,"play_id":"ceedf704-9394-41df-980c-553ec3d8d6a1","local_time":"20210203232416","is_ascension_mode":false,"campfire_choices":[{"data":"ScarletDevilSign","floor":6,"key":"SMITH"},{"floor":15,"key":"REST"},{"data":"TransientEternity","floor":23,"key":"SMITH"},{"floor":25,"key":"REST"},{"floor":42,"key":"REST"},{"floor":47,"key":"REST"},{"data":"ScarletMeister","floor":49,"key":"SMITH"}],"circlet_count":0,"master_deck":["Strike_RM","Strike_RM","Defend_RM","Defend_RM","Defend_RM","Defend_RM","RedMoon","ScarletShoot","Limit Break+1","DiffusionOfMisfortune","DiffusionOfMisfortune","ScarletDevilSign+1","UnderTheZenith","TransientEternity+1","TransientEternity+1","UnderTheZenith+1","MastersStateliness","ScarletDevil","Stigmanizer","NightLord","EquivalentExchange","BombardNight","DiffusionOfMisfortune","DiffusionOfMisfortune","MastersStateliness","ScarletDevil","UnderTheZenith+1","Lust_TH","ScarletMeister+1","StarOfDavid+1","Parasite","RedMagic+1","Writhe","DiffusionOfMisfortune","UnderTheZenith","RedMoon","ScarletDevil","TwelveNightmare+1"],"relics":["ScarletHat","REME_ComplimentaryCards","NeowsBlessing","Runesmith:Nanobots","MawBank","Mummified Hand","Anchor","DollysMirror","Juzu Bracelet","Philosopher\u0027s Stone","REME_HandOfSuture","MealTicket","APieceOfRedMist","Dream Catcher","hubris:Teleporter","ScarletDevilRocket","Busted Crown","Strange Spoon","TungstenRod","Bag of Preparation","infinitespire:PuzzleCube","hubris:TenFootPole"],"acts_visited":["Exordium","TheCity","TheBeyond"],"potions_floor_usage":[10,10,18,24,33,33,37,50],"damage_taken":[{"damage":0,"enemies":"Cultist","floor":1,"turns":1},{"damage":0,"enemies":"Jaw Worm","floor":3,"turns":2},{"damage":0,"enemies":"infinitespire:Voidling","floor":5,"turns":1},{"damage":0,"enemies":"Red Slaver","floor":7,"turns":1},{"damage":19,"enemies":"3 Sentries","floor":8,"turns":11},{"damage":7,"enemies":"Lagavulin","floor":10,"turns":5},{"damage":0,"enemies":"2 Fungi Beasts","floor":12,"turns":1},{"damage":0,"enemies":"Large Slime","floor":13,"turns":2},{"damage":0,"enemies":"Blue Slaver","floor":14,"turns":4},{"damage":21,"enemies":"The Guardian","floor":16,"turns":4},{"damage":0,"enemies":"3 Byrds","floor":18,"turns":3},{"damage":0,"enemies":"Shell Parasite","floor":20,"turns":1},{"damage":24,"enemies":"Book of Stabbing","floor":24,"turns":4},{"damage":0,"enemies":"Snake Plant","floor":27,"turns":1},{"damage":0,"enemies":"Snecko","floor":28,"turns":3},{"damage":0,"enemies":"Sentry and Sphere","floor":29,"turns":1},{"damage":10,"enemies":"Nightmare","floor":31,"turns":4},{"damage":15,"enemies":"Champ","floor":33,"turns":8},{"damage":0,"enemies":"Orb Walker","floor":35,"turns":2},{"damage":0,"enemies":"3 Shapes","floor":36,"turns":3},{"damage":34,"enemies":"Writhing Mass","floor":37,"turns":5},{"damage":20,"enemies":"4 Shapes","floor":39,"turns":4},{"damage":28,"enemies":"Nemesis","floor":44,"turns":7},{"damage":13,"enemies":"Reptomancer","floor":46,"turns":4},{"damage":3,"enemies":"R_Hoarder","floor":48,"turns":2},{"damage":18,"enemies":"hubris:GrandSnecko","floor":50,"turns":20}],"seed_played":"-2192680876087804649","potions_obtained":[{"floor":7,"key":"champ:CounterPotion"},{"floor":8,"key":"Toxic Potion"},{"floor":10,"key":"FearPotion"},{"floor":13,"key":"LiquidBronze"},{"floor":16,"key":"SpeedPotion"},{"floor":18,"key":"PowerPotion"},{"floor":24,"key":"Reflective Coating"},{"floor":29,"key":"Energy Potion"},{"floor":36,"key":"Block Potion"},{"floor":48,"key":"Block Potion"}],"is_trial":false,"path_per_floor":["M","?","M","T","M","R","M","E","T","E","$","M","M","MIM","R","B",null,"M","?","M","AVR","$","R","E","R","T","M","M","M","$","NM","R","B",null,"M","M","M","?","M","$","R","T","E","?","E","R","E","R","B"],"character_chosen":"REMILIA","items_purchased":["DollysMirror","UnderTheZenith+1","MastersStateliness","ScarletDevil","DiffusionOfMisfortune","UnderTheZenith+1","Strange Spoon","DiffusionOfMisfortune","UnderTheZenith"],"campfire_rested":4,"item_purchase_floors":[11,11,11,11,22,30,41,41,41],"current_hp_per_floor":[75,64,66,66,66,66,66,55,55,53,53,53,53,53,75,67,75,75,75,75,75,75,75,56,75,75,75,75,75,75,69,69,64,75,75,75,45,64,46,61,75,75,51,51,48,70,74,74,75,75],"gold":143,"neow_bonus":"THREE_ENEMY_KILL","is_daily":false,"chose_seed":false,"campfire_upgraded":3,"win_rate":0.0,"timestamp":1612412656,"path_taken":["M","?","M","?","M","R","M","E","T","E","?","?","M","?","R","BOSS","M","?","M","AVR","?","R","E","R","T","M","M","M","?","NM","R","BOSS","M","M","M","?","M","$","R","T","E","?","E","R","E","R","BOSS"],"items_purchased_type":["Relic","Card","Card","Card","Card","Card","Relic","Card","Card"],"build_version":"2020-12-22","purchased_purges":2,"victory":false,"max_hp_per_floor":[75,75,75,75,75,75,75,75,75,75,75,75,75,75,75,75,75,75,75,75,75,75,75,75,75,75,75,75,75,75,75,75,75,75,75,75,75,75,75,75,75,75,75,75,75,75,75,75,75,75],"card_choices":[{"not_picked":["VampirishNight","CharismaGuard"],"picked":"DiffusionOfMisfortune","floor":1},{"not_picked":["ForbiddenFruit","BombardNight"],"picked":"DiffusionOfMisfortune","floor":3},{"not_picked":["MastersStateliness","ScarletNetherworld"],"picked":"ScarletDevilSign","floor":5},{"not_picked":["VampireKiss","NightDance"],"picked":"UnderTheZenith","floor":7},{"not_picked":["BloodHunter","FitfulNightmare","UnstableMagic"],"picked":"SKIP","floor":8},{"not_picked":["Maim","VampireClaw"],"picked":"TransientEternity","floor":10},{"not_picked":["MillenniumVampire","BadLadyScramble"],"picked":"Stigmanizer","floor":12},{"not_picked":["Septette","BloodyTrap"],"picked":"NightLord","floor":13},{"not_picked":["ForecastOfChange","TransientEternity"],"picked":"EquivalentExchange","floor":16},{"not_picked":["UnderTheZenith","EmergencyRegeneration"],"picked":"BombardNight","floor":18},{"not_picked":["GlobalNightmare","LeisurelyOfLord","NightLord"],"picked":"SKIP","floor":20},{"not_picked":["BlasphemousPunishment","CharismaGuard","FavorOfDestiny"],"picked":"SKIP","floor":24},{"not_picked":["ScarletDevil","UnstableMagic"],"picked":"DiffusionOfMisfortune","floor":25},{"not_picked":["BloodAndWine+1","VampireKiss","ScarletSymphony"],"picked":"SKIP","floor":27},{"not_picked":["ScarletImprint","BloodyTrap"],"picked":"MastersStateliness","floor":28},{"not_picked":["RedRainbow","BloodyTrap"],"picked":"ScarletDevil","floor":29},{"not_picked":["NightDance","SuperhumanBloodyKnife","BloodHunter"],"picked":"SKIP","floor":31},{"not_picked":["EquivalentExchange","BloodyHallows"],"picked":"ScarletMeister","floor":33},{"not_picked":["NightLord"],"picked":"SKIP","floor":35},{"not_picked":[],"picked":"StarOfDavid+1","floor":36},{"not_picked":[],"picked":"RedMagic+1","floor":37},{"not_picked":["BloodHunter"],"picked":"SKIP","floor":39},{"not_picked":["ScarletSymphony+1"],"picked":"SKIP","floor":44},{"not_picked":[],"picked":"ScarletDevil","floor":46},{"not_picked":[],"picked":"TwelveNightmare+1","floor":47},{"not_picked":["FavorOfDestiny+1"],"picked":"SKIP","floor":48}],"player_experience":594945,"relics_obtained":[{"floor":4,"key":"Runesmith:Nanobots"},{"floor":8,"key":"MawBank"},{"floor":9,"key":"Mummified Hand"},{"floor":10,"key":"Anchor"},{"floor":14,"key":"Juzu Bracelet"},{"floor":24,"key":"Dream Catcher"},{"floor":26,"key":"hubris:Teleporter"},{"floor":31,"key":"ScarletDevilRocket"},{"floor":43,"key":"TungstenRod"},{"floor":44,"key":"Bag of Preparation"},{"floor":46,"key":"infinitespire:PuzzleCube"},{"floor":48,"key":"hubris:TenFootPole"}],"event_choices":[{"damage_healed":0,"gold_gain":75,"player_choice":"Gold","damage_taken":11,"max_hp_gain":0,"max_hp_loss":0,"event_name":"betterThird:BetterGoop","floor":2,"gold_loss":0},{"damage_healed":19,"gold_gain":0,"player_choice":"Writhe","damage_taken":0,"max_hp_gain":0,"max_hp_loss":0,"event_name":"Winding Halls","floor":38,"gold_loss":0,"cards_obtained":["Writhe"]},{"damage_healed":0,"gold_gain":0,"player_choice":"1 cards matched","damage_taken":0,"max_hp_gain":0,"max_hp_loss":0,"event_name":"Match and Keep!","floor":45,"gold_loss":0,"cards_obtained":["RedMoon"]}],"is_beta":false,"boss_relics":[{"not_picked":["Velvet Choker","Abe\u0027s Treasure"],"picked":"Philosopher\u0027s Stone"},{"not_picked":["hubris:CrackedHourglass","Snecko Eye"],"picked":"Busted Crown"}],"items_purged_floors":[21,22],"is_endless":true,"potions_floor_spawned":[7,8,10,13,16,18,24,29,31,36,37,48],"killed_by":"hubris:GrandSnecko","ascension_level":0}}