{"host":"yuwyc1esdalgjt4e","time":1612453608,"event":{"mods":["Arknights","Astrologer","BaseMod","CapriCore","Hermit","KomeijiMod","Marisa????????","Minty Spire (QoL Compilation)","Railgun Mod","Reimu??????","StSLib","The Bug Knight","The Death Knight","The Dragon Tamer","The Hierophant","The Immortal","The Marked","The Servant 0.9.4","The Wild Card","TheSwordswoman","Yuri Mod"],"gold_per_floor":[109,129,148,148,148,179,104,127,127,127,127,143,143,143,143,143,143],"floor_reached":16,"language":"ENG","playtime":514,"items_purged":["theWildCard:BasicStrike"],"score":100,"play_id":"260e9ea2-7c1c-4765-a0e2-0d85db2649d1","local_time":"20210204164648","is_ascension_mode":false,"campfire_choices":[{"data":"theWildCard:Arsene","floor":10,"key":"SMITH"},{"floor":15,"key":"REST"}],"circlet_count":0,"master_deck":["theWildCard:BasicStrike","theWildCard:BasicStrike","theWildCard:BasicStrike","theWildCard:BasicDefend","theWildCard:BasicDefend","theWildCard:BasicDefend","theWildCard:CallToAdventure","theWildCard:Arsene+1","theWildCard:ArchaicAssault","theWildCard:PowerOfTheArcana+1","theWildCard:StingingStrike","theWildCard:Patience"],"relics":["theWildCard:VelvetContract","NeowsBlessing","Golden Idol","Bottled Tornado","FossilizedHelix"],"acts_visited":["Exordium"],"potions_floor_usage":[6,8],"damage_taken":[{"damage":0,"enemies":"Jaw Worm","floor":1,"turns":1},{"damage":0,"enemies":"2 Louse","floor":2,"turns":1},{"damage":0,"enemies":"Small Slimes","floor":3,"turns":2},{"damage":23,"enemies":"Lagavulin","floor":6,"turns":6},{"damage":2,"enemies":"2 Fungi Beasts","floor":8,"turns":3},{"damage":0,"enemies":"Exordium Thugs","floor":12,"turns":4},{"damage":12,"enemies":"Hexaghost","floor":16,"turns":9}],"seed_played":"4863241351047566785","potions_obtained":[{"floor":1,"key":"Block Potion"},{"floor":2,"key":"SkillPotion"}],"is_trial":false,"path_per_floor":["M","M","M","?","?","E","$","M","T","R","?","M","?","?","R","B"],"character_chosen":"THE_WILD_CARD","items_purchased":[],"campfire_rested":1,"item_purchase_floors":[],"current_hp_per_floor":[60,60,60,45,38,15,15,13,13,13,18,18,6,6,25,13,13],"gold":143,"neow_bonus":"THREE_ENEMY_KILL","is_daily":false,"chose_seed":false,"campfire_upgraded":1,"win_rate":0.0,"timestamp":1612453608,"path_taken":["M","M","M","?","?","E","?","M","T","R","?","M","?","?","R","BOSS"],"items_purchased_type":[],"build_version":"2020-12-22","purchased_purges":1,"victory":false,"max_hp_per_floor":[60,60,60,60,60,60,60,60,60,60,65,65,65,65,65,65,65],"card_choices":[{"not_picked":["theWildCard:UnderLockAndKey","theWildCard:Proficiency","theWildCard:Scathach"],"picked":"SKIP","floor":1},{"not_picked":["theWildCard:SeveringSlash","theWildCard:Patience"],"picked":"theWildCard:ArchaicAssault","floor":2},{"not_picked":["theWildCard:Metatron","theWildCard:EnergizedStroke"],"picked":"theWildCard:PowerOfTheArcana","floor":3},{"not_picked":["theWildCard:Odin","theWildCard:ArcaneArts"],"picked":"theWildCard:StingingStrike","floor":6},{"not_picked":["theWildCard:Odin","theWildCard:Polydeuces","theWildCard:PaleRider"],"picked":"SKIP","floor":8},{"not_picked":["theWildCard:SeveringSlash","theWildCard:StalwartBlade"],"picked":"theWildCard:Patience","floor":12}],"player_experience":97612,"relics_obtained":[{"floor":6,"key":"Bottled Tornado"},{"floor":9,"key":"FossilizedHelix"}],"event_choices":[{"damage_healed":0,"gold_gain":0,"player_choice":"Take Damage","damage_taken":15,"relics_obtained":["Golden Idol"],"max_hp_gain":0,"max_hp_loss":0,"event_name":"Golden Idol","floor":4,"gold_loss":0},{"cards_removed":["theWildCard:BasicDefend"],"damage_healed":0,"gold_gain":0,"player_choice":"Card Removal","damage_taken":7,"max_hp_gain":0,"max_hp_loss":0,"event_name":"Golden Wing","floor":5,"gold_loss":0},{"damage_healed":0,"gold_gain":0,"player_choice":"Donut","damage_taken":0,"max_hp_gain":5,"max_hp_loss":0,"event_name":"Big Fish","floor":11,"gold_loss":0},{"damage_healed":0,"gold_gain":0,"player_choice":"Fled","damage_taken":12,"max_hp_gain":0,"max_hp_loss":0,"event_name":"Scrap Ooze","floor":13,"gold_loss":0},{"damage_healed":0,"gold_gain":0,"player_choice":"Forge","damage_taken":0,"max_hp_gain":0,"max_hp_loss":0,"event_name":"Accursed Blacksmith","floor":14,"gold_loss":0,"cards_upgraded":["theWildCard:PowerOfTheArcana"]}],"is_beta":false,"boss_relics":[],"items_purged_floors":[7],"is_endless":false,"potions_floor_spawned":[1,2],"killed_by":"Hexaghost","ascension_level":0}}