{"host":"d73an99q9oevilk5","time":1612470140,"event":{"mods":["2.2 Compatiblity","AchievementEnabler","Act Like it!","Aspiration","BaseMod","Beaked The Cultist","Better Third Choice","BetterRewards","Colored Map","Colored Powertips","Conspire","Downfall","GifTheSpireLib","Halation","Hubris","Infinite Spire","Mimic Mod","Minty Spire (QoL Compilation)","Quick Restart","Relic Sorter","Reliquary","Replay The Spire","Shop Mod","Spikes Relics","StSLib","Stuff the Spire","The Cursed","The Necromancer","The Saiyan","Waifu the Spire","egg","slay the spire mod where everything is the same but ironclad has a cowboy hat"],"gold_per_floor":[119,119,131,131,144,144,244,244,284,304,323,333,333,333,333,435,435,449,461,661,679,695,695,695,248,316,316,350,350,385,400,400,505,505,522,208,208,208,219,219,248,259,259,273,286,286,299,299,299,399,399,405,417,417,417,426,440,453,453,453,461,492,492,493,501,501,579,579,589,589,290,336,336,357,357,360,360,373,373,375,378,389,389,457,457,457,473,473,476,488,503,508,487,487],"floor_reached":93,"language":"ENG","playtime":2901,"items_purged":["Regret"],"score":2139,"play_id":"d8fabda2-9f7b-4a83-bc81-cd8f14ceabbf","local_time":"20210204132220","is_ascension_mode":false,"campfire_choices":[{"data":"BasicCrystalCard","floor":6.0,"key":"SMITH"},{"data":"Consume","floor":8.0,"key":"SMITH"},{"data":"Electrodynamics","floor":13.0,"key":"SMITH"},{"data":"Glacier","floor":15.0,"key":"SMITH"},{"data":"BasicCrystalCard","floor":23.0,"key":"SMITH"},{"floor":27.0,"key":"REST"},{"floor":32.0,"key":"REST"},{"data":"hubris:PowerSurge","floor":40.0,"key":"SMITH"},{"data":"Defragment","floor":49.0,"key":"SMITH"},{"data":"hubris:PowerSurge","floor":59.0,"key":"SMITH"},{"data":"Mirror Shield","floor":66.0,"key":"SMITH"},{"data":"Defragment","floor":75.0,"key":"SMITH"},{"data":"Mirror Shield","floor":79.0,"key":"SMITH"}],"circlet_count":0,"master_deck":["Strike_B+1","Strike_B+1","Strike_B+1","Strike_B+1","Defend_B+1","Defend_B+1","Defend_B+1","Defend_B+1","Zap","Dualcast","Static Discharge","Consume+1","BasicCrystalCard+1","Cold Snap","hubris:PowerSurge+1","Crystallizer","Electrodynamics+1","Glacier+1","Mirror Shield+1","BasicCrystalCard+1","Ball Lightning+1","Defragment+1","ReplayRNGCard","Leap+1","Core Surge","hubris:PowerSurge","Strike_B+1","Strike_B+1","Strike_B+1","Strike_B+1","Defend_B+1","Defend_B+1","Defend_B+1","Defend_B+1","Zap","Dualcast","Static Discharge+1","Consume+1","BasicCrystalCard+1","Cold Snap","hubris:PowerSurge+1","Crystallizer","Electrodynamics+1","Glacier+1","Mirror Shield+1","BasicCrystalCard+1","Ball Lightning+1","Defragment+1","StuffTheSpire:DeathNote+1","ReplayRNGCard","Leap+1","Core Surge","hubris:PowerSurge+1","Aggregate","Buffer","aspiration:Polymerization","Barrage","ReplayTheSpireMod:Dual Polarity","White Noise","Injury","Barrage","Double Energy+1","ReplayTheSpireMod:Splinters","ReplayTheSpireMod:Calculation Training","hubris:PowerSurge","BasicCrystalCard+1","Consume","hubris:Rewind"],"relics":["Cracked Core","hubris:Icosahedron","StuffTheSpire:RedRose","BlackRope","Replay:WaspNest","reliquary:BoilingFlask","hubris:ScarierMask","halation:EternalFortune","halation:PapillonHeart","hubris:TinFlute","reliquary:RedPaperclip","aspiration:Stellarator","sneckomod:BabySnecko","reliquary:HotPoker","Vajra","MerchantsRug","Oddly Smooth Stone","aspiration:SeaSaltIceCream","Centennial Puzzle","StuffTheSpire:EmeraldSignet","Red Mask","Shovel","hubris:BundleOfHerbs","Pen Nib"],"acts_visited":["Exordium","TheCity","TheBeyond","Exordium","TheCity","TheBeyond"],"potions_floor_usage":[91],"damage_taken":[{"damage":4.0,"enemies":"conspire:RoseBush","floor":1.0,"turns":2.0},{"damage":6.0,"enemies":"2 Louse","floor":3.0,"turns":2.0},{"damage":0.0,"enemies":"Cultist","floor":5.0,"turns":3.0},{"damage":4.0,"enemies":"Lots of Slimes","floor":9.0,"turns":8.0},{"damage":8.0,"enemies":"Lots of Slimes","floor":10.0,"turns":3.0},{"damage":0.0,"enemies":"2 Fungi Beasts","floor":11.0,"turns":1.0},{"damage":0.0,"enemies":"3 Louse","floor":12.0,"turns":3.0},{"damage":17.0,"enemies":"The Guardian","floor":16.0,"turns":8.0},{"damage":1.0,"enemies":"Spheric Guardian","floor":18.0,"turns":6.0},{"damage":18.0,"enemies":"Chosen","floor":19.0,"turns":5.0},{"damage":0.0,"enemies":"3 Cultists","floor":21.0,"turns":4.0},{"damage":21.0,"enemies":"Snake Plant","floor":22.0,"turns":2.0},{"damage":11.0,"enemies":"conspire:SneckoGhost","floor":28.0,"turns":6.0},{"damage":4.0,"enemies":"Gremlin Leader","floor":30.0,"turns":4.0},{"damage":2.0,"enemies":"conspire:HollyBat","floor":31.0,"turns":5.0},{"damage":35.0,"enemies":"hubris:MusketHawk","floor":33.0,"turns":10.0},{"damage":7.0,"enemies":"3 Darklings","floor":35.0,"turns":4.0},{"damage":0.0,"enemies":"3 Shapes","floor":39.0,"turns":2.0},{"damage":33.0,"enemies":"Nightmare","floor":41.0,"turns":7.0},{"damage":0.0,"enemies":"3 Darklings","floor":42.0,"turns":4.0},{"damage":0.0,"enemies":"Sphere and 2 Shapes","floor":44.0,"turns":3.0},{"damage":0.0,"enemies":"Maw","floor":45.0,"turns":5.0},{"damage":0.0,"enemies":"Transient","floor":47.0,"turns":5.0},{"damage":30.0,"enemies":"infinitespire:MassOfShapes","floor":50.0,"turns":7.0},{"damage":0.0,"enemies":"Cultist","floor":52.0,"turns":2.0},{"damage":0.0,"enemies":"Small Slimes","floor":53.0,"turns":2.0},{"damage":5.0,"enemies":"Jaw Worm","floor":56.0,"turns":2.0},{"damage":2.0,"enemies":"Lagavulin","floor":57.0,"turns":4.0},{"damage":0.0,"enemies":"Blue Slaver","floor":58.0,"turns":1.0},{"damage":0.0,"enemies":"Red Slaver","floor":61.0,"turns":1.0},{"damage":0.0,"enemies":"3 Sentries","floor":62.0,"turns":2.0},{"damage":0.0,"enemies":"Looter","floor":64.0,"turns":2.0},{"damage":0.0,"enemies":"Blue Slaver","floor":65.0,"turns":3.0},{"damage":0.0,"enemies":"Hexaghost","floor":67.0,"turns":6.0},{"damage":0.0,"enemies":"3 Byrds","floor":69.0,"turns":1.0},{"damage":3.0,"enemies":"Replay:Snechameleon","floor":74.0,"turns":4.0},{"damage":2.0,"enemies":"2 Thieves","floor":76.0,"turns":1.0},{"damage":2.0,"enemies":"Masked Bandits","floor":78.0,"turns":1.0},{"damage":0.0,"enemies":"Snake Plant","floor":80.0,"turns":3.0},{"damage":0.0,"enemies":"3 Cultists","floor":81.0,"turns":3.0},{"damage":36.0,"enemies":"Gremlin Leader","floor":82.0,"turns":4.0},{"damage":0.0,"enemies":"Automaton","floor":84.0,"turns":6.0},{"damage":5.0,"enemies":"3 Shapes","floor":86.0,"turns":3.0},{"damage":0.0,"enemies":"Mind Bloom Boss Battle","floor":87.0,"turns":7.0},{"damage":0.0,"enemies":"Orb Walker","floor":89.0,"turns":4.0},{"damage":0.0,"enemies":"Sphere and 2 Shapes","floor":90.0,"turns":2.0},{"damage":28,"enemies":"Reptomancer","floor":91,"turns":5},{"damage":1,"enemies":"3 Darklings","floor":92,"turns":3},{"damage":106,"enemies":"Transient","floor":93,"turns":5}],"seed_played":"2116538501481905149","potions_obtained":[{"floor":5.0,"key":"bronze:BurnAndBuffPotion"},{"floor":10.0,"key":"Explosive Potion"},{"floor":11.0,"key":"FocusPotion"},{"floor":12.0,"key":"Dexterity Potion"},{"floor":30.0,"key":"SpeedPotion"},{"floor":39.0,"key":"DuplicationPotion"},{"floor":42.0,"key":"SpeedPotion"},{"floor":47.0,"key":"BlessingOfTheForge"},{"floor":53.0,"key":"Swift Potion"},{"floor":58.0,"key":"Weak Potion"},{"floor":91,"key":"champ:CounterPotion"}],"is_trial":false,"path_per_floor":["M","?","M","?","M","R","?","R","MIM","M","M","M","R","?","R","B",null,"M","M","?","M","M","R","?","$","T","R","E","?","E","M","R","B",null,"M","$","?","?","M","R","NM","M","T","M","M","?","M","T","R","B",null,"M","M","?","?","M","E","M","R","T","M","E","?","M","M","R","B",null,"M","?","$","?","?","E","R","M","T","?","R","M","M","E","R_BF","B",null,"M","?","?","M","M","E","M","M"],"character_chosen":"DEFECT","items_purchased":["Orrery","Defragment","BlackRope","hubris:PowerSurge","Strange Spoon","Flashbang","reliquary:HotPoker","Vajra","MerchantsRug"],"campfire_rested":2,"item_purchase_floors":[0,25,25,36,36,36,71,71,71],"current_hp_per_floor":[71,71,65,65,65,65,65,65,61,53,53,53,53,53,53,36,75,74,56,56,56,35,35,35,35,35,57,52,32,30,34,56,29,75,75,75,78,78,78,78,51,55,55,59,61,61,67,67,67,37,74,74,74,59,59,54,52,52,52,52,52,52,52,52,52,52,52,74,74,74,74,74,74,71,71,69,69,67,67,67,67,31,53,53,74,69,72,72,75,75,49,51,0,0],"gold":487,"neow_bonus":"","is_daily":false,"chose_seed":false,"campfire_upgraded":11,"win_rate":0.0,"timestamp":1612470140,"path_taken":["M","?","M","?","M","R","?","R","MIM","?","M","M","R","?","R","BOSS","M","M","?","?","M","R","?","$","T","R","E","?","E","M","R","BOSS","M","$","?","?","M","R","NM","M","T","?","M","?","M","?","R","BOSS","M","M","?","?","M","E","M","R","T","?","E","?","M","M","R","BOSS","M","?","$","?","?","E","R","M","T","?","R","?","M","E","R_BF","BOSS","M","?","?","M","M","E","?","M"],"items_purchased_type":["Relic","Card","Relic","Card","Relic","Potion","Relic","Relic","Relic"],"build_version":"2020-12-22","purchased_purges":1,"victory":false,"max_hp_per_floor":[75,75,75,75,75,75,75,75,75,75,75,75,75,75,75,75,75,75,75,75,75,75,75,75,75,75,75,75,75,75,75,75,75,75,75,75,78,78,78,78,78,78,78,78,78,74,74,74,74,74,74,74,74,74,74,74,74,74,74,74,74,74,74,74,74,74,74,74,74,74,74,74,74,74,74,74,74,74,74,74,74,74,74,74,74,74,77,77,80,80,80,83,83,83],"card_choices":[{"not_picked":["Conserve Battery","Leap"],"picked":"Static Discharge","floor":0.0},{"not_picked":["Barrage","StuffTheSpire:Rend"],"picked":"Consume","floor":0.0},{"not_picked":["StuffTheSpire:LoadUp","Steam Power"],"picked":"BasicCrystalCard","floor":0.0},{"not_picked":["Steam","Doom and Gloom"],"picked":"Cold Snap","floor":0.0},{"not_picked":["StuffTheSpire:LaunchingStrike","Streamline"],"picked":"hubris:PowerSurge","floor":1.0},{"not_picked":["StuffTheSpire:Rend","ReplaySort","DiskWipe"],"picked":"SKIP","floor":3.0},{"not_picked":["Turbo","Stack"],"picked":"Crystallizer","floor":5.0},{"not_picked":["Rebound","Go for the Eyes"],"picked":"Electrodynamics","floor":10.0},{"not_picked":["Ball Lightning","StuffTheSpire:CleanHardDrive"],"picked":"Glacier","floor":11.0},{"not_picked":["Streamline","Gash","Beam Cell"],"picked":"SKIP","floor":12.0},{"not_picked":["Buffer","Creative AI"],"picked":"Mirror Shield","floor":16.0},{"not_picked":["StuffTheSpire:LoadUp","Cold Snap"],"picked":"BasicCrystalCard","floor":18.0},{"not_picked":["Double Energy","DiskWipe","Hologram"],"picked":"SKIP","floor":19.0},{"not_picked":["Coolheaded+1","Streamline","Gash"],"picked":"SKIP","floor":21.0},{"not_picked":["Go for the Eyes","Hologram"],"picked":"Ball Lightning+1","floor":22.0},{"not_picked":["hubris:Ukulele","Gash","StuffTheSpire:Coldhearted"],"picked":"SKIP","floor":28.0},{"not_picked":["StuffTheSpire:ShieldGenerator","White Noise"],"picked":"ReplayRNGCard","floor":30.0},{"not_picked":["Coolheaded","DiskWipe"],"picked":"Leap+1","floor":31.0},{"not_picked":["StuffTheSpire:LaunchingStrike","hubris:Prefetch"],"picked":"Core Surge","floor":33.0},{"not_picked":["Cold Snap","StuffTheSpire:Plugnplay","Turbo"],"picked":"SKIP","floor":35.0},{"not_picked":["Streamline+1","Coolheaded+1","Fission"],"picked":"SKIP","floor":39.0},{"not_picked":["Chaos","hubris:SpecializedCircuitry","Turbo"],"picked":"SKIP","floor":41.0},{"not_picked":["Barrage","RefreshScreen","Genetic Algorithm+1"],"picked":"SKIP","floor":42.0},{"not_picked":["Sweeping Beam+1","Melter","Skim+1","Rebound+1"],"picked":"SKIP","floor":44.0},{"not_picked":["StuffTheSpire:Plugnplay+1","Heatsinks+1","Go for the Eyes"],"picked":"Aggregate","floor":45.0},{"not_picked":["Hologram","Streamline","Genetic Algorithm","Beam Cell"],"picked":"SKIP","floor":47.0},{"not_picked":["ReplayTheSpireMod:Omega Cannon","Machine Learning","StuffTheSpire:ForEach"],"picked":"Buffer","floor":50.0},{"not_picked":["Fusion","StuffTheSpire:GlassShard"],"picked":"aspiration:Polymerization","floor":52.0},{"not_picked":["Rebound","Compile Driver"],"picked":"Barrage","floor":53.0},{"not_picked":["Cold Snap","Coolheaded"],"picked":"ReplayTheSpireMod:Dual Polarity","floor":56.0},{"not_picked":["Ball Lightning","conspire:SharedLibrary","Go for the Eyes"],"picked":"SKIP","floor":57.0},{"not_picked":["Ball Lightning","hubris:Ukulele"],"picked":"White Noise","floor":58.0},{"not_picked":["Compile Driver","Sweeping Beam","Ball Lightning"],"picked":"SKIP","floor":61.0},{"not_picked":["Biased Cognition","Coolheaded","Compile Driver"],"picked":"SKIP","floor":62.0},{"not_picked":["Turbo","Streamline"],"picked":"Barrage","floor":64.0},{"not_picked":["Tempest","Cold Snap","StuffTheSpire:LoadUp"],"picked":"SKIP","floor":65.0},{"not_picked":["Compile Driver","Rebound+1"],"picked":"Double Energy+1","floor":69.0},{"not_picked":["Panic Button","Sweeping Beam+1"],"picked":"ReplayTheSpireMod:Calculation Training","floor":72.0},{"not_picked":["Redo","Ball Lightning+1"],"picked":"hubris:PowerSurge","floor":74.0},{"not_picked":["StuffTheSpire:LoadUp","Hello World"],"picked":"BasicCrystalCard+1","floor":76.0},{"not_picked":["hubris:SpecializedCircuitry","Stack","Rip and Tear"],"picked":"SKIP","floor":80.0},{"not_picked":["StuffTheSpire:LoadUp","Redo"],"picked":"Consume","floor":81.0},{"not_picked":["Compile Driver","Fusion","StuffTheSpire:LoadUp"],"picked":"SKIP","floor":82.0},{"not_picked":["infinitespire:Gouge","ReplayTheSpireMod:Black Plague"],"picked":"hubris:Rewind","floor":84.0},{"not_picked":["Gash","Melter","Hologram"],"picked":"SKIP","floor":86.0},{"not_picked":["StuffTheSpire:Plugnplay","Stack","Hello World+1"],"picked":"SKIP","floor":89.0},{"not_picked":["Sweeping Beam","aspiration:Polymerization+1","Conserve Battery+1"],"picked":"SKIP","floor":90.0},{"not_picked":["Hyperbeam","StuffTheSpire:Coldhearted+1","Compile Driver"],"picked":"SKIP","floor":91},{"not_picked":["Turbo","Blizzard","StuffTheSpire:Plugnplay"],"picked":"SKIP","floor":92}],"player_experience":1812861,"relics_obtained":[{"floor":26.0,"key":"Solar Panel"},{"floor":28.0,"key":"Replay:WaspNest"},{"floor":30.0,"key":"reliquary:BoilingFlask"},{"floor":41.0,"key":"conspire:DecoderRing"},{"floor":43.0,"key":"Question Card"},{"floor":48.0,"key":"hubris:TinFlute"},{"floor":57.0,"key":"MiniBlackHole"},{"floor":60.0,"key":"infinitespire:Midas Blood"},{"floor":62.0,"key":"Boot"},{"floor":72.0,"key":"Oddly Smooth Stone"},{"floor":74.0,"key":"aspiration:SeaSaltIceCream"},{"floor":77.0,"key":"StuffTheSpire:EmeraldSignet"},{"floor":78.0,"key":"Red Mask"},{"floor":82.0,"key":"Shovel"},{"floor":87.0,"key":"hubris:BundleOfHerbs"},{"floor":87.0,"key":"halation:EternalFortune"},{"floor":89.0,"key":"halation:EternalFortune"},{"floor":91,"key":"Pen Nib"},{"floor":92,"key":"halation:EternalFortune"}],"event_choices":[{"damage_healed":0.0,"max_hp_gain":0.0,"max_hp_loss":0.0,"gold_gain":0.0,"event_name":"conspire:Investor","player_choice":"Leave","floor":2.0,"gold_loss":0.0,"damage_taken":0.0},{"damage_healed":0.0,"max_hp_gain":0.0,"max_hp_loss":0.0,"gold_gain":100.0,"event_name":"Golden Shrine","player_choice":"Pray","floor":7.0,"gold_loss":0.0,"damage_taken":0.0},{"damage_healed":0.0,"max_hp_gain":0.0,"max_hp_loss":0.0,"gold_gain":250.0,"event_name":"The Joust","player_choice":"Bet on Owner","floor":20.0,"gold_loss":50.0,"damage_taken":0.0},{"damage_healed":74.0,"max_hp_gain":0.0,"max_hp_loss":74.0,"gold_gain":0.0,"event_name":"betterThird:BetterShining","player_choice":"Upgrade","floor":54.0,"gold_loss":0.0,"damage_taken":15.0,"cards_upgraded":["hubris:PowerSurge","Static Discharge"]},{"damage_healed":0.0,"max_hp_gain":0.0,"max_hp_loss":0.0,"gold_gain":0.0,"event_name":"Transmorgrifier","player_choice":"Ignored","floor":55.0,"gold_loss":0.0,"damage_taken":0.0},{"cards_removed":["StuffTheSpire:DeathNote"],"damage_healed":0.0,"max_hp_gain":0.0,"max_hp_loss":0.0,"gold_gain":0.0,"event_name":"NoteForYourself","player_choice":"Took Card","floor":63.0,"gold_loss":0.0,"damage_taken":0.0,"cards_obtained":["Injury"]},{"damage_healed":0.0,"max_hp_gain":0.0,"max_hp_loss":16.0,"gold_gain":0.0,"event_name":"betterThird:BetterWriting","player_choice":"Simplicity","floor":73.0,"gold_loss":0.0,"damage_taken":0.0},{"damage_healed":0.0,"max_hp_gain":0.0,"max_hp_loss":0.0,"gold_gain":0.0,"event_name":"Masked Bandits","player_choice":"Fought Bandits","floor":78.0,"gold_loss":0.0,"damage_taken":0.0},{"damage_healed":0.0,"max_hp_gain":0.0,"max_hp_loss":0.0,"gold_gain":0.0,"event_name":"MindBloom","player_choice":"Fight","floor":87.0,"gold_loss":0.0,"damage_taken":0.0},{"cards_removed":["downfall:Bewildered"],"damage_healed":0.0,"max_hp_gain":0.0,"max_hp_loss":0.0,"gold_gain":0.0,"event_name":"Purifier","player_choice":"Purged","floor":88.0,"gold_loss":0.0,"damage_taken":0.0}],"is_beta":false,"boss_relics":[{"not_picked":["hubris:CrackedHourglass","aspiration:IroncladSkillbook","aspiration:FutureDiary"]},{"not_picked":["Kintsugi","reliquary:RedCape"],"picked":"hubris:ScarierMask"},{"not_picked":["Replay:Bronze Core","Runic Dome"],"picked":"reliquary:RedPaperclip"},{"not_picked":["hubris:Stopwatch","aspiration:SecretTechniqueScroll"],"picked":"aspiration:Stellarator"},{"not_picked":["aspiration:RitualDagger","hubris:RunicObelisk","Replay:Drink Me"]}],"items_purged_floors":[25],"is_endless":true,"potions_floor_spawned":[5,10,11,12,18,22,30,33,39,42,45,47,53,56,58,61,65,67,74,76,78,87,91],"killed_by":"Transient","ascension_level":0}}