{"host":"ixpjvd0r4p7lnmut","time":1612425225,"event":{"mods":["Act Like it!","BaseMod","Block Reminder","Colored Map","Colored Powertips","Minty Spire (QoL Compilation)","Rare Cards Sparkle","Relic Stats","StSLib","The Bug Knight"],"gold_per_floor":[115,135,153,166,83,125,147,147,147],"floor_reached":8,"language":"ENG","playtime":478,"items_purged":[],"score":60,"play_id":"3fa12fb4-3cdb-4006-9824-3ddf6590c403","local_time":"20210203235345","is_ascension_mode":false,"campfire_choices":[],"circlet_count":0,"master_deck":["HollowMod:NailStrikeStart","HollowMod:NailStrikeStart","HollowMod:NailStrikeStart","HollowMod:NailStrikeStart","HollowMod:QuickDashStart","HollowMod:QuickDashStart","HollowMod:QuickDashStart","HollowMod:QuickDashStart","HollowMod:FocusHealStart","HollowMod:PogoStrike","Sadistic Nature","HollowMod:GreatSlash","HollowMod:InfectedAttack","HollowMod:PureNailStrike","HollowMod:MothsMistake","HollowMod:TaintedHusks","HollowMod:SoulMaster","HollowMod:HowlingWraiths"],"relics":["HollowMod:VesselMask","CeramicFish"],"acts_visited":["Exordium"],"potions_floor_usage":[6,6,8],"damage_taken":[{"damage":1,"enemies":"Cultist","floor":1,"turns":3},{"damage":8,"enemies":"Jaw Worm","floor":2,"turns":3},{"damage":0,"enemies":"Small Slimes","floor":3,"turns":3},{"damage":0,"enemies":"3 Louse","floor":4,"turns":1},{"damage":25,"enemies":"Lagavulin","floor":6,"turns":5},{"damage":22,"enemies":"2 Fungi Beasts","floor":7,"turns":3},{"damage":30,"enemies":"HollowMod:MossKnight","floor":8,"turns":3}],"seed_played":"-2500495470148239106","potions_obtained":[{"floor":2,"key":"ColorlessPotion"},{"floor":4,"key":"Fire Potion"},{"floor":7,"key":"ColorlessPotion"}],"is_trial":false,"path_per_floor":["M","M","M","M","$","E","M","E"],"character_chosen":"THE_BUGKNIGHT","items_purchased":["HollowMod:MothsMistake","HollowMod:TaintedHusks"],"campfire_rested":0,"item_purchase_floors":[5,5],"current_hp_per_floor":[67,59,65,65,65,40,24,0,0],"gold":147,"neow_bonus":"RANDOM_COLORLESS_2","is_daily":false,"chose_seed":false,"campfire_upgraded":0,"win_rate":0.0,"timestamp":1612425225,"path_taken":["M","M","M","M","$","E","M","E"],"items_purchased_type":["Card","Card"],"build_version":"2020-12-22","purchased_purges":0,"victory":false,"max_hp_per_floor":[68,68,68,68,68,68,68,68,68],"relic_stats":{"counters":[7,21],"CeramicFish":18,"obtain_stats":[{"CeramicFish":6,"HollowMod:VesselMask":0},{"CeramicFish":5,"HollowMod:VesselMask":0},{"CeramicFish":15,"HollowMod:VesselMask":0}]},"card_choices":[{"not_picked":["Violence","Thinking Ahead"],"picked":"Sadistic Nature","floor":0},{"not_picked":["HollowMod:NewJinnsSoul","HollowMod:GoodIntentions"],"picked":"HollowMod:GreatSlash","floor":1},{"not_picked":["HollowMod:SharpenedShadows","HollowMod:FastStrike"],"picked":"HollowMod:InfectedAttack","floor":2},{"not_picked":["HollowMod:SharpenedNail","HollowMod:VengefulSpirit"],"picked":"HollowMod:PureNailStrike","floor":3},{"not_picked":["HollowMod:WraithStrike","HollowMod:CornifersMapStart","HollowMod:CoiledNail"],"picked":"SKIP","floor":4},{"not_picked":["HollowMod:CornifersMapStart","HollowMod:DoubleDash"],"picked":"HollowMod:SoulMaster","floor":6},{"not_picked":["HollowMod:NewLittleFool","HollowMod:GrimmsGift"],"picked":"HollowMod:HowlingWraiths","floor":7}],"player_experience":144414,"relics_obtained":[{"floor":6,"key":"CeramicFish"}],"event_choices":[],"is_beta":false,"boss_relics":[],"items_purged_floors":[],"is_endless":false,"potions_floor_spawned":[2,4,7],"killed_by":"HollowMod:MossKnight","ascension_level":0}}