{"host":"2he95iptrbxkejc1","time":1612452658,"event":{"mods":["AchievementEnabler","BaseMod","Colored Powertips","Hermit","Infinite Spire","Marisa????????","Minty Spire (QoL Compilation)","Random Character Mod","Replay The Spire","StSLib","Td1madao Mod","The Cursed","The Disciple","The Hierophant","The Marked","The Mystic","The Necromancer","The Poker Player","The Runesmith","The Servant 0.9.4"],"gold_per_floor":[116,116,132,152,221,221,247,247,273,307,320,340,366,383,383,481,481,495,515,515,515,515,529,529,529],"floor_reached":24,"language":"ENG","playtime":2825,"items_purged":["theMarked:Strike"],"score":218,"play_id":"b72aa10d-9b41-4737-869e-e89d92afb14f","local_time":"20210204153058","is_ascension_mode":false,"campfire_choices":[{"data":"theMarked:SoldierOfQuellstein","floor":6,"key":"SMITH"},{"data":"theMarked:Memento","floor":8,"key":"SMITH"},{"data":"theMarked:GodGivenPower","floor":15,"key":"SMITH"}],"circlet_count":0,"master_deck":["theMarked:Strike","theMarked:Strike","theMarked:Strike","theMarked:Strike","theMarked:Defend","theMarked:Defend","theMarked:Defend","theMarked:Defend","theMarked:SoldierOfQuellstein+1","theMarked:SwordAndMagic","theMarked:BanishingStrike","theMarked:Frustration","theMarked:Memento+1","theMarked:Overcharge","theMarked:GodGivenPower+1","theMarked:ResourceFulStrike","theMarked:Abjuration","theMarked:ShockingTouch","theMarked:BanishingStrike"],"relics":["theMarked:ArtifactOfAir","NeowsBlessing","Meat on the Bone","White Beast Statue","Boot","theMarked:Gun","Smiling Mask","SlaversCollar","Replay:Blank Codex","Black Star","TungstenRod"],"acts_visited":["Exordium","TheCity"],"potions_floor_usage":[7,13,14,14,16,16,23,23,23,23,23,24],"damage_taken":[{"damage":0,"enemies":"Small Slimes","floor":1,"turns":1},{"damage":0,"enemies":"Cultist","floor":3,"turns":1},{"damage":0,"enemies":"2 Louse","floor":4,"turns":1},{"damage":21,"enemies":"Lagavulin","floor":7,"turns":4},{"damage":5,"enemies":"Replay:BlueRogue","floor":10,"turns":5},{"damage":9,"enemies":"Red Slaver","floor":11,"turns":2},{"damage":4,"enemies":"2 Fungi Beasts","floor":12,"turns":3},{"damage":12,"enemies":"3 Sentries","floor":13,"turns":5},{"damage":10,"enemies":"Exordium Thugs","floor":14,"turns":4},{"damage":44,"enemies":"The Guardian","floor":16,"turns":7},{"damage":35,"enemies":"2 Thieves","floor":18,"turns":3},{"damage":23,"enemies":"Shell Parasite","floor":19,"turns":3},{"damage":13,"enemies":"Snake Plant","floor":23,"turns":2},{"damage":19,"enemies":"Centurion and Healer","floor":24,"turns":3}],"seed_played":"-2863539654086775971","potions_obtained":[{"floor":4,"key":"DuplicationPotion"},{"floor":7,"key":"Strength Potion"},{"floor":10,"key":"Strength Potion"},{"floor":11,"key":"Adrenaline Potion"},{"floor":12,"key":"Fire Potion"},{"floor":13,"key":"SkillPotion"},{"floor":14,"key":"Adrenaline Potion"},{"floor":16,"key":"SteroidPotion"},{"floor":18,"key":"Weak Potion"},{"floor":19,"key":"Swift Potion"},{"floor":22,"key":"EntropicBrew"},{"floor":23,"key":"AttackPotion"}],"is_trial":false,"path_per_floor":["M","?","M","M","T","R","E","R","T","E","M","M","E","M","R","B",null,"M","M","?","AVR","?","M","M"],"character_chosen":"THE_DEFAULT","items_purchased":[],"campfire_rested":0,"item_purchase_floors":[],"current_hp_per_floor":[70,70,70,70,70,70,49,49,49,44,47,43,43,45,45,13,70,47,36,20,20,20,19,0,0],"gold":529,"neow_bonus":"THREE_ENEMY_KILL","is_daily":false,"chose_seed":false,"campfire_upgraded":3,"win_rate":0.0,"timestamp":1612452658,"path_taken":["M","?","M","?","?","R","E","R","T","E","M","M","E","M","R","BOSS","M","M","?","AVR","?","M","?"],"items_purchased_type":[],"build_version":"2020-12-22","purchased_purges":1,"victory":false,"max_hp_per_floor":[70,70,70,70,70,70,70,70,70,70,70,70,70,70,70,70,70,70,70,70,70,70,70,70,70],"card_choices":[{"not_picked":["theMarked:Polarize","theMarked:Improvise"],"picked":"theMarked:SwordAndMagic","floor":1},{"not_picked":["theMarked:Friction","theMarked:Frustration"],"picked":"theMarked:BanishingStrike","floor":3},{"not_picked":["theMarked:TwofoldDefense","theMarked:ParalyzingBlade"],"picked":"theMarked:Frustration","floor":4},{"not_picked":["theMarked:ChannelForce","theMarked:ElectricStrings"],"picked":"theMarked:Memento","floor":7},{"not_picked":["theMarked:ElectricStrings","theMarked:Defy"],"picked":"theMarked:Overcharge","floor":10},{"not_picked":["theMarked:Improvise","theMarked:ContemptForTheProud","theMarked:RepellingDischarge"],"picked":"SKIP","floor":11},{"not_picked":["theMarked:Parkour","theMarked:ResourceFulStrike","theMarked:WastefulAttack"],"picked":"SKIP","floor":12},{"not_picked":["theMarked:Electrify","theMarked:Overcharge"],"picked":"theMarked:GodGivenPower","floor":13},{"not_picked":["theMarked:HeightenedSenses","theMarked:CreepingChasm"],"picked":"theMarked:ResourceFulStrike","floor":14},{"not_picked":["theMarked:MagusForm","theMarked:Levitate"],"picked":"theMarked:Abjuration","floor":16},{"not_picked":["theMarked:BanishingStrike","theMarked:RepellingDischarge"],"picked":"theMarked:ShockingTouch","floor":18},{"not_picked":["theMarked:RepellingDischarge","theMarked:Improvise","theMarked:Memento"],"picked":"SKIP","floor":19},{"not_picked":["theMarked:Convert","theMarked:GodGivenPower+1"],"picked":"theMarked:BanishingStrike","floor":23}],"player_experience":87541,"relics_obtained":[{"floor":5,"key":"Meat on the Bone"},{"floor":7,"key":"White Beast Statue"},{"floor":9,"key":"Boot"},{"floor":10,"key":"theMarked:Gun"},{"floor":13,"key":"Smiling Mask"},{"floor":20,"key":"Replay:Blank Codex"}],"event_choices":[{"damage_healed":0,"gold_gain":0,"player_choice":"Full Heal","damage_taken":0,"max_hp_gain":0,"max_hp_loss":0,"event_name":"Wheel of Change","floor":2,"gold_loss":0},{"damage_healed":0,"gold_gain":0,"player_choice":"Obtained Book","damage_taken":16,"max_hp_gain":0,"max_hp_loss":0,"event_name":"Cursed Tome","floor":20,"gold_loss":0},{"damage_healed":0,"gold_gain":0,"player_choice":"Got Potions","damage_taken":0,"max_hp_gain":0,"max_hp_loss":0,"event_name":"Lab","floor":22,"gold_loss":0}],"is_beta":false,"boss_relics":[{"not_picked":["ReplayTheSpireMod:SealedPack","ReplayTheSpireMod:DimensionalGlitch"],"picked":"SlaversCollar"}],"items_purged_floors":[21],"is_endless":false,"potions_floor_spawned":[4,7,10,11,12,13,14,16,18,19,23],"killed_by":"Centurion and Healer","ascension_level":0}}