{"host":"la6t950uoatqs0xt","time":1612418428,"event":{"mods":["AchievementEnabler","BaseMod","Colored Powertips","Minty Spire (QoL Compilation)","Quick Restart","Rare Cards Sparkle"],"gold_per_floor":[119,131,81,81,98,98,129,3,3,3,23,48,64,10,10,109,109,129,79,65,65,65],"floor_reached":21,"language":"ENG","playtime":657,"items_purged":[],"score":208,"play_id":"a06fe7b8-774c-4476-ac18-8ca260da916b","local_time":"20210204010028","is_ascension_mode":true,"campfire_choices":[{"data":"Twin Strike","floor":6,"key":"SMITH"},{"floor":15,"key":"REST"}],"circlet_count":0,"master_deck":["Strike_R","Strike_R","Strike_R","Strike_R","Strike_R","Defend_R","Defend_R","Defend_R","Defend_R","Twin Strike","Twin Strike+1","Flex","Inflame","Disarm","Heavy Blade","Parasite","Blood for Blood","Flex","Shrug It Off","Demon Form","Thunderclap+1"],"relics":["Burning Blood","PreservedInsect","Ornamental Fan","InkBottle","Question Card","Runic Pyramid"],"acts_visited":["Exordium","TheCity"],"potions_floor_usage":[12,16,16],"damage_taken":[{"damage":10,"enemies":"2 Louse","floor":1,"turns":3},{"damage":8,"enemies":"Jaw Worm","floor":2,"turns":5},{"damage":5,"enemies":"Cultist","floor":5,"turns":4},{"damage":30,"enemies":"3 Sentries","floor":7,"turns":8},{"damage":41,"enemies":"Gremlin Gang","floor":11,"turns":5},{"damage":22,"enemies":"Lagavulin","floor":12,"turns":4},{"damage":6,"enemies":"Looter","floor":13,"turns":2},{"damage":41,"enemies":"Hexaghost","floor":16,"turns":9},{"damage":37,"enemies":"Chosen","floor":18,"turns":5},{"damage":32,"enemies":"2 Thieves","floor":20,"turns":4},{"damage":23,"enemies":"3 Cultists","floor":21,"turns":3}],"seed_played":"-5882737417040882206","potions_obtained":[{"floor":11,"key":"PowerPotion"},{"floor":12,"key":"DistilledChaos"},{"floor":13,"key":"EntropicBrew"}],"is_trial":false,"path_per_floor":["M","M","?","?","M","R","E","$","T","?","M","E","M","$","R","B",null,"M","?","M","M"],"character_chosen":"IRONCLAD","items_purchased":["Disarm","Heavy Blade","Shrug It Off"],"campfire_rested":1,"item_purchase_floors":[8,8,14],"current_hp_per_floor":[76,74,74,74,75,75,51,51,51,71,36,20,20,20,44,9,80,49,49,23,0,0],"gold":65,"neow_bonus":"RANDOM_COMMON_RELIC","is_daily":false,"chose_seed":false,"campfire_upgraded":1,"win_rate":0.0,"timestamp":1612418428,"path_taken":["M","M","?","?","M","R","E","$","T","?","M","E","M","?","R","BOSS","M","?","?","?"],"items_purchased_type":["Card","Card","Card"],"build_version":"2020-12-22","purchased_purges":0,"victory":false,"max_hp_per_floor":[80,80,80,80,80,80,80,80,80,80,80,80,80,80,80,80,80,80,80,80,80,80],"card_choices":[{"not_picked":["Warcry","Clash"],"picked":"Twin Strike","floor":1},{"not_picked":["Sword Boomerang","Anger"],"picked":"Twin Strike","floor":2},{"not_picked":["Iron Wave","Pommel Strike"],"picked":"Flex","floor":5},{"not_picked":["Sword Boomerang","Warcry"],"picked":"Inflame","floor":7},{"not_picked":["Sword Boomerang","Whirlwind"],"picked":"Blood for Blood","floor":11},{"not_picked":["Rupture","Headbutt","Disarm"],"picked":"SKIP","floor":12},{"not_picked":["Havoc","Thunderclap","Clash"],"picked":"Flex","floor":13},{"not_picked":["Exhume","Bludgeon","Corruption"],"picked":"Demon Form","floor":16},{"not_picked":["Armaments","Clash","Sword Boomerang"],"picked":"Thunderclap+1","floor":18},{"not_picked":["Hemokinesis","Clash","Battle Trance","Headbutt+1"],"picked":"SKIP","floor":20}],"player_experience":275684,"relics_obtained":[{"floor":7,"key":"Ornamental Fan"},{"floor":9,"key":"InkBottle"},{"floor":12,"key":"Question Card"}],"event_choices":[{"cards_removed":["Bash"],"damage_healed":0,"gold_gain":0,"player_choice":"Card Removal","damage_taken":0,"max_hp_gain":0,"max_hp_loss":0,"event_name":"The Cleric","floor":3,"gold_loss":50},{"damage_healed":0,"gold_gain":0,"player_choice":"Ignored","damage_taken":0,"max_hp_gain":0,"max_hp_loss":0,"event_name":"Golden Wing","floor":4,"gold_loss":0},{"damage_healed":20,"gold_gain":0,"player_choice":"Healed and dodged fight","damage_taken":0,"max_hp_gain":0,"max_hp_loss":0,"event_name":"Mushrooms","floor":10,"gold_loss":0,"cards_obtained":["Parasite"]},{"damage_healed":0,"gold_gain":0,"player_choice":"Bet on Murderer","damage_taken":0,"max_hp_gain":0,"max_hp_loss":0,"event_name":"The Joust","floor":19,"gold_loss":50}],"is_beta":false,"boss_relics":[{"not_picked":["Ectoplasm","Pandora\u0027s Box"],"picked":"Runic Pyramid"}],"items_purged_floors":[],"is_endless":false,"potions_floor_spawned":[11,12,13,18,20],"killed_by":"3 Cultists","ascension_level":2}}