{"host":"ywbsnexmk111etbw","time":1612459009,"event":{"mods":["100% Spire Juice","Act Like it!","Arknights","Aspiration","BaseMod","Beaked The Cultist","Colored Powertips","Conspire","Curses Come First","Energized Spire","Fireblade Mod","Fox Events","Hubris","Infinite Spire","Jorbs\u0027s Wanderer Trilogy","Marisa????????","Minty Spire (QoL Compilation)","Pale of the Ancients","Permanent Neow","Reliquary","Replay The Spire","Reworked Bosses","Robot Space Explorer","StSLib","The Blackbeard","The Bladedancer","The Cursed","The Dragon Tamer","The Marked","The Mystic","The Necromancer","The Saiyan","Wandering Minibosses"],"gold_per_floor":[110,127,127,178,178,178,178,209,262,262,307,325,386,423,423,534,534,594,372,322,322,377,377,441,441,466,466,544,599,599,599],"floor_reached":30,"language":"ENG","playtime":1150,"items_purged":["Spreading Infection"],"score":543,"play_id":"33ebc2f0-57c0-4e1b-9200-9489875decc8","local_time":"20210204121649","is_ascension_mode":true,"campfire_choices":[{"floor":7,"key":"REST"},{"data":"Eruption","floor":10,"key":"SMITH"},{"floor":15,"key":"REST"},{"data":"ForeignInfluence","floor":23,"key":"SMITH"},{"data":"conspire:SpireCoStock","floor":25,"key":"SMITH"},{"data":"FollowUp","floor":27,"key":"SMITH"}],"circlet_count":0,"master_deck":["conspire:GhostlyStrike","conspire:GhostlyStrike","conspire:GhostlyStrike+1","conspire:GhostlyStrike","conspire:GhostlyDefend","conspire:GhostlyDefend","conspire:GhostlyDefend+1","conspire:GhostlyDefend","Eruption+1","Vigilance","JustLucky","CutThroughFate","FlurryOfBlows","Voices","FlyingSleeves+1","FollowUp","Prostrate","LessonLearned","FearNoEvil","hubris:Greed","Ragnarok+1","FollowUp+1","conspire:SpireCoStock+1","hubris:Greed","ForeignInfluence+1","Replay:BluntJabs","hubris:Greed","WheelKick+1","Worship"],"relics":["PureWater","NeowsBlessing","ReplayTheSpireMod:Ring of Collecting","ReplayTheSpireMod:Ring of Challenge","Ring of Misfortune","Dream Catcher","Strawberry","reliquary:RedPaperclip","Replay:Mystery Machine","ReplayTheSpireMod:CursedCoin","reliquary:Buckler","Juzu Bracelet","Pen Nib","Ring of Peace","Nunchaku","infinitespire:Beetle Shell"],"acts_visited":["Exordium","TheCity"],"potions_floor_usage":[11,13,14,18,22,22,28],"damage_taken":[{"damage":0,"enemies":"Jaw Worm","floor":1,"turns":1},{"damage":0,"enemies":"2 Louse","floor":2,"turns":1},{"damage":0,"enemies":"3 Sentries","floor":8,"turns":1},{"damage":0,"enemies":"Lagavulin","floor":11,"turns":1},{"damage":0,"enemies":"Small Slimes","floor":12,"turns":2},{"damage":14,"enemies":"Exordium Thugs","floor":13,"turns":3},{"damage":34,"enemies":"3 Sentries","floor":14,"turns":5},{"damage":6,"enemies":"Slime Boss","floor":16,"turns":7},{"damage":25,"enemies":"Spheric Guardian","floor":18,"turns":4},{"damage":0,"enemies":"3 Byrds","floor":22,"turns":5},{"damage":0,"enemies":"Gremlin Leader","floor":24,"turns":6},{"damage":59,"enemies":"Book of Stabbing","floor":28,"turns":6},{"damage":0,"enemies":"Cultist and Chosen","floor":29,"turns":4},{"damage":20,"enemies":"Shelled Parasite and Fungi","floor":30,"turns":2}],"seed_played":"-8798591103213422875","potions_obtained":[{"floor":2,"key":"SmokeBomb"},{"floor":4,"key":"Regen Potion"},{"floor":8,"key":"Energy Potion"},{"floor":12,"key":"Block Potion"},{"floor":14,"key":"conspire:TimeTravelPotion"},{"floor":18,"key":"Swift Potion"},{"floor":24,"key":"FearPotion"},{"floor":29,"key":"Energy Potion"}],"is_trial":false,"path_per_floor":["M","M","?","?","?","$","R","E","T","R","E","M","M","E","R","B",null,"M","$","?","?","M","R","E","R","T","R","E","M","M"],"character_chosen":"WATCHER","items_purchased":["Replay:Mystery Machine","ReplayTheSpireMod:CursedCoin","reliquary:Buckler"],"campfire_rested":2,"item_purchase_floors":[19,19,19],"current_hp_per_floor":[65,65,65,47,47,47,68,68,68,68,68,68,54,41,64,58,74,74,74,74,79,79,79,79,79,79,79,20,20,0,0],"gold":599,"neow_bonus":"THREE_ENEMY_KILL","is_daily":false,"chose_seed":false,"campfire_upgraded":4,"win_rate":0.0,"timestamp":1612459009,"path_taken":["M","M","?","?","?","$","R","E","T","R","E","M","M","E","R","BOSS","M","$","?","?","M","R","E","R","T","R","E","M","M"],"items_purchased_type":["Relic","Relic","Relic"],"build_version":"2020-12-22","purchased_purges":1,"victory":false,"max_hp_per_floor":[72,72,72,72,72,72,72,72,72,72,72,72,72,79,79,79,79,79,79,79,79,79,79,79,79,79,79,79,79,79,79],"card_choices":[{"not_picked":["Sanctity","Adaptation"],"picked":"JustLucky","floor":1},{"not_picked":["Meditate","ClearTheMind"],"picked":"CutThroughFate","floor":2},{"not_picked":["Prostrate","PathToVictory"],"picked":"FlurryOfBlows","floor":4},{"not_picked":["Protect","EmptyBody"],"picked":"FlyingSleeves","floor":8},{"not_picked":["EmptyBody","Adaptation"],"picked":"FollowUp","floor":12},{"not_picked":["Crescendo","Replay:ManipulateFuture"],"picked":"Prostrate","floor":13},{"not_picked":["LikeWater","Crescendo"],"picked":"LessonLearned","floor":14},{"not_picked":["PathToVictory","EmptyMind"],"picked":"FearNoEvil","floor":15},{"not_picked":["SpiritShield","LessonLearned"],"picked":"Ragnarok","floor":16},{"not_picked":["Replay:ManipulateFuture","ClearTheMind+1"],"picked":"FollowUp","floor":18},{"not_picked":["Protect+1","SashWhip"],"picked":"ForeignInfluence","floor":22},{"not_picked":["LessonLearned","ThirdEye"],"picked":"Replay:BluntJabs","floor":24},{"not_picked":["BowlingBash","FearNoEvil"],"picked":"WheelKick+1","floor":28},{"not_picked":["FollowUp","FlurryOfBlows+1"],"picked":"Worship","floor":29}],"player_experience":169453,"relics_obtained":[{"floor":4,"key":"infinitespire:Midas Blood"},{"floor":5,"key":"ReplayTheSpireMod:Ring of Collecting"},{"floor":5,"key":"ReplayTheSpireMod:Ring of Challenge"},{"floor":8,"key":"reliquary:PartyBalloon"},{"floor":9,"key":"Ring of Misfortune"},{"floor":9,"key":"Dream Catcher"},{"floor":14,"key":"Strawberry"},{"floor":22,"key":"Juzu Bracelet"},{"floor":24,"key":"Pen Nib"},{"floor":26,"key":"Ring of Peace"},{"floor":26,"key":"Nunchaku"},{"floor":28,"key":"infinitespire:Beetle Shell"}],"event_choices":[{"damage_healed":0,"gold_gain":0,"player_choice":"Agree","damage_taken":0,"max_hp_gain":0,"max_hp_loss":0,"event_name":"conspire:LoneGhost","floor":3,"gold_loss":0},{"damage_healed":0,"gold_gain":0,"player_choice":"Invest 1","damage_taken":0,"max_hp_gain":0,"max_hp_loss":0,"event_name":"conspire:Investor","floor":20,"gold_loss":0}],"is_beta":false,"boss_relics":[{"not_picked":["energizedSpire:OgreHead","Tiny House"],"picked":"reliquary:RedPaperclip"}],"items_purged_floors":[19],"is_endless":false,"potions_floor_spawned":[2,8,11,12,14,18,24,29],"killed_by":"Shelled Parasite and Fungi","ascension_level":8}}