{"host":"a464imauj9yqom7y","time":1612463919,"event":{"mods":["AchievementEnabler","BaseMod","Better Altar","Better Match","Better Note","Better Sensory Stone","Better Skull","BetterRewards","ChefMod","Colored Map","Colored Powertips","Hermit","Minty Spire (QoL Compilation)","Rare Cards Sparkle","Robot Space Explorer","Somnambulant","StSLib","The Marked","The Runesmith","TheBandit"],"gold_per_floor":[118,131,131,131,148,148,173,173,173,228,228,256,268,268,268,363,363,373,384,384,400,400,400],"floor_reached":22,"language":"ENG","playtime":1433,"items_purged":[],"score":194,"play_id":"412a15fe-9a74-40bb-8028-fed84a302322","local_time":"20210204123839","is_ascension_mode":false,"campfire_choices":[{"floor":6,"key":"REST"},{"floor":8,"key":"REST"},{"data":"somnambulantmod: PrimingPunch","floor":11,"key":"SMITH"},{"floor":15,"key":"REST"}],"circlet_count":0,"master_deck":["somnambulantmod: SomnambulantStrike","somnambulantmod: SomnambulantStrike","somnambulantmod: SomnambulantStrike","somnambulantmod: SomnambulantStrike","somnambulantmod: SomnambulantStrike","somnambulantmod: Defend_Somnambulant+1","somnambulantmod: Defend_Somnambulant+1","somnambulantmod: Defend_Somnambulant","somnambulantmod: Defend_Somnambulant","somnambulantmod: Defend_Somnambulant","somnambulantmod: QuickNap+1","somnambulantmod: PrimingPunch+1","somnambulantmod: SickeningSwathe","somnambulantmod: Stumble","Thinking Ahead","somnambulantmod: ShimmeringVeil","somnambulantmod: Unmake","somnambulantmod: Blink","somnambulantmod: BrainFeeder","somnambulantmod: RuthlessStudy","somnambulantmod: Blink+1","somnambulantmod: Unknow+1","somnambulantmod: SnuggleUp"],"relics":["somnambulantmod: DreamJournal","NeowsBlessing","somnambulantmod: SleepingPills","Strawberry","somnambulantmod: RunicStrip","Omamori","Black Star","Boot"],"acts_visited":["Exordium","TheCity"],"potions_floor_usage":[7,16,21],"damage_taken":[{"damage":0,"enemies":"Jaw Worm","floor":1,"turns":1},{"damage":0,"enemies":"Small Slimes","floor":2,"turns":1},{"damage":0,"enemies":"Cultist","floor":5,"turns":1},{"damage":23,"enemies":"Lagavulin","floor":7,"turns":8},{"damage":9,"enemies":"3 Sentries","floor":12,"turns":3},{"damage":7,"enemies":"Blue Slaver","floor":13,"turns":3},{"damage":16,"enemies":"Slime Boss","floor":16,"turns":7},{"damage":7,"enemies":"Chosen","floor":18,"turns":10},{"damage":21,"enemies":"3 Byrds","floor":19,"turns":6},{"damage":49,"enemies":"Sentry and Sphere","floor":21,"turns":7},{"damage":21,"enemies":"Cultist and Chosen","floor":22,"turns":8}],"seed_played":"2507473144682967520","potions_obtained":[{"floor":5,"key":"DistilledChaos"},{"floor":13,"key":"Energy Potion"},{"floor":16,"key":"Regen Potion"},{"floor":19,"key":"LiquidBronze"},{"floor":21,"key":"Ancient Potion"}],"is_trial":false,"path_per_floor":["M","M","$","?","M","R","E","R","T","?","R","E","M","T","R","B",null,"M","M","?","M","M"],"character_chosen":"THE_SOMNAMBULANT","items_purchased":[],"campfire_rested":3,"item_purchase_floors":[],"current_hp_per_floor":[70,70,70,70,70,72,49,72,79,79,79,70,63,63,83,67,83,76,55,55,20,0,0],"gold":400,"neow_bonus":"THREE_ENEMY_KILL","is_daily":false,"chose_seed":false,"campfire_upgraded":1,"win_rate":0.0,"timestamp":1612463919,"path_taken":["M","M","$","?","M","R","E","R","T","?","R","E","M","?","R","BOSS","M","?","?","M","M"],"items_purchased_type":[],"build_version":"2020-12-22","purchased_purges":0,"victory":false,"max_hp_per_floor":[70,70,70,70,70,72,72,74,81,81,81,81,81,81,83,83,83,83,83,83,83,83,83],"card_choices":[{"not_picked":["somnambulantmod: MindWave","somnambulantmod: UnthoughtKnown"],"picked":"somnambulantmod: SickeningSwathe","floor":1},{"not_picked":["somnambulantmod: RacingThoughts","somnambulantmod: Unmake"],"picked":"somnambulantmod: Stumble","floor":2},{"not_picked":["Mind Blast","Deep Breath"],"picked":"Thinking Ahead","floor":4},{"not_picked":["somnambulantmod: Sleepyhead","somnambulantmod: PourItOut"],"picked":"somnambulantmod: ShimmeringVeil","floor":5},{"not_picked":["somnambulantmod: Hush","somnambulantmod: NightmareFuel"],"picked":"somnambulantmod: Unmake","floor":7},{"not_picked":["somnambulantmod: SnuggleUp","somnambulantmod: LayeredDefense"],"picked":"somnambulantmod: Blink","floor":12},{"not_picked":["somnambulantmod: RecurringDream","somnambulantmod: Trauma"],"picked":"somnambulantmod: BrainFeeder","floor":13},{"not_picked":["somnambulantmod: Narcolepsy","somnambulantmod: NightHaunts"],"picked":"somnambulantmod: RuthlessStudy","floor":16},{"not_picked":["somnambulantmod: BadIdea","somnambulantmod: Stumble+1"],"picked":"somnambulantmod: Blink+1","floor":18},{"not_picked":["somnambulantmod: HappyThoughts","somnambulantmod: LeechFears"],"picked":"somnambulantmod: Unknow+1","floor":19},{"not_picked":["somnambulantmod: Cower+1","somnambulantmod: Bruise"],"picked":"somnambulantmod: SnuggleUp","floor":21}],"player_experience":49022,"relics_obtained":[{"floor":7,"key":"somnambulantmod: SleepingPills"},{"floor":9,"key":"Strawberry"},{"floor":12,"key":"somnambulantmod: RunicStrip"},{"floor":14,"key":"Omamori"}],"event_choices":[{"damage_healed":0,"gold_gain":1,"player_choice":"1","damage_taken":0,"max_hp_gain":0,"max_hp_loss":0,"event_name":"betterStone:BetterStone","floor":4,"gold_loss":0},{"damage_healed":0,"gold_gain":55,"player_choice":"Gained Gold","damage_taken":0,"max_hp_gain":0,"max_hp_loss":0,"event_name":"Golden Wing","floor":10,"gold_loss":0},{"damage_healed":0,"gold_gain":0,"player_choice":"Gave Potion","damage_taken":0,"relics_obtained":["Boot"],"max_hp_gain":0,"max_hp_loss":0,"event_name":"WeMeetAgain","floor":20,"gold_loss":0}],"is_beta":false,"boss_relics":[{"not_picked":["SlaversCollar","Runic Pyramid"],"picked":"Black Star"}],"items_purged_floors":[],"is_endless":false,"potions_floor_spawned":[5,13,16,19,21],"killed_by":"Cultist and Chosen","ascension_level":0}}