{"host":"6fkscwgr344hcmao","time":1612468407,"event":{"mods":["2.2 Compatiblity","AchievementEnabler","BaseMod","Colored Map","Highlight Path","Minty Spire (QoL Compilation)","Random Character Button","Rare Cards Sparkle"],"gold_per_floor":[110,125,50,64,64,64,64,64,64,81,108,108,118,137,137,137,137],"floor_reached":16,"language":"POL","playtime":509,"items_purged":["Strike_R"],"score":102,"play_id":"c8a10e7a-954a-43f5-bc15-64af823e8d48","local_time":"20210204205327","is_ascension_mode":false,"campfire_choices":[{"data":"Searing Blow","floor":6.0,"key":"SMITH"},{"data":"Searing Blow+1","floor":8.0,"key":"SMITH"},{"floor":12.0,"key":"REST"},{"data":"Searing Blow+2","floor":15.0,"key":"SMITH"}],"circlet_count":0,"master_deck":["Strike_R","Strike_R","Strike_R","Defend_R","Defend_R","Defend_R","Defend_R","Bash","Searing Blow+3","Thunderclap"],"relics":["Burning Blood","NeowsBlessing","Paper Frog","CaptainsWheel"],"acts_visited":["Exordium"],"potions_floor_usage":[16],"damage_taken":[{"damage":0.0,"enemies":"Cultist","floor":1.0,"turns":1.0},{"damage":0.0,"enemies":"2 Louse","floor":2.0,"turns":1.0},{"damage":0.0,"enemies":"Small Slimes","floor":4.0,"turns":1.0},{"damage":3.0,"enemies":"3 Louse","floor":10.0,"turns":3.0},{"damage":45.0,"enemies":"Lagavulin","floor":11.0,"turns":8.0},{"damage":0.0,"enemies":"2 Fungi Beasts","floor":13.0,"turns":3.0},{"damage":6.0,"enemies":"Exordium Wildlife","floor":14.0,"turns":5.0},{"damage":70,"enemies":"Hexaghost","floor":16,"turns":9}],"seed_played":"-2930090016887675946","potions_obtained":[{"floor":10.0,"key":"SteroidPotion"},{"floor":11.0,"key":"SpeedPotion"},{"floor":13.0,"key":"Strength Potion"}],"is_trial":false,"path_per_floor":["M","M","$","M","$","R","?","R","T","M","E","R","M","M","R","B"],"character_chosen":"IRONCLAD","items_purchased":[],"campfire_rested":1,"item_purchase_floors":[],"current_hp_per_floor":[80,80,80,80,80,80,73,73,73,76,37,61,67,67,67,0,0],"gold":137,"neow_bonus":"THREE_ENEMY_KILL","is_daily":false,"chose_seed":false,"campfire_upgraded":3,"win_rate":0.0,"timestamp":1612468407,"path_taken":["M","M","$","M","$","R","?","R","T","M","E","R","M","M","R","BOSS"],"items_purchased_type":[],"build_version":"2020-12-22","purchased_purges":1,"victory":false,"max_hp_per_floor":[80,80,80,80,80,80,80,80,80,80,80,80,80,80,80,80,80],"card_choices":[{"not_picked":["Perfected Strike","True Grit","Iron Wave"],"picked":"SKIP","floor":1.0},{"not_picked":["Carnage","Sword Boomerang","Spot Weakness"],"picked":"SKIP","floor":2.0},{"not_picked":["Twin Strike","Battle Trance"],"picked":"Searing Blow","floor":4.0},{"not_picked":["Perfected Strike","Uppercut","Heavy Blade"],"picked":"SKIP","floor":10.0},{"not_picked":["Bloodletting","Anger"],"picked":"Thunderclap","floor":11.0},{"not_picked":["Heavy Blade","Berserk","Power Through"],"picked":"SKIP","floor":13.0},{"not_picked":["Iron Wave","Clothesline","Havoc"],"picked":"SKIP","floor":14.0}],"player_experience":237249,"relics_obtained":[{"floor":9.0,"key":"Paper Frog"},{"floor":11.0,"key":"CaptainsWheel"}],"event_choices":[{"cards_removed":["Strike_R"],"damage_healed":0.0,"max_hp_gain":0.0,"max_hp_loss":0.0,"gold_gain":0.0,"event_name":"Golden Wing","player_choice":"Card Removal","floor":7.0,"gold_loss":0.0,"damage_taken":7.0}],"is_beta":false,"boss_relics":[],"items_purged_floors":[3],"is_endless":false,"potions_floor_spawned":[10,11,13],"killed_by":"Hexaghost","ascension_level":0}}