{"host":"u7y9frlpoazak2mn","time":1612411741,"event":{"mods":["Act Like it!","Aspiration","BaseMod","Beaked The Cultist","Better Altar","Better Match","Better Note","Better Sensory Stone","Better Skull","Better Third Choice","Colored Map","Colored Powertips","Conspire","Downfall","Energized Spire","GifTheSpireLib","Googly Eyes","Halation","Hermit","Hubris","Infinite Spire","Marked Mod","Mimic Mod","Minty Spire (QoL Compilation)","Permanent Neow","Prisma Mod","Rare Cards Sparkle","Replay The Spire","StSLib","Stuff the Spire","The Construct","Waifu the Spire"],"gold_per_floor":[113,127,53,67,67,98,98,98,98],"floor_reached":8,"language":"ENG","playtime":380,"items_purged":[],"score":64,"play_id":"a5cb8f6f-e105-451d-87e3-998dc4f32c67","local_time":"20210203230901","is_ascension_mode":true,"campfire_choices":[],"circlet_count":0,"master_deck":["Strike_G","Strike_G","Strike_G","Strike_G","Strike_G","Defend_G","Defend_G","Defend_G","Defend_G","Defend_G","Survivor","Neutralize","Phantasmal Killer","Cloak And Dagger","conspire:DoublingDagger","Infinite Blades","Skewer","Blade Dance"],"relics":["beaked:MendingPlumage","aspiration:TomeofQuesting","infinitespire:Cubic Diamond"],"acts_visited":["Exordium"],"potions_floor_usage":[6],"damage_taken":[{"damage":2,"enemies":"Cultist","floor":1,"turns":4},{"damage":0,"enemies":"Jaw Worm","floor":2,"turns":6},{"damage":7,"enemies":"Small Slimes","floor":4,"turns":3},{"damage":60,"enemies":"Lagavulin","floor":6,"turns":6},{"damage":12,"enemies":"3 Sentries","floor":8,"turns":2}],"seed_played":"-1038046757681150149","potions_obtained":[{"floor":2,"key":"FearPotion"}],"is_trial":false,"path_per_floor":["M","M","$","M","$","E","?","E"],"character_chosen":"THE_SILENT","items_purchased":["Infinite Blades"],"campfire_rested":0,"item_purchase_floors":[3],"current_hp_per_floor":[68,68,68,61,61,1,1,0,0],"gold":98,"neow_bonus":"ONE_RANDOM_RARE_CARD","is_daily":false,"chose_seed":false,"campfire_upgraded":0,"win_rate":0.0,"timestamp":1612411741,"path_taken":["M","?","$","M","$","E","?","E"],"items_purchased_type":["Card"],"build_version":"2020-12-22","purchased_purges":0,"victory":false,"max_hp_per_floor":[70,70,70,70,70,70,70,70,70],"card_choices":[{"not_picked":["ReplayTheSpireMod:The Works","Sucker Punch"],"picked":"Cloak And Dagger","floor":1},{"not_picked":["Deflect","Atom Bomb"],"picked":"conspire:DoublingDagger","floor":2},{"not_picked":["Backflip","StuffTheSpire:Injection"],"picked":"Skewer","floor":4},{"not_picked":["Setup","Skewer"],"picked":"Blade Dance","floor":6}],"player_experience":395493,"relics_obtained":[{"floor":6,"key":"aspiration:TomeofQuesting"}],"event_choices":[],"is_beta":false,"boss_relics":[],"items_purged_floors":[],"is_endless":false,"potions_floor_spawned":[2],"killed_by":"3 Sentries","ascension_level":3}}