{"host":"by8i6f8xc0ywpsd5","time":1612429933,"event":{"mods":["BaseMod","Colored Map","Minty Spire (QoL Compilation)","Relic Stats"],"gold_per_floor":[364,381,381,6,6,6,39,12,85,85,85,116,116,140,140,229,229,252,268,301,251,526,526,561,107,132,132,175,196,196,221,221,312,312,340,352,384,64,286,317,0,0,49,80,95,114,114,447,447,447,447,447,447,83,110,110],"floor_reached":57,"language":"ENG","playtime":6680,"items_purged":["Strike_R","Strike_R","Regret","Defend_R"],"score":2729,"play_id":"25b9533f-f509-40b2-a662-dd2dd5508553","local_time":"20210204111213","is_ascension_mode":true,"campfire_choices":[{"data":"Havoc","floor":6.0,"key":"SMITH"},{"data":"Flex","floor":10.0,"key":"SMITH"},{"data":"Uppercut","floor":13.0,"key":"SMITH"},{"floor":15.0,"key":"REST"},{"data":"Fiend Fire","floor":23.0,"key":"SMITH"},{"data":"Burning Pact","floor":27.0,"key":"SMITH"},{"data":"Brutality","floor":30.0,"key":"SMITH"},{"data":"Sword Boomerang","floor":32.0,"key":"SMITH"},{"floor":42.0,"key":"REST"},{"data":"Juggernaut","floor":47.0,"key":"SMITH"},{"floor":49.0,"key":"RECALL"},{"data":"Feel No Pain","floor":53.0,"key":"SMITH"}],"circlet_count":0,"master_deck":["AscendersBane","Defend_R","Defend_R","Bash","Feel No Pain+1","Uppercut+1","Whirlwind+1","Havoc+1","Flex+1","Burning Pact+1","Pummel","Fiend Fire+1","Berserk+1","Shockwave+1","Seeing Red+1","Evolve","Thunderclap","Brutality+1","Feel No Pain","Battle Trance+1","Thinking Ahead+1","True Grit+1","Sword Boomerang+1","Double Tap+1","Shrug It Off+1","Pommel Strike+1","Sentinel+1","Havoc+1","Feel No Pain","Juggernaut+1","Rage+1","True Grit+1","Master of Strategy+1","Corruption"],"relics":["Burning Blood","Membership Card","Bronze Scales","Self Forming Clay","White Beast Statue","Potion Belt","Astrolabe","Red Mask","Toxic Egg 2","Paper Frog","Art of War","Red Skull","Omamori","Calling Bell","MawBank","StrikeDummy","Torii","InkBottle","TheAbacus","Meat on the Bone","Anchor","Pantograph","Bag of Preparation","HornCleat","Oddly Smooth Stone"],"acts_visited":["Exordium","TheCity","TheBeyond","TheEnding"],"potions_floor_usage":[55,56,56,56,56,56,56,56],"damage_taken":[{"damage":1.0,"enemies":"Cultist","floor":1.0,"turns":3.0},{"damage":1.0,"enemies":"Small Slimes","floor":2.0,"turns":3.0},{"damage":15.0,"enemies":"Lagavulin","floor":7.0,"turns":5.0},{"damage":20.0,"enemies":"3 Sentries","floor":12.0,"turns":5.0},{"damage":5.0,"enemies":"2 Louse","floor":14.0,"turns":2.0},{"damage":28.0,"enemies":"The Guardian","floor":16.0,"turns":9.0},{"damage":4.0,"enemies":"Chosen","floor":18.0,"turns":5.0},{"damage":3.0,"enemies":"Spheric Guardian","floor":19.0,"turns":3.0},{"damage":0.0,"enemies":"Masked Bandits","floor":20.0,"turns":1.0},{"damage":13.0,"enemies":"Book of Stabbing","floor":24.0,"turns":4.0},{"damage":24.0,"enemies":"Gremlin Leader","floor":28.0,"turns":3.0},{"damage":8.0,"enemies":"Shelled Parasite and Fungi","floor":29.0,"turns":2.0},{"damage":2.0,"enemies":"3 Cultists","floor":31.0,"turns":3.0},{"damage":28.0,"enemies":"Champ","floor":33.0,"turns":8.0},{"damage":2.0,"enemies":"3 Darklings","floor":35.0,"turns":2.0},{"damage":16.0,"enemies":"3 Shapes","floor":37.0,"turns":10.0},{"damage":48.0,"enemies":"Reptomancer","floor":40.0,"turns":9.0},{"damage":4.0,"enemies":"Giant Head","floor":44.0,"turns":5.0},{"damage":0.0,"enemies":"Sphere and 2 Shapes","floor":45.0,"turns":5.0},{"damage":1.0,"enemies":"3 Darklings","floor":46.0,"turns":2.0},{"damage":68.0,"enemies":"Awakened One","floor":50.0,"turns":12.0},{"damage":28.0,"enemies":"Donu and Deca","floor":51.0,"turns":6.0},{"damage":19,"enemies":"Shield and Spear","floor":55,"turns":4},{"damage":14,"enemies":"The Heart","floor":56,"turns":6}],"seed_played":"-195136593545879743","potions_obtained":[{"floor":1.0,"key":"SkillPotion"},{"floor":7.0,"key":"Block Potion"},{"floor":12.0,"key":"Swift Potion"},{"floor":14.0,"key":"DuplicationPotion"},{"floor":16.0,"key":"FearPotion"},{"floor":18.0,"key":"DistilledChaos"},{"floor":19.0,"key":"Block Potion"},{"floor":20.0,"key":"Weak Potion"},{"floor":24.0,"key":"LiquidBronze"},{"floor":28.0,"key":"BlessingOfTheForge"},{"floor":29.0,"key":"Ancient Potion"},{"floor":31.0,"key":"ColorlessPotion"},{"floor":33.0,"key":"SteroidPotion"},{"floor":35.0,"key":"Weak Potion"},{"floor":37.0,"key":"Dexterity Potion"},{"floor":40.0,"key":"PowerPotion"},{"floor":44.0,"key":"PowerPotion"},{"floor":45.0,"key":"BloodPotion"},{"floor":55,"key":"Energy Potion"}],"is_trial":false,"path_per_floor":["M","M","?","$","?","R","E","$","T","R","?","E","R","M","R","B",null,"M","M","?","$","?","R","E","$","T","R","E","M","R","M","R","B",null,"M","?","M","$","?","E","$","R","T","E","M","M","R","?","R","B","B",null,"R","$","E","B",null],"character_chosen":"IRONCLAD","items_purchased":["Membership Card","Whirlwind","Havoc","Bronze Scales","Flex","Weak Potion","Paper Frog","Feel No Pain","Battle Trance+1","Thinking Ahead+1","Art of War","Sentinel+1","Havoc+1","InkBottle","TheAbacus","Feel No Pain","Anchor","Pantograph","Swift Potion","HornCleat","True Grit+1","Master of Strategy+1","EntropicBrew","DuplicationPotion"],"campfire_rested":2,"item_purchase_floors":[4,4,4,4,4,8,25,25,25,25,25,38,38,38,38,38,41,41,41,54,54,54,54,54],"current_hp_per_floor":[68,68,68,68,68,68,59,59,59,59,36,22,22,23,43,21,56,58,61,67,67,67,67,60,60,60,60,42,40,40,44,44,22,57,61,61,51,51,51,9,9,29,29,43,49,54,54,54,54,31,46,63,63,63,50,60],"gold":110,"neow_bonus":"TWO_FIFTY_GOLD","is_daily":false,"chose_seed":false,"campfire_upgraded":9,"win_rate":0.0,"timestamp":1612429933,"path_taken":["M","?","?","$","?","R","E","$","T","R","?","E","R","M","R","BOSS","M","M","?","$","?","R","E","$","T","R","E","M","R","?","R","BOSS","M","?","M","$","?","E","$","R","T","E","M","?","R","?","R","BOSS","BOSS","R","$","E","BOSS"],"items_purchased_type":["Relic","Card","Card","Relic","Card","Potion","Relic","Card","Card","Card","Relic","Card","Card","Relic","Relic","Card","Relic","Relic","Potion","Relic","Card","Card","Potion","Potion"],"build_version":"2020-12-22","purchased_purges":4,"victory":true,"max_hp_per_floor":[68,68,68,68,68,68,68,68,68,68,68,68,68,68,68,68,68,68,68,68,68,68,68,68,68,68,68,68,68,68,68,68,68,68,68,68,68,68,68,68,68,68,68,68,68,68,68,68,68,68,68,68,68,68,68,68],"relic_stats":{"Torii":20,"counters":[24,117],"Self Forming Clay":[261],"Astrolabe":["Berserk","Shockwave","Seeing Red"],"Bag of Preparation":[12],"MawBank":48,"Burning Blood":134,"TheAbacus":[108],"Bronze Scales":[393],"Pantograph":57,"Art of War":[10],"obtain_stats":[{"Torii":34,"Bag of Preparation":44,"Burning Blood":0,"TheAbacus":38,"HornCleat":54,"Pantograph":41,"Red Mask":20,"Toxic Egg 2":24,"Red Skull":26,"InkBottle":38,"Paper Frog":25,"Potion Belt":12,"Self Forming Clay":7,"Golden Idol":11,"Astrolabe":17,"Oddly Smooth Stone":55,"Omamori":28,"MawBank":34,"White Beast Statue":9,"Calling Bell":34,"Anchor":41,"Bronze Scales":4,"Art of War":25,"Membership Card":4,"StrikeDummy":34,"Meat on the Bone":40},{"Torii":14,"Bag of Preparation":18,"Burning Blood":0,"TheAbacus":16,"HornCleat":22,"Pantograph":17,"Red Mask":9,"Toxic Egg 2":10,"Red Skull":10,"InkBottle":16,"Paper Frog":10,"Potion Belt":4,"Self Forming Clay":3,"Golden Idol":3,"Astrolabe":6,"Oddly Smooth Stone":23,"Omamori":11,"MawBank":14,"White Beast Statue":3,"Calling Bell":14,"Anchor":17,"Bronze Scales":2,"Art of War":10,"Membership Card":2,"StrikeDummy":14,"Meat on the Bone":17},{"Torii":56,"Bag of Preparation":82,"Burning Blood":0,"TheAbacus":68,"HornCleat":107,"Pantograph":77,"Red Mask":36,"Toxic Egg 2":40,"Red Skull":40,"InkBottle":68,"Paper Frog":40,"Potion Belt":16,"Self Forming Clay":11,"Golden Idol":11,"Astrolabe":27,"Oddly Smooth Stone":111,"Omamori":43,"MawBank":56,"White Beast Statue":11,"Calling Bell":56,"Anchor":77,"Bronze Scales":6,"Art of War":40,"Membership Card":6,"StrikeDummy":56,"Meat on the Bone":77}],"InkBottle":[20],"Meat on the Bone":36},"card_choices":[{"not_picked":["Iron Wave","Shrug It Off"],"picked":"Feel No Pain","floor":1.0},{"not_picked":["Combust","Thunderclap"],"picked":"Uppercut","floor":2.0},{"not_picked":["Blood for Blood","Shrug It Off"],"picked":"Burning Pact","floor":7.0},{"not_picked":["Twin Strike","Clash"],"picked":"Pummel","floor":12.0},{"not_picked":["Fire Breathing","Evolve","Clash"],"picked":"SKIP","floor":14.0},{"not_picked":["Reaper","Immolate"],"picked":"Fiend Fire","floor":16.0},{"not_picked":["Metallicize","Wild Strike"],"picked":"Evolve","floor":18.0},{"not_picked":["Twin Strike","Wild Strike+1"],"picked":"Thunderclap","floor":19.0},{"not_picked":["Thunderclap+1","Searing Blow"],"picked":"Brutality","floor":24.0},{"not_picked":["Dark Embrace","Perfected Strike"],"picked":"True Grit+1","floor":28.0},{"not_picked":["Iron Wave","Wild Strike+1","Fire Breathing"],"picked":"SKIP","floor":29.0},{"not_picked":["Perfected Strike","Intimidate+1"],"picked":"Sword Boomerang","floor":31.0},{"not_picked":["Impervious+1","Demon Form"],"picked":"Double Tap+1","floor":33.0},{"not_picked":["Infernal Blade+1","Cleave+1"],"picked":"Shrug It Off+1","floor":35.0},{"not_picked":["Iron Wave","Headbutt"],"picked":"Pommel Strike+1","floor":37.0},{"not_picked":["Iron Wave+1","Clothesline"],"picked":"Juggernaut","floor":40.0},{"not_picked":["Twin Strike+1","Intimidate+1","Blood for Blood"],"picked":"SKIP","floor":44.0},{"not_picked":["Pommel Strike","Shrug It Off+1"],"picked":"Rage+1","floor":45.0},{"not_picked":["Bloodletting+1","Sever Soul+1","Flex+1"],"picked":"SKIP","floor":46.0},{"not_picked":["Cleave","Havoc+1"],"picked":"Corruption","floor":55}],"player_experience":1732039,"relics_obtained":[{"floor":7.0,"key":"Self Forming Clay"},{"floor":9.0,"key":"White Beast Statue"},{"floor":12.0,"key":"Potion Belt"},{"floor":20.0,"key":"Red Mask"},{"floor":24.0,"key":"Toxic Egg 2"},{"floor":26.0,"key":"Red Skull"},{"floor":28.0,"key":"Omamori"},{"floor":34.0,"key":"MawBank"},{"floor":34.0,"key":"StrikeDummy"},{"floor":34.0,"key":"Torii"},{"floor":40.0,"key":"Meat on the Bone"},{"floor":44.0,"key":"Bag of Preparation"},{"floor":55,"key":"Oddly Smooth Stone"}],"event_choices":[{"damage_healed":0.0,"max_hp_gain":0.0,"max_hp_loss":0.0,"gold_gain":0.0,"event_name":"The Cleric","player_choice":"Leave","floor":3.0,"gold_loss":0.0,"damage_taken":0.0},{"damage_healed":0.0,"max_hp_gain":0.0,"max_hp_loss":0.0,"gold_gain":0.0,"event_name":"Living Wall","player_choice":"Grow","floor":5.0,"gold_loss":0.0,"damage_taken":0.0,"cards_upgraded":["Whirlwind"]},{"damage_healed":0.0,"max_hp_gain":0.0,"max_hp_loss":0.0,"gold_gain":0.0,"event_name":"Golden Idol","player_choice":"Take Damage","floor":11.0,"gold_loss":0.0,"damage_taken":23.0,"relics_obtained":["Golden Idol"]},{"damage_healed":0.0,"max_hp_gain":0.0,"max_hp_loss":0.0,"gold_gain":0.0,"event_name":"Masked Bandits","player_choice":"Fought Bandits","floor":20.0,"gold_loss":0.0,"damage_taken":0.0},{"damage_healed":0.0,"max_hp_gain":0.0,"max_hp_loss":0.0,"gold_gain":275.0,"event_name":"Golden Shrine","player_choice":"Desecrate","floor":22.0,"gold_loss":0.0,"damage_taken":0.0,"cards_obtained":["Regret"]},{"cards_removed":["Defend_R"],"damage_healed":0.0,"max_hp_gain":0.0,"max_hp_loss":0.0,"gold_gain":0.0,"event_name":"Falling","player_choice":"Removed Skill","floor":36.0,"gold_loss":0.0,"damage_taken":0.0},{"damage_healed":0.0,"max_hp_gain":0.0,"max_hp_loss":0.0,"gold_gain":222.0,"event_name":"Tomb of Lord Red Mask","player_choice":"Wore Mask","floor":39.0,"gold_loss":0.0,"damage_taken":0.0},{"damage_healed":0.0,"max_hp_gain":0.0,"max_hp_loss":0.0,"gold_gain":333.0,"event_name":"The Moai Head","player_choice":"Gave Idol","floor":48.0,"relics_lost":["Golden Idol"],"gold_loss":0.0,"damage_taken":0.0}],"is_beta":false,"boss_relics":[{"not_picked":["Black Blood","Sozu"],"picked":"Astrolabe"},{"not_picked":["SlaversCollar","Pandora\u0027s Box"],"picked":"Calling Bell"}],"items_purged_floors":[4,21,25,41],"is_endless":false,"potions_floor_spawned":[1,7,12,14,16,18,19,20,24,28,29,31,33,35,37,40,44,45,46,55],"ascension_level":20}}