{"host":"8rqsnaeml9gxb0kp","time":1612406610,"event":{"mods":["AchievementEnabler","BaseMod","Dark Map","Minty Spire (QoL Compilation)","Relic Stats","StSLib","slay the spire mod where everything is the same but ironclad has a cowboy hat"],"gold_per_floor":[115,115,115,115,115,129,162,87,87,118,137,151,166,186,186,260,260,260,1,1,1,1,1,1,1,1,1,1,1,1,1,1,1,1,1,1,1,1,1,1,1,1,1,1,1,1,1,1,1,1],"floor_reached":51,"language":"ENG","playtime":2365,"items_purged":["Strike_R"],"score":1415,"play_id":"d0f48e3f-7f61-4bec-a0e6-add5aa64039b","local_time":"20210203184330","is_ascension_mode":true,"campfire_choices":[{"floor":15.0,"key":"REST"},{"floor":24.0,"key":"REST"},{"data":"Uppercut","floor":29.0,"key":"SMITH"},{"floor":32,"key":"REST"},{"data":"Fiend Fire","floor":42,"key":"SMITH"},{"data":"Strike_R","floor":44,"key":"SMITH"},{"floor":47,"key":"REST"},{"floor":49,"key":"REST"}],"circlet_count":0,"master_deck":["AscendersBane","Strike_R+1","Defend_R+1","Defend_R+1","Bash+1","Uppercut+1","Fiend Fire+1","Shrug It Off+1","Ghostly Armor+1","Uppercut+1","Dual Wield+1","Twin Strike+1","Reaper+1","Cleave+1","Disarm+1","Fiend Fire+1","Cleave+1","Hemokinesis+1","Whirlwind+1","Headbutt+1","Shockwave+1","Bloodletting+1","Rampage+1","Hemokinesis+1","Whirlwind+1","Headbutt+1","Flame Barrier+1","Flame Barrier+1","Immolate+1"],"relics":["Burning Blood","NeowsBlessing","Du-Vu Doll","Toxic Egg 2","Singing Bowl","Molten Egg 2","Toy Ornithopter","Ectoplasm","Eternal Feather","Shuriken","War Paint","Ice Cream","Bronze Scales","Astrolabe","Thread and Needle","InkBottle","Bottled Lightning"],"acts_visited":["Exordium","TheCity","TheBeyond"],"potions_floor_usage":[31,39,50],"damage_taken":[{"damage":0.0,"enemies":"Jaw Worm","floor":1.0,"turns":1.0},{"damage":6.0,"enemies":"Small Slimes","floor":6.0,"turns":2.0},{"damage":0.0,"enemies":"Lagavulin","floor":7.0,"turns":2.0},{"damage":6.0,"enemies":"Gremlin Nob","floor":10.0,"turns":3.0},{"damage":0.0,"enemies":"Cultist","floor":11.0,"turns":3.0},{"damage":0.0,"enemies":"Exordium Thugs","floor":12.0,"turns":4.0},{"damage":36.0,"enemies":"Lots of Slimes","floor":13.0,"turns":6.0},{"damage":5.0,"enemies":"2 Fungi Beasts","floor":14.0,"turns":4.0},{"damage":52.0,"enemies":"Slime Boss","floor":16.0,"turns":9.0},{"damage":13.0,"enemies":"Chosen","floor":18.0,"turns":6.0},{"damage":30.0,"enemies":"3 Byrds","floor":22.0,"turns":6.0},{"damage":49.0,"enemies":"Slavers","floor":23.0,"turns":5.0},{"damage":35.0,"enemies":"Book of Stabbing","floor":25.0,"turns":6.0},{"damage":33.0,"enemies":"Gremlin Leader","floor":27.0,"turns":7.0},{"damage":17.0,"enemies":"Snecko","floor":28.0,"turns":4.0},{"damage":22.0,"enemies":"Centurion and Healer","floor":30.0,"turns":5.0},{"damage":20,"enemies":"Slavers","floor":31,"turns":6},{"damage":70,"enemies":"Automaton","floor":33,"turns":10},{"damage":22,"enemies":"Orb Walker","floor":35,"turns":4},{"damage":47,"enemies":"2 Orb Walkers","floor":37,"turns":4},{"damage":5,"enemies":"3 Darklings","floor":39,"turns":2},{"damage":3,"enemies":"Jaw Worm Horde","floor":45,"turns":3},{"damage":60,"enemies":"Nemesis","floor":46,"turns":7},{"damage":34,"enemies":"4 Shapes","floor":48,"turns":6},{"damage":82,"enemies":"Awakened One","floor":50,"turns":12}],"seed_played":"-1044583599351889575","potions_obtained":[{"floor":1.0,"key":"SkillPotion"},{"floor":6.0,"key":"FairyPotion"},{"floor":10.0,"key":"ColorlessPotion"},{"floor":16.0,"key":"BloodPotion"},{"floor":22.0,"key":"SteroidPotion"},{"floor":23.0,"key":"SteroidPotion"},{"floor":25.0,"key":"CultistPotion"},{"floor":27.0,"key":"Weak Potion"},{"floor":33,"key":"BlessingOfTheForge"},{"floor":37,"key":"DistilledChaos"},{"floor":39,"key":"Energy Potion"},{"floor":48,"key":"Strength Potion"}],"is_trial":false,"path_per_floor":["M","?","?","T","?","M","E","$","T","E","M","M","M","M","R","B",null,"M","$","$","?","M","E","R","E","T","E","M","R","M","E","R","B",null,"M","$","?","$","M","?","?","R","T","R","M","E","R","M","R","B",null],"character_chosen":"IRONCLAD","items_purchased":["Disarm+1","Fiend Fire+1"],"campfire_rested":5,"item_purchase_floors":[19,19],"current_hp_per_floor":[74,39,39,39,39,39,45,45,45,47,53,59,36,37,60,14,63,79,79,79,56,39,41,78,49,49,69,58,70,54,54,86,36,75,68,68,27,27,35,74,74,74,74,74,76,22,59,37,74,15],"gold":1,"neow_bonus":"THREE_ENEMY_KILL","is_daily":false,"chose_seed":false,"campfire_upgraded":3,"win_rate":0.0,"timestamp":1612406610,"path_taken":["M","?","?","?","?","?","E","?","T","E","M","M","M","M","R","BOSS","M","?","$","?","M","E","R","E","T","E","M","R","M","E","R","BOSS","M","$","?","$","M","?","?","R","T","R","M","E","R","M","R","BOSS"],"items_purchased_type":["Card","Card"],"build_version":"2020-12-22","purchased_purges":1,"victory":true,"max_hp_per_floor":[75,75,75,75,75,75,75,75,75,77,77,77,79,79,79,79,79,79,79,79,84,84,86,86,86,86,86,86,86,86,86,86,88,88,88,88,88,88,90,74,74,74,74,74,76,76,76,76,76,76],"relic_stats":{"Singing Bowl":12,"counters":[25,127],"Shuriken":[17],"Bronze Scales":[148],"Astrolabe":["Rampage","Hemokinesis","Whirlwind"],"Eternal Feather":69,"Ectoplasm":469,"War Paint":["Defend_R","Defend_R"],"obtain_stats":[{"Ice Cream":27,"NeowsBlessing":0,"Singing Bowl":7,"Astrolabe":34,"Eternal Feather":23,"Thread and Needle":37,"War Paint":26,"Burning Blood":0,"Du-Vu Doll":2,"Shuriken":25,"Bronze Scales":31,"Molten Egg 2":9,"Ectoplasm":17,"Bottled Lightning":46,"Toxic Egg 2":4,"Toy Ornithopter":10,"InkBottle":43},{"Ice Cream":14,"NeowsBlessing":0,"Singing Bowl":3,"Astrolabe":18,"Eternal Feather":12,"Thread and Needle":20,"War Paint":13,"Burning Blood":0,"Du-Vu Doll":1,"Shuriken":13,"Bronze Scales":17,"Molten Egg 2":3,"Ectoplasm":9,"Bottled Lightning":23,"Toxic Egg 2":1,"Toy Ornithopter":4,"InkBottle":21},{"Ice Cream":64,"NeowsBlessing":0,"Singing Bowl":5,"Astrolabe":89,"Eternal Feather":51,"Thread and Needle":97,"War Paint":57,"Burning Blood":0,"Du-Vu Doll":1,"Shuriken":57,"Bronze Scales":79,"Molten Egg 2":5,"Ectoplasm":34,"Bottled Lightning":109,"Toxic Egg 2":1,"Toy Ornithopter":8,"InkBottle":99}],"Burning Blood":144,"Toy Ornithopter":32,"InkBottle":[7]},"card_choices":[{"not_picked":["True Grit","Shrug It Off"],"picked":"Uppercut","floor":1.0},{"not_picked":["Wild Strike","Reckless Charge"],"picked":"Shrug It Off+1","floor":6.0},{"not_picked":["Sever Soul","Anger"],"picked":"Ghostly Armor+1","floor":7.0},{"not_picked":["Juggernaut","Havoc+1","Anger+1"],"picked":"Singing Bowl","floor":10.0},{"not_picked":["Burning Pact+1","Cleave+1"],"picked":"Uppercut+1","floor":11.0},{"not_picked":["Perfected Strike+1","Wild Strike+1"],"picked":"Dual Wield+1","floor":12.0},{"not_picked":["Hemokinesis+1","Uppercut+1","Heavy Blade+1"],"picked":"Singing Bowl","floor":13.0},{"not_picked":["Wild Strike+1","Heavy Blade+1"],"picked":"Twin Strike+1","floor":14.0},{"not_picked":["Double Tap+1","Berserk"],"picked":"Reaper+1","floor":16.0},{"not_picked":["Thunderclap+1","True Grit+1"],"picked":"Cleave+1","floor":18.0},{"not_picked":["Flex+1","Iron Wave+1"],"picked":"Cleave+1","floor":22.0},{"not_picked":["Warcry+1","Cleave+1","Dark Embrace"],"picked":"Singing Bowl","floor":23.0},{"not_picked":["Bludgeon+1","Blood for Blood+1"],"picked":"Hemokinesis+1","floor":25.0},{"not_picked":["Carnage+1","Warcry+1"],"picked":"Whirlwind+1","floor":27.0},{"not_picked":["Armaments+1","Thunderclap+1"],"picked":"Headbutt+1","floor":28.0},{"not_picked":["Juggernaut","Feel No Pain"],"picked":"Shockwave+1","floor":30.0},{"not_picked":["Clash+1","Hemokinesis+1"],"picked":"Bloodletting+1","floor":31},{"not_picked":["Brutality","Barricade","Bludgeon+1"],"picked":"Singing Bowl","floor":33},{"not_picked":["Havoc+1","Clash+1"],"picked":"Headbutt+1","floor":35},{"not_picked":["Hemokinesis+1","Perfected Strike+1"],"picked":"Flame Barrier+1","floor":37},{"not_picked":["Rampage+1","Twin Strike+1","Warcry+1"],"picked":"Singing Bowl","floor":39},{"not_picked":["Dropkick+1","Cleave+1","Warcry+1"],"picked":"Singing Bowl","floor":45},{"not_picked":["Cleave+1","Pummel+1"],"picked":"Flame Barrier+1","floor":46},{"not_picked":["Dual Wield+1","Twin Strike+1"],"picked":"Immolate+1","floor":48}],"player_experience":178541,"relics_obtained":[{"floor":4.0,"key":"Toxic Egg 2"},{"floor":7.0,"key":"Singing Bowl"},{"floor":9.0,"key":"Molten Egg 2"},{"floor":10.0,"key":"Toy Ornithopter"},{"floor":23.0,"key":"Eternal Feather"},{"floor":25.0,"key":"Shuriken"},{"floor":26.0,"key":"War Paint"},{"floor":27.0,"key":"Ice Cream"},{"floor":31,"key":"Bronze Scales"},{"floor":37,"key":"Thread and Needle"},{"floor":43,"key":"InkBottle"},{"floor":46,"key":"Bottled Lightning"}],"event_choices":[{"damage_healed":0.0,"max_hp_gain":0.0,"max_hp_loss":0.0,"gold_gain":0.0,"event_name":"Scrap Ooze","player_choice":"Success","floor":2.0,"gold_loss":0.0,"damage_taken":35.0,"relics_obtained":["Du-Vu Doll"]},{"damage_healed":0.0,"max_hp_gain":0.0,"max_hp_loss":0.0,"gold_gain":0.0,"cards_transformed":["Defend_R"],"event_name":"Living Wall","player_choice":"Change","floor":3.0,"gold_loss":0.0,"damage_taken":0.0,"cards_obtained":["Fiend Fire"]},{"cards_removed":["Strike_R"],"damage_healed":0.0,"max_hp_gain":0.0,"max_hp_loss":0.0,"gold_gain":0.0,"event_name":"Purifier","player_choice":"Purged","floor":5.0,"gold_loss":0.0,"damage_taken":0.0},{"damage_healed":0.0,"max_hp_gain":5.0,"max_hp_loss":0.0,"gold_gain":0.0,"event_name":"Forgotten Altar","player_choice":"Shed Blood","floor":21.0,"gold_loss":0.0,"damage_taken":28.0},{"damage_healed":0,"gold_gain":0,"player_choice":"Fight","damage_taken":0,"max_hp_gain":0,"max_hp_loss":0,"event_name":"Mysterious Sphere","floor":37,"gold_loss":0},{"damage_healed":74,"gold_gain":0,"player_choice":"Heal","damage_taken":0,"max_hp_gain":0,"max_hp_loss":16,"event_name":"The Moai Head","floor":40,"gold_loss":0},{"damage_healed":0,"gold_gain":0,"player_choice":"Upgraded","damage_taken":0,"max_hp_gain":0,"max_hp_loss":0,"event_name":"Upgrade Shrine","floor":41,"gold_loss":0,"cards_upgraded":["Bash"]}],"is_beta":false,"boss_relics":[{"not_picked":["Tiny House","Philosopher\u0027s Stone"],"picked":"Ectoplasm"},{"not_picked":["Velvet Choker","Busted Crown"],"picked":"Astrolabe"}],"items_purged_floors":[8],"is_endless":false,"potions_floor_spawned":[1,6,10,16,22,23,25,27,33,37,39,48],"ascension_level":17}}