{"host":"6wj0y6vd24x8d2vm","time":1612474794,"event":{"mods":["BaseMod","Downfall","Hubris","Infinite Spire","Koishi","Marisa????????","Minty Spire (QoL Compilation)","Prisma Mod","StSLib","Td1madao Mod","The Gatherer","The Jungle","The Servant 0.9.4"],"gold_per_floor":[113,113,188,363,389,439,439,470,496,125,225,267,283,336,336,466,466,479,479,494,521,8,8,31,31,57,57,95,194,234,334,334,479,479,555,555,599,599,599,599,743,759,811,811,811,227,261,337,337,367],"floor_reached":51,"language":"RUS","playtime":3049,"items_purged":["Doubt","Writhe"],"score":760,"play_id":"dd7fb6e8-3b87-4d8d-be28-7e95b9e0b077","local_time":"20210205003954","is_ascension_mode":false,"campfire_choices":[{"floor":7.0,"key":"REST"},{"floor":15.0,"key":"REST"},{"floor":23.0,"key":"REST"},{"data":"Apotheosis","floor":25.0,"key":"SMITH"},{"floor":32.0,"key":"REST"},{"data":"MillisecondPulsars","floor":40.0,"key":"SMITH"},{"floor":44.0,"key":"REST"},{"floor":49,"key":"REST"}],"circlet_count":0,"master_deck":["Strike_MRS","Strike_MRS","Strike_MRS","Defend_MRS","Defend_MRS","Defend_MRS","Defend_MRS","MasterSpark","UpSweep","WitchOfGreed","FairyDestructionRay","EventHorizon","MysteriousBeam","MillisecondPulsars+1","Apotheosis+1","GalacticHalo","OrrerysSun","WitchLeyline","NonDirectionalLaser","hubris:Ssssneak","Singularity","MagicAbsorber","LuminesStrike","Robbery","CurseOfTheBell","CurseOfTheBell","Decay","SatelliteIllusion","EarthLightRay+1","infinitespire:SevenWalls","GalacticHalo","MysteriousBeam","PowerUp+1","ChargingUp+1","OortCloud","MilkyWay+1","GrandCross+1"],"relics":["BewitchedHakkero","hubris:FunFungus","White Beast Statue","infinitespire:Satchel","hubris:ToyBattleship","TungstenRod","Blood Vial","Pen Nib","Nilry\u0027s Codex","downfall:ExtraCursedBell","Boot","infinitespire:EmpoweringShard","Du-Vu Doll","SlaversCollar","Juzu Bracelet","hubris:MobiusCoin","Omamori","Chemical X","Art of War","Happy Flower"],"acts_visited":["Exordium","TheCity","TheBeyond"],"potions_floor_usage":[47,47,47,47,48,50,50,50],"damage_taken":[{"damage":4.0,"enemies":"2 Louse","floor":1.0,"turns":3.0},{"damage":3.0,"enemies":"Small Slimes","floor":5.0,"turns":4.0},{"damage":24.0,"enemies":"Gremlin Nob","floor":6.0,"turns":5.0},{"damage":10.0,"enemies":"Jaw Worm","floor":8.0,"turns":4.0},{"damage":8.0,"enemies":"Large Slime","floor":12.0,"turns":3.0},{"damage":4.0,"enemies":"Red Slaver","floor":13.0,"turns":4.0},{"damage":9.0,"enemies":"Lagavulin","floor":14.0,"turns":5.0},{"damage":19.0,"enemies":"The Guardian","floor":16.0,"turns":8.0},{"damage":12.0,"enemies":"Shell Parasite","floor":18.0,"turns":6.0},{"damage":6.0,"enemies":"Spheric Guardian","floor":20.0,"turns":4.0},{"damage":33.0,"enemies":"Shelled Parasite and Fungi","floor":21.0,"turns":6.0},{"damage":6.0,"enemies":"Cultist and Chosen","floor":28.0,"turns":6.0},{"damage":10.0,"enemies":"Snake Plant","floor":30.0,"turns":5.0},{"damage":40.0,"enemies":"Champ","floor":33.0,"turns":6.0},{"damage":19.0,"enemies":"Orb Walker","floor":35.0,"turns":4.0},{"damage":22.0,"enemies":"3 Darklings","floor":37.0,"turns":4.0},{"damage":2.0,"enemies":"Giant Head","floor":41.0,"turns":4.0},{"damage":48.0,"enemies":"Jaw Worm Horde","floor":42.0,"turns":3.0},{"damage":14,"enemies":"4 Shapes","floor":47,"turns":4},{"damage":24,"enemies":"Spire Growth","floor":48,"turns":4},{"damage":49,"enemies":"Time Eater","floor":50,"turns":9}],"seed_played":"-5889026820132946323","potions_obtained":[{"floor":5.0,"key":"SpeedPotion"},{"floor":6.0,"key":"Fire Potion"},{"floor":8.0,"key":"Ancient Potion"},{"floor":8.0,"key":"AttackPotion"},{"floor":14.0,"key":"FearPotion"},{"floor":16.0,"key":"ShroomBrew"},{"floor":16.0,"key":"DuplicationPotion"},{"floor":18.0,"key":"StarNLove"},{"floor":21.0,"key":"Strength Potion"},{"floor":28.0,"key":"LiquidMemories"},{"floor":28.0,"key":"Dexterity Potion"},{"floor":30.0,"key":"bronze:BurnAndBuffPotion"},{"floor":33.0,"key":"BottledSpark"},{"floor":33.0,"key":"StarNLove"},{"floor":35.0,"key":"SkillPotion"},{"floor":37.0,"key":"hexamod:SoulburnPotion"},{"floor":41.0,"key":"EntropicBrew"},{"floor":42.0,"key":"SkillPotion"},{"floor":47,"key":"Regen Potion"},{"floor":47,"key":"EssenceOfSteel"},{"floor":48,"key":"Regen Potion"}],"is_trial":false,"path_per_floor":["M","?","?","?","M","E","R","M","T","$","?","M","M","E","R","B",null,"M","?","M","M","$","R","T","R","T","?","M","?","M","?","R","B",null,"M","AVR","M","?","?","R","E","M","T","R","?","$","M","M","R","B",null],"character_chosen":"MARISA","items_purchased":["MillisecondPulsars","Apotheosis","GalacticHalo","MagicAbsorber","TungstenRod","LuminesStrike","Chemical X","Art of War","Happy Flower","OortCloud"],"campfire_rested":6,"item_purchase_floors":[10,10,10,22,22,22,46,46,46,46],"current_hp_per_floor":[71,71,60,60,57,34,56,46,46,46,46,38,34,28,50,31,75,63,63,58,25,25,47,47,47,47,35,31,31,23,23,45,7,75,56,56,36,36,55,55,61,17,17,39,39,39,46,30,52,68],"gold":367,"neow_bonus":"ONE_RARE_RELIC","is_daily":false,"chose_seed":false,"campfire_upgraded":2,"win_rate":0.0,"timestamp":1612474794,"path_taken":["M","?","?","?","?","E","R","M","T","$","?","M","?","E","R","BOSS","M","?","M","M","?","R","?","R","T","?","M","?","?","?","R","BOSS","M","AVR","M","?","?","R","E","M","T","R","?","$","M","M","R","BOSS"],"items_purchased_type":["Card","Card","Card","Card","Relic","Card","Relic","Relic","Relic","Card"],"build_version":"2020-12-22","purchased_purges":2,"victory":true,"max_hp_per_floor":[75,75,75,75,75,75,75,75,75,75,75,75,75,75,75,75,75,75,75,75,75,75,75,75,75,75,75,75,75,75,75,75,75,75,75,75,75,75,75,75,75,75,75,75,75,75,75,75,75,75],"card_choices":[{"not_picked":["MagicChant","SporeBomb"],"picked":"WitchOfGreed","floor":1.0},{"not_picked":["IllusionStar","SporeBomb"],"picked":"FairyDestructionRay","floor":5.0},{"not_picked":["StarlightTyphoon","DC"],"picked":"EventHorizon","floor":6.0},{"not_picked":["StarBarrage","ManaConvection"],"picked":"MysteriousBeam","floor":8.0},{"not_picked":["IllusionStar","SporeBomb"],"picked":"OrrerysSun","floor":12.0},{"not_picked":["AlicesGift","GravityBeat"],"picked":"WitchLeyline","floor":13.0},{"not_picked":["DragonMeteor","UnstableBomb"],"picked":"NonDirectionalLaser","floor":14.0},{"not_picked":["Acceleration","WitchOfGreed","UnstableBomb"],"picked":"SKIP","floor":18.0},{"not_picked":["BlazeAway","GravityBeat"],"picked":"Singularity","floor":20.0},{"not_picked":["WitchOfGreed","DragonMeteor","EnergyRecoil"],"picked":"SKIP","floor":21.0},{"not_picked":["GrandCross","6A+1","StarDustReverie"],"picked":"SKIP","floor":28.0},{"not_picked":["StarlightTyphoon+1","Orbital+1"],"picked":"Robbery","floor":30.0},{"not_picked":["CollectingQuirk","SuperNova"],"picked":"SatelliteIllusion","floor":33.0},{"not_picked":["WitchOfGreed+1","GasGiant+1"],"picked":"EarthLightRay+1","floor":35.0},{"not_picked":["DC+1","MeteoricShower"],"picked":"GalacticHalo","floor":37.0},{"not_picked":["GalacticHalo+1","Acceleration+1"],"picked":"PowerUp+1","floor":41.0},{"not_picked":["SuperPerseids","GravityBeat+1"],"picked":"ChargingUp+1","floor":42.0},{"not_picked":["UnstableBomb","DarkSpark+1"],"picked":"MilkyWay+1","floor":47},{"not_picked":["GasGiant+1","LuminesStrike+1"],"picked":"GrandCross+1","floor":48}],"player_experience":315870,"relics_obtained":[{"floor":6.0,"key":"White Beast Statue"},{"floor":9.0,"key":"infinitespire:Satchel"},{"floor":14.0,"key":"hubris:ToyBattleship"},{"floor":24.0,"key":"Blood Vial"},{"floor":26.0,"key":"Pen Nib"},{"floor":27.0,"key":"Nilry\u0027s Codex"},{"floor":31.0,"key":"Boot"},{"floor":31.0,"key":"infinitespire:EmpoweringShard"},{"floor":31.0,"key":"Du-Vu Doll"},{"floor":41.0,"key":"hubris:MobiusCoin"},{"floor":43.0,"key":"Omamori"}],"event_choices":[{"cards_removed":["downfall:Bewildered"],"damage_healed":0.0,"max_hp_gain":0.0,"max_hp_loss":0.0,"gold_gain":0.0,"event_name":"Living Wall","player_choice":"Forget","floor":2.0,"gold_loss":0.0,"damage_taken":0.0},{"damage_healed":0.0,"max_hp_gain":0.0,"max_hp_loss":0.0,"gold_gain":75.0,"event_name":"World of Goop","player_choice":"Gather Gold","floor":3.0,"gold_loss":0.0,"damage_taken":11.0},{"damage_healed":0.0,"max_hp_gain":0.0,"max_hp_loss":0.0,"gold_gain":175.0,"event_name":"Liars Game","player_choice":"AGREE","floor":4.0,"gold_loss":0.0,"damage_taken":0.0,"cards_obtained":["Doubt"]},{"damage_healed":0.0,"max_hp_gain":0.0,"max_hp_loss":0.0,"gold_gain":100.0,"event_name":"Golden Shrine","player_choice":"Pray","floor":11.0,"gold_loss":0.0,"damage_taken":0.0},{"damage_healed":0.0,"max_hp_gain":0.0,"max_hp_loss":0.0,"gold_gain":0.0,"event_name":"Match and Keep!","player_choice":"1 cards matched","floor":19.0,"gold_loss":0.0,"damage_taken":0.0,"cards_obtained":["hubris:Ssssneak"]},{"damage_healed":0.0,"max_hp_gain":0.0,"max_hp_loss":0.0,"gold_gain":0.0,"event_name":"Cursed Tome","player_choice":"Obtained Book","floor":27.0,"gold_loss":0.0,"damage_taken":16.0},{"damage_healed":0.0,"max_hp_gain":0.0,"max_hp_loss":0.0,"gold_gain":99.0,"event_name":"Nest","player_choice":"Stole From Cult","floor":29.0,"gold_loss":0.0,"damage_taken":0.0},{"damage_healed":0.0,"max_hp_gain":0.0,"max_hp_loss":0.0,"gold_gain":0.0,"event_name":"Duplicator","player_choice":"Copied","floor":38.0,"gold_loss":0.0,"damage_taken":0.0,"cards_obtained":["MysteriousBeam"]},{"damage_healed":19.0,"max_hp_gain":0.0,"max_hp_loss":0.0,"gold_gain":0.0,"event_name":"Winding Halls","player_choice":"Writhe","floor":39.0,"gold_loss":0.0,"damage_taken":0.0,"cards_obtained":["Writhe"]},{"cards_removed":["Strike_MRS"],"damage_healed":0.0,"max_hp_gain":0.0,"max_hp_loss":0.0,"gold_gain":0.0,"event_name":"Falling","player_choice":"Removed Attack","floor":45.0,"gold_loss":0.0,"damage_taken":0.0}],"is_beta":false,"boss_relics":[{"not_picked":["hubris:GrandSneckoEye","hubris:Backtick"],"picked":"BewitchedHakkero"},{"not_picked":["Coffee Dripper","hubris:HollowSoul"],"picked":"SlaversCollar"}],"items_purged_floors":[22,46],"is_endless":false,"potions_floor_spawned":[8,12,13,14,16,18,20,21,28,30,33,35,37,41,42,47,48],"ascension_level":0}}