{"host":"qfskrnw3pl1q86j0","time":1612440400,"event":{"mods":["BaseMod","Block Reminder","Hermit","Marisa????????","Minty Spire (QoL Compilation)","Quick Restart","Random Character Button","Relic Stats","StSLib","The Poker Player","slay the spire mod where everything is the same but ironclad has a cowboy hat"],"gold_per_floor":[121,121,148,174,201,201,238,238,283,305,305,327,327,402,402,539,539,566,566,590,618,618,618,652,652,652,675,207,235,235,285,285,415,478,510,510,61,91,121,121,130,130,130,153,153,177,177,204,204,204,204],"floor_reached":50,"language":"ENG","playtime":2187,"items_purged":["Strike_P","Study"],"score":516,"play_id":"c13c36e9-94f1-4d33-be54-bd93ce51bcd2","local_time":"20210204130640","is_ascension_mode":false,"campfire_choices":[{"data":"Eruption","floor":6.0,"key":"SMITH"},{"data":"Vigilance","floor":11.0,"key":"SMITH"},{"data":"TalkToTheHand","floor":13.0,"key":"SMITH"},{"data":"CutThroughFate","floor":15.0,"key":"SMITH"},{"data":"Meditate","floor":23.0,"key":"SMITH"},{"data":"Consecrate","floor":25.0,"key":"SMITH"},{"data":"EmptyBody","floor":30.0,"key":"SMITH"},{"data":"Vengeance","floor":32.0,"key":"SMITH"},{"data":"SpiritShield","floor":40.0,"key":"SMITH"},{"data":"Perseverance","floor":42,"key":"SMITH"},{"data":"MentalFortress","floor":45,"key":"SMITH"},{"data":"WreathOfFlame","floor":49,"key":"SMITH"}],"circlet_count":0,"master_deck":["Eruption+1","Vigilance+1","Halt","CutThroughFate+1","TalkToTheHand+1","Vengeance+1","WreathOfFlame+1","DevaForm","Consecrate+1","SpiritShield+1","Halt","EmptyBody+1","Meditate+1","ClearTheMind","WindmillStrike+1","MentalFortress+1","Wallop+1","FlurryOfBlows+1","TalkToTheHand+1","Ragnarok+1","Perseverance+1","WreathOfFlame","ReachHeaven+1","WindmillStrike+1","BattleHymn","FollowUp+1","BowlingBash+1","TalkToTheHand+1","Scrawl","CutThroughFate+1","EmptyBody","Blind","EmptyFist+1","Consecrate+1"],"relics":["PureWater","CeramicFish","Eternal Feather","Golden Idol","Happy Flower","Sozu","Molten Egg 2","Mummified Hand","Orichalcum","Pandora\u0027s Box","DollysMirror","Bag of Marbles","Dead Branch","Toxic Egg 2"],"acts_visited":["Exordium","TheCity","TheBeyond"],"potions_floor_usage":[],"damage_taken":[{"damage":2.0,"enemies":"Jaw Worm","floor":1.0,"turns":4.0},{"damage":0.0,"enemies":"Cultist","floor":3.0,"turns":3.0},{"damage":0.0,"enemies":"Small Slimes","floor":4.0,"turns":2.0},{"damage":0.0,"enemies":"Blue Slaver","floor":5.0,"turns":3.0},{"damage":11.0,"enemies":"Gremlin Nob","floor":7.0,"turns":4.0},{"damage":11.0,"enemies":"Gremlin Gang","floor":10.0,"turns":5.0},{"damage":1.0,"enemies":"Red Slaver","floor":12.0,"turns":3.0},{"damage":27.0,"enemies":"Hexaghost","floor":16.0,"turns":9.0},{"damage":5.0,"enemies":"Chosen","floor":18.0,"turns":4.0},{"damage":0.0,"enemies":"Spheric Guardian","floor":20.0,"turns":3.0},{"damage":19.0,"enemies":"Snake Plant","floor":21.0,"turns":4.0},{"damage":18.0,"enemies":"Chosen and Byrds","floor":24.0,"turns":7.0},{"damage":3.0,"enemies":"Snecko","floor":27.0,"turns":4.0},{"damage":0.0,"enemies":"Centurion and Healer","floor":29.0,"turns":4.0},{"damage":7.0,"enemies":"Slavers","floor":31.0,"turns":7.0},{"damage":9.0,"enemies":"Champ","floor":33.0,"turns":14.0},{"damage":1.0,"enemies":"3 Shapes","floor":35.0,"turns":3.0},{"damage":11.0,"enemies":"3 Darklings","floor":38.0,"turns":3.0},{"damage":7.0,"enemies":"Jaw Worm Horde","floor":39.0,"turns":2.0},{"damage":23,"enemies":"Spire Growth","floor":44,"turns":4},{"damage":4,"enemies":"3 Darklings","floor":46,"turns":4},{"damage":0,"enemies":"Maw","floor":48,"turns":6},{"damage":72,"enemies":"Time Eater","floor":50,"turns":11}],"seed_played":"-3874633384983194229","potions_obtained":[{"floor":3.0,"key":"Strength Potion"},{"floor":7.0,"key":"CultistPotion"},{"floor":10.0,"key":"BlessingOfTheForge"}],"is_trial":false,"path_per_floor":["M","?","M","M","M","R","E","?","T","M","R","M","R","?","R","B",null,"M","?","M","M","?","R","M","R","T","M","$","M","R","E","R","B",null,"M","?","$","M","M","R","?","R","T","M","R","M","T","M","R","B"],"character_chosen":"WATCHER","items_purchased":["Mummified Hand","MentalFortress","Wallop+1","DollysMirror","Scrawl","Bag of Marbles"],"campfire_rested":0,"item_purchase_floors":[28,28,28,37,37,37],"current_hp_per_floor":[70,70,70,70,70,70,59,59,59,48,57,56,65,54,63,36,67,62,62,62,43,37,49,31,43,43,40,40,40,55,48,63,54,67,66,64,64,53,46,64,64,64,64,41,59,55,55,55,64,0,0],"gold":204,"neow_bonus":"RANDOM_COMMON_RELIC","is_daily":false,"chose_seed":false,"campfire_upgraded":12,"win_rate":0.0,"timestamp":1612440400,"path_taken":["M","?","?","M","M","R","E","?","T","M","R","M","R","?","R","BOSS","M","?","M","?","?","R","M","R","T","?","$","M","R","E","R","BOSS","M","?","$","M","M","R","?","R","T","M","R","M","?","M","R","BOSS"],"items_purchased_type":["Relic","Card","Card","Relic","Card","Relic"],"build_version":"2020-12-22","purchased_purges":2,"victory":false,"max_hp_per_floor":[72,72,72,72,72,72,72,67,67,67,67,67,67,67,67,67,67,67,67,67,67,67,67,67,67,67,67,67,67,67,67,67,67,67,67,64,64,64,64,64,64,64,64,64,64,64,64,64,64,64,64],"relic_stats":{"Sozu":6,"Happy Flower":[32],"counters":[23,113],"Golden Idol":112,"Mummified Hand":[24],"CeramicFish":297,"Dead Branch":[22],"Eternal Feather":126,"Pandora\u0027s Box":["Perseverance","WreathOfFlame","ReachHeaven","WindmillStrike","Study","BattleHymn","FollowUp"],"Orichalcum":[36],"obtain_stats":[{"Happy Flower":9,"Golden Idol":8,"CeramicFish":0,"Dead Branch":43,"Eternal Feather":7,"Orichalcum":31,"Sozu":17,"Mummified Hand":28,"DollysMirror":37,"Molten Egg 2":26,"Pandora\u0027s Box":34,"Bag of Marbles":37,"PureWater":0,"Toxic Egg 2":47},{"Happy Flower":5,"Golden Idol":5,"CeramicFish":0,"Dead Branch":19,"Eternal Feather":5,"Orichalcum":15,"Sozu":8,"Mummified Hand":13,"DollysMirror":17,"Molten Egg 2":12,"Pandora\u0027s Box":16,"Bag of Marbles":17,"PureWater":0,"Toxic Egg 2":21},{"Happy Flower":16,"Golden Idol":16,"CeramicFish":0,"Dead Branch":88,"Eternal Feather":16,"Orichalcum":66,"Sozu":33,"Mummified Hand":55,"DollysMirror":83,"Molten Egg 2":51,"Pandora\u0027s Box":80,"Bag of Marbles":83,"PureWater":0,"Toxic Egg 2":96}]},"card_choices":[{"not_picked":["SignatureMove","Protect"],"picked":"Halt","floor":1.0},{"not_picked":["Crescendo","Fasting2"],"picked":"CutThroughFate","floor":3.0},{"not_picked":["Halt","PathToVictory"],"picked":"TalkToTheHand","floor":4.0},{"not_picked":["Prostrate","PathToVictory"],"picked":"Vengeance","floor":5.0},{"not_picked":["Prostrate","PathToVictory"],"picked":"WreathOfFlame","floor":7.0},{"not_picked":["ClearTheMind","SashWhip"],"picked":"DevaForm","floor":10.0},{"not_picked":["ClearTheMind","Protect"],"picked":"Consecrate","floor":12.0},{"not_picked":["Establishment","Alpha"],"picked":"SpiritShield","floor":16.0},{"not_picked":["Evaluate","SashWhip+1"],"picked":"Halt","floor":18.0},{"not_picked":["BattleHymn","Weave"],"picked":"EmptyBody","floor":20.0},{"not_picked":["SashWhip","Consecrate"],"picked":"Meditate","floor":21.0},{"not_picked":["FollowUp+1","Crescendo"],"picked":"ClearTheMind","floor":24.0},{"not_picked":["Crescendo","FollowUp+1"],"picked":"WindmillStrike+1","floor":27.0},{"not_picked":["Halt","Meditate"],"picked":"FlurryOfBlows+1","floor":29.0},{"not_picked":["WindmillStrike+1","ClearTheMind"],"picked":"TalkToTheHand+1","floor":31.0},{"not_picked":["SpiritShield","Brilliance+1"],"picked":"Ragnarok+1","floor":33.0},{"not_picked":["Conclude+1","Perseverance"],"picked":"BowlingBash+1","floor":35.0},{"not_picked":["FlyingSleeves+1","PathToVictory+1"],"picked":"CutThroughFate+1","floor":38.0},{"not_picked":["InnerPeace","CutThroughFate+1"],"picked":"EmptyBody","floor":39.0},{"not_picked":["Enlightenment","Violence"],"picked":"Blind","floor":41},{"not_picked":["Halt","FlyingSleeves+1","FlurryOfBlows+1"],"picked":"SKIP","floor":44},{"not_picked":["Protect","CutThroughFate+1"],"picked":"EmptyFist+1","floor":46},{"not_picked":["BowlingBash+1","Pray+1"],"picked":"Consecrate+1","floor":48}],"player_experience":1027979,"relics_obtained":[{"floor":7.0,"key":"Eternal Feather"},{"floor":9.0,"key":"Happy Flower"},{"floor":26.0,"key":"Molten Egg 2"},{"floor":31.0,"key":"Orichalcum"},{"floor":43,"key":"Dead Branch"},{"floor":47,"key":"Toxic Egg 2"}],"event_choices":[{"damage_healed":0.0,"max_hp_gain":0.0,"max_hp_loss":0.0,"gold_gain":0.0,"event_name":"Match and Keep!","player_choice":"0 cards matched","floor":2.0,"gold_loss":0.0,"damage_taken":0.0,"cards_obtained":[]},{"damage_healed":0.0,"max_hp_gain":0.0,"max_hp_loss":5.0,"gold_gain":0.0,"event_name":"Golden Idol","player_choice":"Lose Max HP","floor":8.0,"gold_loss":0.0,"damage_taken":0.0,"relics_obtained":["Golden Idol"]},{"damage_healed":0.0,"max_hp_gain":0.0,"max_hp_loss":0.0,"gold_gain":75.0,"event_name":"World of Goop","player_choice":"Gather Gold","floor":14.0,"gold_loss":0.0,"damage_taken":11.0},{"damage_healed":0.0,"max_hp_gain":0.0,"max_hp_loss":0.0,"gold_gain":0.0,"event_name":"NoteForYourself","player_choice":"Ignored","floor":19.0,"gold_loss":0.0,"damage_taken":0.0},{"damage_healed":0.0,"max_hp_gain":0.0,"max_hp_loss":0.0,"gold_gain":0.0,"event_name":"Knowing Skull","player_choice":"","floor":22.0,"potions_obtained":[],"gold_loss":0.0,"damage_taken":6.0,"cards_obtained":[]},{"damage_healed":0.0,"max_hp_gain":0.0,"max_hp_loss":3.0,"gold_gain":0.0,"event_name":"Winding Halls","player_choice":"Max HP","floor":36.0,"gold_loss":0.0,"damage_taken":0.0},{"damage_healed":0,"gold_gain":0,"player_choice":"Memory 1","damage_taken":0,"max_hp_gain":0,"max_hp_loss":0,"event_name":"SensoryStone","floor":41,"gold_loss":0}],"is_beta":false,"boss_relics":[{"not_picked":["Philosopher\u0027s Stone","Calling Bell"],"picked":"Sozu"},{"not_picked":["HolyWater","SlaversCollar"],"picked":"Pandora\u0027s Box"}],"items_purged_floors":[28,37],"is_endless":false,"potions_floor_spawned":[3,7,10,20,24,27,33,35,44],"killed_by":"Time Eater","ascension_level":0}}