{"host":"c5ukdwo3xwa4ucd0","time":1612468210,"event":{"mods":["AchievementEnabler","BaseMod","Colored Powertips","Minty Spire (QoL Compilation)","Quick Restart"],"gold_per_floor":[115,127,138,138,68,80,80,100,124,149,149,149,164,164,164,164,164],"floor_reached":16,"language":"ENG","playtime":716,"items_purged":[],"score":102,"play_id":"e8ee937a-e7bd-4e3b-8f17-cd9a9b3cc4b7","local_time":"20210204205010","is_ascension_mode":false,"campfire_choices":[{"data":"Scrape","floor":7,"key":"SMITH"},{"floor":15,"key":"REST"}],"circlet_count":0,"master_deck":["Strike_B","Strike_B","Strike_B","Strike_B","Defend_B","Defend_B","Defend_B","Defend_B","Zap","Dualcast","Gash","Scrape+1","FTL","Loop","Trip"],"relics":["Cracked Core","NeowsBlessing","Boot","DataDisk"],"acts_visited":["Exordium"],"potions_floor_usage":[],"damage_taken":[{"damage":0,"enemies":"Jaw Worm","floor":1,"turns":1},{"damage":0,"enemies":"Cultist","floor":2,"turns":1},{"damage":0,"enemies":"Small Slimes","floor":3,"turns":1},{"damage":5,"enemies":"Exordium Wildlife","floor":6,"turns":4},{"damage":10,"enemies":"Red Slaver","floor":8,"turns":4},{"damage":28,"enemies":"Gremlin Nob","floor":10,"turns":4},{"damage":20,"enemies":"Exordium Thugs","floor":13,"turns":3},{"damage":29,"enemies":"The Guardian","floor":16,"turns":8}],"seed_played":"6489275481549888063","potions_obtained":[{"floor":1,"key":"PotionOfCapacity"},{"floor":2,"key":"Dexterity Potion"},{"floor":4,"key":"GamblersBrew"},{"floor":4,"key":"Energy Potion"}],"is_trial":false,"path_per_floor":["M","M","M","?","$","M","R","M","T","E","$","?","M","?","R","B"],"character_chosen":"DEFECT","items_purchased":["FTL"],"campfire_rested":1,"item_purchase_floors":[5],"current_hp_per_floor":[75,75,75,75,75,70,70,60,60,32,32,32,12,12,34,5,5],"gold":164,"neow_bonus":"THREE_ENEMY_KILL","is_daily":false,"chose_seed":false,"campfire_upgraded":1,"win_rate":0.0,"timestamp":1612468210,"path_taken":["M","M","M","?","?","M","R","M","T","E","$","?","?","?","R","BOSS"],"items_purchased_type":["Card"],"build_version":"2020-12-22","purchased_purges":0,"victory":false,"max_hp_per_floor":[75,75,75,75,75,75,75,75,75,75,75,75,75,75,75,75,75],"card_choices":[{"not_picked":["Skim","Double Energy"],"picked":"Gash","floor":1},{"not_picked":["Go for the Eyes","Coolheaded"],"picked":"Scrape","floor":2},{"not_picked":["Self Repair","Rip and Tear","Turbo"],"picked":"SKIP","floor":3},{"not_picked":["Tempest","Reprogram","Turbo"],"picked":"SKIP","floor":6},{"not_picked":["Multi-Cast","Defragment","Rebound"],"picked":"SKIP","floor":8},{"not_picked":["Stack","Redo"],"picked":"Loop","floor":10},{"not_picked":["Hologram","Ball Lightning","Conserve Battery"],"picked":"SKIP","floor":13}],"player_experience":315196,"relics_obtained":[{"floor":9,"key":"Boot"},{"floor":10,"key":"DataDisk"}],"event_choices":[{"damage_healed":0,"gold_gain":0,"player_choice":"Got Potions","damage_taken":0,"max_hp_gain":0,"max_hp_loss":0,"event_name":"Lab","floor":4,"gold_loss":0},{"damage_healed":0,"gold_gain":0,"player_choice":"1 cards matched","damage_taken":0,"max_hp_gain":0,"max_hp_loss":0,"event_name":"Match and Keep!","floor":12,"gold_loss":0,"cards_obtained":["Trip"]},{"damage_healed":0,"gold_gain":0,"player_choice":"Ignored","damage_taken":0,"max_hp_gain":0,"max_hp_loss":0,"event_name":"NoteForYourself","floor":14,"gold_loss":0}],"is_beta":false,"boss_relics":[],"items_purged_floors":[],"is_endless":false,"potions_floor_spawned":[1,2],"killed_by":"The Guardian","ascension_level":0}}