{"host":"kwnpvqmnt47pmyi1","time":1612458543,"event":{"mods":["AchievementEnabler","BaseMod","Bestiary","BetterRewards","Clockwork Mod","Downfall","Hermit","Hubris","Infinite Spire","Marisa????????","Minty Spire (QoL Compilation)","Random Character Mod","Reliquary","Replay The Spire","Shade Mod","StSLib","The Cursed","The Hierophant","The Servant 0.9.4"],"gold_per_floor":[116,116,116,126,146,161,186,186,186,211,223,249,249,263,263,263,263],"floor_reached":16,"language":"ENG","playtime":1898,"items_purged":[],"score":162,"play_id":"085704fc-7b7d-4b1c-9050-641e099e839e","local_time":"20210204090903","is_ascension_mode":true,"campfire_choices":[{"data":"ReplayTheSpireMod:Book of Names","floor":13,"key":"SMITH"},{"floor":15,"key":"REST"}],"circlet_count":0,"master_deck":["Strike_B","Strike_B","Strike_B","Strike_B","Defend_B","Defend_B","Defend_B","Defend_B","Zap","Dualcast","BootSequence","ReplayTheSpireMod:Book of Names+1","Leap","Barrage","Conserve Battery","Ball Lightning","Beam Cell","Gash","Go for the Eyes","Redo"],"relics":["Cracked Core","reliquary:TatteredRug","Thread and Needle","reliquary:PorcupineQuills","ReplayTheSpireMod:Lightbulb"],"acts_visited":["Exordium"],"potions_floor_usage":[7,11,14],"damage_taken":[{"damage":7,"enemies":"Small Slimes","floor":1,"turns":3},{"damage":0,"enemies":"Jaw Worm","floor":4,"turns":4},{"damage":0,"enemies":"Cultist","floor":5,"turns":4},{"damage":0,"enemies":"Red Slaver","floor":6,"turns":3},{"damage":27,"enemies":"Gremlin Nob","floor":7,"turns":4},{"damage":22,"enemies":"3 Sentries","floor":10,"turns":9},{"damage":0,"enemies":"Exordium Thugs","floor":11,"turns":4},{"damage":0,"enemies":"Lagavulin","floor":12,"turns":7},{"damage":1,"enemies":"Gremlin Gang","floor":14,"turns":3},{"damage":32,"enemies":"Slime Boss","floor":16,"turns":6}],"seed_played":"2516872069544632348","potions_obtained":[{"floor":4,"key":"Strength Potion"},{"floor":5,"key":"Languid Potion"},{"floor":10,"key":"SkillPotion"},{"floor":12,"key":"Adrenaline Potion"}],"is_trial":false,"path_per_floor":["M","?","T","M","M","M","E","$","T","E","M","E","R","M","R","B"],"character_chosen":"DEFECT","items_purchased":[],"campfire_rested":1,"item_purchase_floors":[],"current_hp_per_floor":[75,55,55,55,55,55,28,28,28,6,6,6,6,5,29,0,0],"gold":263,"neow_bonus":"TEN_PERCENT_HP_BONUS","is_daily":false,"chose_seed":false,"campfire_upgraded":1,"win_rate":0.0,"timestamp":1612458543,"path_taken":["M","?","?","M","M","?","E","?","T","E","M","E","R","M","R","BOSS"],"items_purchased_type":[],"build_version":"2020-12-22","purchased_purges":0,"victory":false,"max_hp_per_floor":[82,82,82,82,82,82,82,82,82,82,82,82,82,82,82,82,82],"card_choices":[{"not_picked":["Redo","Double Energy"],"picked":"BootSequence","floor":1},{"not_picked":["ReplayTheSpireMod:Haul","hubris:Fate"],"picked":"ReplayTheSpireMod:Book of Names","floor":2},{"not_picked":["Panic Button","Sweeping Beam"],"picked":"Leap","floor":4},{"not_picked":["ReplaySort","Self Repair"],"picked":"Barrage","floor":5},{"not_picked":["Double Energy","Hello World"],"picked":"Conserve Battery","floor":6},{"not_picked":["Gash","Sweeping Beam"],"picked":"Ball Lightning","floor":7},{"not_picked":["Doom and Gloom","Turbo"],"picked":"Beam Cell","floor":10},{"not_picked":["Melter","Ball Lightning"],"picked":"Gash","floor":11},{"not_picked":["Heatsinks","Ball Lightning"],"picked":"Go for the Eyes","floor":12},{"not_picked":["Turbo","ReplaySort"],"picked":"Redo","floor":14}],"player_experience":310611,"relics_obtained":[{"floor":7,"key":"reliquary:TatteredRug"},{"floor":9,"key":"Thread and Needle"},{"floor":10,"key":"reliquary:PorcupineQuills"},{"floor":12,"key":"ReplayTheSpireMod:Lightbulb"}],"event_choices":[],"is_beta":false,"boss_relics":[],"items_purged_floors":[],"is_endless":false,"potions_floor_spawned":[4,5,10,12],"killed_by":"Slime Boss","ascension_level":2}}