{"host":"vyjryxuuuxkt43k4","time":1612411038,"event":{"mods":["AchievementEnabler","BaseMod","Colored Map","DeckTracker","Keyboard Shortcuts","Minty Spire (QoL Compilation)","Permanent Neow","Quick Restart","Rare Cards Sparkle","Relic Stats","StSLib","SuperFastMode","everything is the same but u backflip on backflip"],"gold_per_floor":[369,444,464,481,3,3,16,16,88,107,124,136,151,183,183,183,183],"floor_reached":16,"language":"KOR","playtime":876,"items_purged":[],"score":170,"play_id":"a9600301-cc2b-432c-94e7-6b7aa530670c","local_time":"20210204125718","is_ascension_mode":true,"campfire_choices":[{"data":"Genetic Algorithm","floor":6,"key":"SMITH"},{"floor":8,"key":"REST"},{"data":"Dualcast","floor":15,"key":"SMITH"}],"circlet_count":0,"master_deck":["AscendersBane","Strike_B","Strike_B","Strike_B","Strike_B","Defend_B","Defend_B","Defend_B","Defend_B","Zap","Dualcast+1","Heatsinks","Genetic Algorithm+1","Streamline","Glacier+1","Chaos+1","Skim+1","Aggregate+1","Coolheaded+1","Undo+1","Seek+1"],"relics":["Cracked Core","Toxic Egg 2","ClockworkSouvenir","Meat on the Bone","Lantern"],"acts_visited":["Exordium"],"potions_floor_usage":[16,16],"damage_taken":[{"damage":7.0,"enemies":"Jaw Worm","floor":1.0,"turns":3.0},{"damage":6,"enemies":"Cultist","floor":3,"turns":3},{"damage":7,"enemies":"Small Slimes","floor":4,"turns":3},{"damage":20,"enemies":"Looter","floor":7,"turns":4},{"damage":20,"enemies":"Exordium Thugs","floor":10,"turns":6},{"damage":0,"enemies":"Blue Slaver","floor":11,"turns":5},{"damage":8,"enemies":"2 Fungi Beasts","floor":12,"turns":5},{"damage":10,"enemies":"Exordium Thugs","floor":13,"turns":7},{"damage":4,"enemies":"3 Sentries","floor":14,"turns":11},{"damage":37,"enemies":"Slime Boss","floor":16,"turns":13}],"seed_played":"-6542479452474686856","potions_obtained":[{"floor":1.0,"key":"Block Potion"},{"floor":3,"key":"BlessingOfTheForge"},{"floor":10,"key":"LiquidBronze"},{"floor":13,"key":"GamblersBrew"}],"is_trial":false,"path_per_floor":["M","?","M","M","$","R","M","R","T","M","M","M","M","E","R","B"],"character_chosen":"DEFECT","items_purchased":["Toxic Egg 2","ClockworkSouvenir","Glacier+1"],"campfire_rested":1,"item_purchase_floors":[5,5,5],"current_hp_per_floor":[61,55,49,42,42,42,22,42,42,34,46,38,40,36,36,0,0],"gold":183,"neow_bonus":"TWO_FIFTY_GOLD","is_daily":false,"chose_seed":false,"campfire_upgraded":2,"win_rate":0.0,"timestamp":1612411038,"path_taken":["M","?","M","M","$","R","?","R","T","M","?","M","M","E","R","BOSS"],"items_purchased_type":["Relic","Relic","Card"],"build_version":"2020-12-22","purchased_purges":0,"victory":false,"max_hp_per_floor":[68,68,68,68,68,68,68,68,68,68,68,68,68,68,68,68,68],"relic_stats":{"counters":[10,60],"obtain_stats":[{"Lantern":14,"Toxic Egg 2":5,"Cracked Core":0,"ClockworkSouvenir":5,"Meat on the Bone":9},{"Lantern":9,"Toxic Egg 2":3,"Cracked Core":0,"ClockworkSouvenir":3,"Meat on the Bone":4},{"Lantern":47,"Toxic Egg 2":9,"Cracked Core":0,"ClockworkSouvenir":9,"Meat on the Bone":13}],"Meat on the Bone":36},"card_choices":[{"not_picked":["Compile Driver","Hologram"],"picked":"Heatsinks","floor":1.0},{"not_picked":["Stack","Auto Shields"],"picked":"Genetic Algorithm","floor":3},{"not_picked":["Leap","Barrage"],"picked":"Streamline","floor":4},{"not_picked":["Go for the Eyes","Chill+1"],"picked":"Chaos+1","floor":7},{"not_picked":["Steam Power+1","Tempest+1"],"picked":"Skim+1","floor":10},{"not_picked":["Gash","Compile Driver"],"picked":"Aggregate+1","floor":11},{"not_picked":["Go for the Eyes","Ball Lightning"],"picked":"Coolheaded+1","floor":12},{"not_picked":["Conserve Battery+1","FTL"],"picked":"Undo+1","floor":13},{"not_picked":["Fission+1","White Noise+1"],"picked":"Seek+1","floor":14}],"player_experience":692072,"relics_obtained":[{"floor":9,"key":"Meat on the Bone"},{"floor":14,"key":"Lantern"}],"event_choices":[{"damage_healed":0,"gold_gain":75,"player_choice":"Touch","damage_taken":6,"max_hp_gain":0,"max_hp_loss":0,"event_name":"FaceTrader","floor":2,"gold_loss":0}],"is_beta":false,"boss_relics":[],"items_purged_floors":[],"is_endless":false,"potions_floor_spawned":[1,3,10,12,13],"killed_by":"Slime Boss","ascension_level":12}}