{"host":"x5w9zppki4gdwvc7","time":1612477925,"event":{"mods":["AchievementEnabler","BaseMod","Colored Powertips","DeckTracker","Minty Spire (QoL Compilation)"],"gold_per_floor":[119,130,130,130,146,146,177,177,177,189,199,199,274,299,299,400,400,417,367,379,396,191,191,219,219,219,219,219,169,84,97,97,97,97],"floor_reached":33,"language":"ENG","playtime":1655,"items_purged":["Eruption","Strike_P","FlyingSleeves"],"score":328,"play_id":"1594e4cb-8918-4ccc-904c-c2917ce0a082","local_time":"20210204233205","is_ascension_mode":true,"campfire_choices":[{"data":"SignatureMove","floor":6,"key":"SMITH"},{"data":"InnerPeace","floor":8,"key":"SMITH"},{"floor":12,"key":"REST"},{"floor":15,"key":"REST"},{"floor":23,"key":"REST"},{"floor":25,"key":"REST"},{"floor":32,"key":"REST"}],"circlet_count":0,"master_deck":["Defend_P+1","Defend_P+1","Vigilance+1","SignatureMove+1","Devotion","InnerPeace+1","DevaForm","PathToVictory","CarveReality","Decay"],"relics":["PureWater","Blue Candle","Smiling Mask","Lizard Tail","Empty Cage","Orichalcum","Boot","TeardropLocket","FossilizedHelix"],"acts_visited":["Exordium","TheCity"],"potions_floor_usage":[16,31,33,33,33],"damage_taken":[{"damage":0,"enemies":"Jaw Worm","floor":1,"turns":2},{"damage":8,"enemies":"Cultist","floor":2,"turns":5},{"damage":0,"enemies":"2 Louse","floor":5,"turns":4},{"damage":2,"enemies":"3 Sentries","floor":7,"turns":7},{"damage":5,"enemies":"Large Slime","floor":10,"turns":3},{"damage":4,"enemies":"Exordium Wildlife","floor":11,"turns":3},{"damage":34,"enemies":"Lagavulin","floor":14,"turns":7},{"damage":33,"enemies":"The Guardian","floor":16,"turns":13},{"damage":26,"enemies":"Shell Parasite","floor":18,"turns":5},{"damage":4,"enemies":"Chosen","floor":20,"turns":3},{"damage":27,"enemies":"Snake Plant","floor":21,"turns":4},{"damage":65,"enemies":"Slavers","floor":24,"turns":9},{"damage":18,"enemies":"Snecko","floor":31,"turns":4},{"damage":47,"enemies":"Automaton","floor":33,"turns":6}],"seed_played":"-1239019239742303309","potions_obtained":[{"floor":1,"key":"SpeedPotion"},{"floor":5,"key":"DuplicationPotion"},{"floor":7,"key":"Ambrosia"},{"floor":18,"key":"Weak Potion"},{"floor":24,"key":"Block Potion"},{"floor":31,"key":"Weak Potion"}],"is_trial":false,"path_per_floor":["M","M","?","?","M","R","E","R","T","M","M","R","?","E","R","B",null,"M","$","M","M","$","R","E","R","T","?","?","$","?","M","R","B"],"character_chosen":"WATCHER","items_purchased":["Orichalcum"],"campfire_rested":5,"item_purchase_floors":[22],"current_hp_per_floor":[72,64,50,50,50,50,48,48,48,43,39,60,49,15,36,3,72,46,46,42,15,15,36,18,39,39,39,39,39,39,21,42,0,0],"gold":97,"neow_bonus":"UPGRADE_CARD","is_daily":false,"chose_seed":false,"campfire_upgraded":2,"win_rate":0.0,"timestamp":1612477925,"path_taken":["M","M","?","?","?","R","E","R","T","M","M","R","?","E","R","BOSS","M","$","M","M","$","R","E","R","T","?","?","$","?","M","R","BOSS"],"items_purchased_type":["Relic"],"build_version":"2020-12-22","purchased_purges":3,"victory":false,"max_hp_per_floor":[72,72,72,72,72,72,72,72,72,72,72,72,72,72,72,72,72,72,72,72,72,72,72,72,72,72,72,72,72,72,72,72,72,72],"card_choices":[{"not_picked":["Meditate","FollowUp","Fasting2"],"picked":"SKIP","floor":1},{"not_picked":["FlyingSleeves","Consecrate"],"picked":"SignatureMove","floor":2},{"not_picked":["ClearTheMind","Swivel","Halt"],"picked":"SKIP","floor":5},{"not_picked":["FearNoEvil","Weave"],"picked":"InnerPeace","floor":7},{"not_picked":["ReachHeaven","Worship","Prostrate"],"picked":"SKIP","floor":10},{"not_picked":["EmptyFist","Worship","ClearTheMind"],"picked":"SKIP","floor":11},{"not_picked":["ThirdEye","FlurryOfBlows","Crescendo"],"picked":"SKIP","floor":14},{"not_picked":["SpiritShield","LessonLearned"],"picked":"DevaForm","floor":16},{"not_picked":["Protect","Prostrate","CrushJoints+1"],"picked":"SKIP","floor":18},{"not_picked":["DeceiveReality","ForeignInfluence+1","Halt"],"picked":"SKIP","floor":20},{"not_picked":["ClearTheMind+1","Worship"],"picked":"PathToVictory","floor":21},{"not_picked":["Halt+1","FlyingSleeves+1","Omniscience"],"picked":"SKIP","floor":24},{"not_picked":["Crescendo","JustLucky","EmptyBody"],"picked":"SKIP","floor":31}],"player_experience":495204,"relics_obtained":[{"floor":7,"key":"Blue Candle"},{"floor":9,"key":"Smiling Mask"},{"floor":14,"key":"Lizard Tail"},{"floor":24,"key":"Boot"},{"floor":26,"key":"TeardropLocket"}],"event_choices":[{"damage_healed":0,"gold_gain":0,"player_choice":"Entered Light","damage_taken":14,"max_hp_gain":0,"max_hp_loss":0,"event_name":"Shining Light","floor":3,"gold_loss":0,"cards_upgraded":["Defend_P","Defend_P"]},{"damage_healed":0,"gold_gain":0,"cards_transformed":["Strike_P"],"player_choice":"Transformed","damage_taken":0,"max_hp_gain":0,"max_hp_loss":0,"event_name":"Transmorgrifier","floor":4,"gold_loss":0,"cards_obtained":["Devotion"]},{"damage_healed":0,"gold_gain":75,"player_choice":"Gather Gold","damage_taken":11,"max_hp_gain":0,"max_hp_loss":0,"event_name":"World of Goop","floor":13,"gold_loss":0},{"damage_healed":0,"gold_gain":0,"cards_transformed":["Defend_P","Strike_P"],"player_choice":"Became Test Subject","damage_taken":0,"max_hp_gain":0,"max_hp_loss":0,"event_name":"Drug Dealer","floor":27,"gold_loss":0,"cards_obtained":["FlyingSleeves","CarveReality"]},{"damage_healed":0,"gold_gain":0,"player_choice":"Smashed Altar","damage_taken":0,"max_hp_gain":0,"max_hp_loss":0,"event_name":"Forgotten Altar","floor":28,"gold_loss":0,"cards_obtained":["Decay"]},{"damage_healed":0,"gold_gain":0,"player_choice":"Obtained Relic","damage_taken":0,"relics_obtained":["FossilizedHelix"],"max_hp_gain":0,"max_hp_loss":0,"event_name":"Addict","floor":30,"gold_loss":85}],"is_beta":false,"boss_relics":[{"not_picked":["Sozu","Velvet Choker"],"picked":"Empty Cage"}],"items_purged_floors":[19,22,29],"is_endless":false,"potions_floor_spawned":[1,5,7,18,24,31],"killed_by":"Automaton","ascension_level":2}}