{"host":"sad04l3m69qtnhom","time":1612432284,"event":{"mods":["AchievementEnabler","BaseMod","Colored Map","Colored Powertips","DeckTracker","Highlight Path","Minty Spire (QoL Compilation)","Permanent Neow","Quick Restart","SuperFastMode","everything is the same but u backflip on backflip"],"gold_per_floor":[118,68,83,83,4,4,17,45,45,57,57,57,77,87,87,182,182,202,301,314,83,83,118,118,128,128,163,180,180,180,180],"floor_reached":30,"language":"KOR","playtime":974,"items_purged":["Strike_B"],"score":351,"play_id":"cb261660-d2c2-4652-8b00-285c4a48e0cb","local_time":"20210204185124","is_ascension_mode":true,"campfire_choices":[{"data":"Electrodynamics","floor":6,"key":"SMITH"},{"data":"Static Discharge","floor":12,"key":"SMITH"},{"data":"Genetic Algorithm","floor":15,"key":"SMITH"},{"floor":24,"key":"REST"},{"floor":29,"key":"REST"}],"circlet_count":0,"master_deck":["Strike_B","Defend_B","Defend_B","Defend_B","Defend_B","Zap","Dualcast","Electrodynamics+1","Barrage","Leap","Defragment","Static Discharge+1","Genetic Algorithm+1","Machine Learning","Skim+1","Ball Lightning+1","White Noise+1"],"relics":["Cracked Core","Lizard Tail","HornCleat","Velvet Choker","DataDisk","NlothsMask","Orichalcum","Molten Egg 2"],"acts_visited":["Exordium","TheCity"],"potions_floor_usage":[7,8,14,18,20,23,27,27],"damage_taken":[{"damage":9,"enemies":"Jaw Worm","floor":1,"turns":3},{"damage":0,"enemies":"Small Slimes","floor":3,"turns":2},{"damage":0,"enemies":"Cultist","floor":7,"turns":3},{"damage":16,"enemies":"Gremlin Nob","floor":8,"turns":3},{"damage":0,"enemies":"2 Fungi Beasts","floor":10,"turns":1},{"damage":0,"enemies":"3 Louse","floor":13,"turns":1},{"damage":4,"enemies":"Large Slime","floor":14,"turns":4},{"damage":17,"enemies":"Slime Boss","floor":16,"turns":5},{"damage":3,"enemies":"3 Byrds","floor":18,"turns":2},{"damage":11,"enemies":"Chosen","floor":20,"turns":4},{"damage":27,"enemies":"Book of Stabbing","floor":23,"turns":4},{"damage":22,"enemies":"Snecko","floor":25,"turns":4},{"damage":25,"enemies":"Gremlin Leader","floor":27,"turns":3},{"damage":27,"enemies":"Shelled Parasite and Fungi","floor":28,"turns":4},{"damage":25,"enemies":"Slavers","floor":30,"turns":2}],"seed_played":"3982090168603323326","potions_obtained":[{"floor":1,"key":"DistilledChaos"},{"floor":4,"key":"Regen Potion"},{"floor":4,"key":"Energy Potion"},{"floor":7,"key":"Explosive Potion"},{"floor":14,"key":"EssenceOfDarkness"},{"floor":16,"key":"ColorlessPotion"},{"floor":23,"key":"Dexterity Potion"},{"floor":25,"key":"Block Potion"}],"is_trial":false,"path_per_floor":["M","?","M","?","$","R","M","E","T","M","?","R","M","M","R","B",null,"M","?","M","$","?","E","R","M","T","E","M","R","E"],"character_chosen":"DEFECT","items_purchased":["Defragment","DataDisk"],"campfire_rested":2,"item_purchase_floors":[5,21],"current_hp_per_floor":[59,59,59,59,59,59,59,43,43,43,36,36,36,44,44,27,58,55,55,44,44,44,17,37,15,15,32,5,25,0,0],"gold":180,"neow_bonus":"THREE_RARE_CARDS","is_daily":false,"chose_seed":false,"campfire_upgraded":3,"win_rate":0.0,"timestamp":1612432284,"path_taken":["M","?","M","?","$","R","?","E","T","M","?","R","M","M","R","BOSS","M","?","M","$","?","E","R","M","T","E","M","R","E"],"items_purchased_type":["Card","Relic"],"build_version":"2020-12-22","purchased_purges":1,"victory":false,"max_hp_per_floor":[68,68,68,68,68,68,68,68,68,68,68,68,68,68,68,68,68,68,68,68,68,68,68,68,68,68,68,68,68,68,68],"card_choices":[{"not_picked":["Machine Learning","Fission"],"picked":"Electrodynamics","floor":0},{"not_picked":["Lockon","Coolheaded"],"picked":"Barrage","floor":1},{"not_picked":["Hologram","Steam Power"],"picked":"Leap","floor":3},{"not_picked":["Lockon","Recycle","Sweeping Beam"],"picked":"SKIP","floor":7},{"not_picked":["Coolheaded","Streamline"],"picked":"Static Discharge","floor":8},{"not_picked":["Gash","Barrage","Steam"],"picked":"SKIP","floor":10},{"not_picked":["Compile Driver","Stack","Scrape"],"picked":"SKIP","floor":13},{"not_picked":["Compile Driver","Streamline"],"picked":"Genetic Algorithm","floor":14},{"not_picked":["Amplify","Fission"],"picked":"Machine Learning","floor":16},{"not_picked":["Coolheaded","Sweeping Beam+1","Compile Driver+1"],"picked":"SKIP","floor":18},{"not_picked":["Rip and Tear","Beam Cell"],"picked":"Skim+1","floor":20},{"not_picked":["Genetic Algorithm","Consume"],"picked":"Ball Lightning+1","floor":23},{"not_picked":["Reprogram+1","Cold Snap","Sweeping Beam"],"picked":"SKIP","floor":25},{"not_picked":["Turbo+1","Compile Driver+1","Recycle+1"],"picked":"SKIP","floor":27},{"not_picked":["Sweeping Beam+1","Cold Snap+1"],"picked":"White Noise+1","floor":28}],"player_experience":442828,"relics_obtained":[{"floor":8,"key":"Lizard Tail"},{"floor":9,"key":"HornCleat"},{"floor":23,"key":"Orichalcum"},{"floor":27,"key":"Molten Egg 2"}],"event_choices":[{"cards_removed":["Strike_B"],"damage_healed":0,"gold_gain":0,"player_choice":"Card Removal","damage_taken":0,"max_hp_gain":0,"max_hp_loss":0,"event_name":"The Cleric","floor":2,"gold_loss":50},{"damage_healed":0,"gold_gain":0,"player_choice":"Got Potions","damage_taken":0,"max_hp_gain":0,"max_hp_loss":0,"event_name":"Lab","floor":4,"gold_loss":0},{"cards_removed":["Strike_B"],"damage_healed":0,"gold_gain":0,"player_choice":"Card Removal","damage_taken":7,"max_hp_gain":0,"max_hp_loss":0,"event_name":"Golden Wing","floor":11,"gold_loss":0},{"damage_healed":0,"gold_gain":99,"player_choice":"Stole From Cult","damage_taken":0,"max_hp_gain":0,"max_hp_loss":0,"event_name":"Nest","floor":19,"gold_loss":0},{"damage_healed":0,"gold_gain":0,"player_choice":"Trade","damage_taken":0,"relics_obtained":["NlothsMask"],"max_hp_gain":0,"max_hp_loss":0,"event_name":"FaceTrader","floor":22,"gold_loss":0}],"is_beta":false,"boss_relics":[{"not_picked":["Calling Bell","FrozenCore"],"picked":"Velvet Choker"}],"items_purged_floors":[21],"is_endless":false,"potions_floor_spawned":[1,7,14,16,23,25],"killed_by":"Slavers","ascension_level":6}}