{"host":"nsc6ozq3atyrdr3m","time":1612471423,"event":{"mods":["BaseMod","Colored Map","Minty Spire (QoL Compilation)"],"gold_per_floor":[109,109,184,197,214,214,239,294,294,310,310,328,328,363,363,363,363],"floor_reached":16,"language":"FRA","playtime":224,"items_purged":[],"score":220,"play_id":"b08cfea2-ddb4-4014-8350-83a038f00063","local_time":"20210204214343","is_ascension_mode":true,"campfire_choices":[{"data":"Bash","floor":6,"key":"SMITH"},{"floor":13,"key":"DIG"},{"floor":15,"key":"DIG"}],"circlet_count":0,"master_deck":["AscendersBane","Strike_R","Strike_R","Strike_R","Strike_R","Strike_R","Defend_R","Defend_R","Defend_R","Defend_R","Bash+1","Rage","Uppercut","Limit Break","Flex","Rampage"],"relics":["Burning Blood","NeowsBlessing","Shovel","Charon\u0027s Ashes","Centennial Puzzle","Omamori","Tiny Chest"],"acts_visited":["Exordium"],"potions_floor_usage":[14,14],"damage_taken":[{"damage":0,"enemies":"2 Louse","floor":1,"turns":1},{"damage":0,"enemies":"Cultist","floor":4,"turns":1},{"damage":0,"enemies":"Small Slimes","floor":5,"turns":1},{"damage":61,"enemies":"Gremlin Nob","floor":7,"turns":5},{"damage":10,"enemies":"Red Slaver","floor":10,"turns":3},{"damage":0,"enemies":"2 Fungi Beasts","floor":12,"turns":3},{"damage":15,"enemies":"3 Sentries","floor":14,"turns":5},{"damage":52,"enemies":"The Guardian","floor":16,"turns":6}],"seed_played":"-5385483241856421274","potions_obtained":[{"floor":7,"key":"SteroidPotion"},{"floor":12,"key":"Regen Potion"}],"is_trial":false,"path_per_floor":["M","$","?","M","M","R","E","?","T","M","?","M","R","E","R","B"],"character_chosen":"IRONCLAD","items_purchased":[],"campfire_rested":0,"item_purchase_floors":[],"current_hp_per_floor":[74,74,63,69,75,75,20,20,20,16,41,47,47,52,52,0,0],"gold":363,"neow_bonus":"THREE_ENEMY_KILL","is_daily":false,"chose_seed":false,"campfire_upgraded":1,"win_rate":0.0,"timestamp":1612471423,"path_taken":["M","$","?","M","M","R","E","?","T","M","?","M","R","E","R","BOSS"],"items_purchased_type":[],"build_version":"2020-12-22","purchased_purges":0,"victory":false,"max_hp_per_floor":[75,75,75,75,75,75,75,75,75,75,75,75,75,75,75,75,75],"card_choices":[{"not_picked":["Armaments","Havoc","Headbutt"],"picked":"SKIP","floor":1},{"not_picked":["Shrug It Off","Armaments","Warcry"],"picked":"SKIP","floor":4},{"not_picked":["Clothesline","Twin Strike"],"picked":"Rage","floor":5},{"not_picked":["Shrug It Off","Iron Wave"],"picked":"Uppercut","floor":7},{"not_picked":["Rupture","True Grit"],"picked":"Limit Break","floor":10},{"not_picked":["Wild Strike","Burning Pact"],"picked":"Flex","floor":12},{"not_picked":["Burning Pact","Cleave"],"picked":"Rampage","floor":14}],"player_experience":377664,"relics_obtained":[{"floor":7,"key":"Shovel"},{"floor":9,"key":"Charon\u0027s Ashes"},{"floor":13,"key":"Centennial Puzzle"},{"floor":14,"key":"Omamori"},{"floor":15,"key":"Tiny Chest"}],"event_choices":[{"damage_healed":0,"gold_gain":75,"player_choice":"Gather Gold","damage_taken":11,"max_hp_gain":0,"max_hp_loss":0,"event_name":"World of Goop","floor":3,"gold_loss":0},{"damage_healed":0,"gold_gain":55,"player_choice":"Gained Gold","damage_taken":0,"max_hp_gain":0,"max_hp_loss":0,"event_name":"Golden Wing","floor":8,"gold_loss":0},{"damage_healed":25,"gold_gain":0,"player_choice":"Banana","damage_taken":0,"max_hp_gain":0,"max_hp_loss":0,"event_name":"Big Fish","floor":11,"gold_loss":0}],"is_beta":false,"boss_relics":[],"items_purged_floors":[],"is_endless":false,"potions_floor_spawned":[7,12],"killed_by":"The Guardian","ascension_level":20}}