{"host":"815dqs41i1y8uxms","time":1612476551,"event":{"mods":["A Penny For Your Troubles","Act Like it!","BaseMod","GungeonMod","Minty Spire (QoL Compilation)","Rare Cards Sparkle","Shop Mod","Spire Arcade","StSLib"],"gold_per_floor":[114,126,92,92,106,106,106],"floor_reached":6,"language":"ENG","playtime":328,"items_purged":[],"score":36,"play_id":"60291fe0-759f-4bc8-8bc0-62d4b7f496c0","local_time":"20210204230911","is_ascension_mode":false,"campfire_choices":[],"circlet_count":0,"master_deck":["DemoMod:Strike_Huntress","DemoMod:Strike_Huntress","DemoMod:Defend_Huntress","DemoMod:Defend_Huntress","DemoMod:Defend_Huntress","DemoMod:Defend_Huntress","DemoMod:Roll","DemoMod:ManualReload","DemoMod:RustySidearm","DemoMod:CrossBow","DemoMod:PracticeMakesPerfect","DemoMod:HungryBullets","DemoMod:SkilledReload","DemoMod:Camera","DemoMod:LifeOrb"],"relics":["DemoMod:Dog"],"acts_visited":["Exordium"],"potions_floor_usage":[1,6],"damage_taken":[{"damage":1,"enemies":"Cultist","floor":1,"turns":3},{"damage":0,"enemies":"2 Louse","floor":2,"turns":4},{"damage":0,"enemies":"Small Slimes","floor":5,"turns":2},{"damage":96,"enemies":"Gremlin Nob","floor":6,"turns":6}],"seed_played":"-6583868004412820844","potions_obtained":[{"floor":0,"key":"FearPotion"},{"floor":0,"key":"SpeedPotion"},{"floor":0,"key":"DemoMod:LeadSkinPotion"},{"floor":5,"key":"PowerPotion"}],"is_trial":false,"path_per_floor":["M","M","$","?","M","E"],"character_chosen":"HUNTRESS","items_purchased":["DemoMod:Camera"],"campfire_rested":0,"item_purchase_floors":[3],"current_hp_per_floor":[69,69,69,69,69,0,0],"gold":106,"neow_bonus":"THREE_SMALL_POTIONS","is_daily":false,"chose_seed":false,"campfire_upgraded":0,"win_rate":0.0,"timestamp":1612476551,"path_taken":["M","M","$","?","?","E"],"items_purchased_type":["Card"],"build_version":"2020-12-22","purchased_purges":0,"victory":false,"max_hp_per_floor":[70,70,70,70,70,70,70],"card_choices":[{"not_picked":["DemoMod:ShadowBullets","DemoMod:AC15"],"picked":"DemoMod:PracticeMakesPerfect","floor":1},{"not_picked":["DemoMod:ConditionalReflex","DemoMod:HighKaliber"],"picked":"DemoMod:HungryBullets","floor":1},{"not_picked":["DemoMod:MachoBrace","DemoMod:Unmoved"],"picked":"DemoMod:SkilledReload","floor":2},{"not_picked":["DemoMod:FinishedGun","DemoMod:HuntsMan"],"picked":"DemoMod:LifeOrb","floor":5}],"player_experience":3740960,"relics_obtained":[],"event_choices":[{"cards_removed":["DemoMod:Strike_Huntress"],"damage_healed":0,"gold_gain":0,"player_choice":"Offered Basic","damage_taken":0,"max_hp_gain":0,"max_hp_loss":0,"event_name":"Bonfire Elementals","floor":4,"gold_loss":0}],"is_beta":false,"boss_relics":[],"items_purged_floors":[],"is_endless":false,"potions_floor_spawned":[5],"killed_by":"Gremlin Nob","ascension_level":0}}