{"host":"iv8ljmz7si0xetfh","time":1612470368,"event":{"mods":["100% Spire Juice","BaseMod","Bestiary","Better Note","Colored Map","Colored Powertips","Dark Map","DeckTracker","Displayed Cursed Tome","Downfall","Highlight Path","Minty Spire (QoL Compilation)","Prisma Mod","Rare Cards Sparkle","Relic Stats","StSLib","The Alterego","Unceasing Turn Reminder"],"gold_per_floor":[420,434,509,524,524,524,524,524,524,45,85,108,108,128,128,226,226,245,245,258,277,91,130,130,150,150,165,165,189,189,228,228,321,321,334,334,353,56,389,414,414,441,494,527,541,541,211,230,230,304,304,304],"floor_reached":51,"language":"ENG","playtime":2917,"items_purged":["alterego_mod:Skirt"],"score":2075,"play_id":"0a3ef135-c3ab-4261-b88a-496abdd953ea","local_time":"20210204202608","daily_mods":["Draft","Heirloom","Elite Swarm","Lethality","Terminal","Binary"],"is_ascension_mode":true,"campfire_choices":[{"floor":6,"key":"REST"},{"data":"alterego_mod:IndependentAction","floor":8,"key":"SMITH"},{"data":"alterego_mod:Table","floor":13,"key":"SMITH"},{"data":"alterego_mod:BiFurious","floor":15,"key":"SMITH"},{"data":"alterego_mod:Skirt","floor":24,"key":"PURGE"},{"data":"alterego_mod:RidiculouslyBig","floor":30,"key":"SMITH"},{"data":"alterego_mod:1TonWallop","floor":32,"key":"SMITH"},{"data":"alterego_mod:RidiculouslyBig","floor":41,"key":"SMITH"},{"data":"alterego_mod:Antipathy","floor":49,"key":"SMITH"}],"circlet_count":0,"master_deck":["AscendersBane","alterego_mod:1TonWallop+1","alterego_mod:Bounce","alterego_mod:Pet","alterego_mod:RidiculouslyBig+1","alterego_mod:IndependentAction+1","alterego_mod:Jiggle","alterego_mod:RocketPunch","alterego_mod:Table+1","alterego_mod:Pet","alterego_mod:GoddessCore+1","alterego_mod:BiFurious+1","alterego_mod:Rip+1","alterego_mod:Exercise","Finesse","alterego_mod:Bounce","alterego_mod:Rake","alterego_mod:RidiculouslyBig+1","alterego_mod:PresenceConcealment+1","alterego_mod:Birthday","alterego_mod:Antipathy+1"],"relics":["alterego_mod:MasochisticConstitution","Busted Crown","Old Coin","bronze:DecasWashers","Strawberry","Boot","Thread and Needle","Coffee Dripper","MutagenicStrength","Membership Card","Peace Pipe","Slimebound:PreparedRelic","Frozen Egg 2","Lee\u0027s Waffle","Blood Vial","Toy Ornithopter","Ice Cream","Bag of Marbles","Lantern","hexamod:BolsterEngine","bronze:DonusWashers"],"acts_visited":["Exordium","TheCity","TheBeyond"],"potions_floor_usage":[33,50],"damage_taken":[{"damage":0,"enemies":"2 Louse","floor":1,"turns":1},{"damage":0,"enemies":"Small Slimes","floor":2,"turns":2},{"damage":0,"enemies":"Jaw Worm","floor":4,"turns":2},{"damage":5,"enemies":"Gremlin Nob","floor":11,"turns":2},{"damage":0,"enemies":"Blue Slaver","floor":12,"turns":1},{"damage":0,"enemies":"Looter","floor":14,"turns":1},{"damage":23,"enemies":"Hexaghost","floor":16,"turns":6},{"damage":0,"enemies":"Spheric Guardian","floor":18,"turns":1},{"damage":10,"enemies":"2 Thieves","floor":20,"turns":2},{"damage":14,"enemies":"Centurion and Healer","floor":21,"turns":3},{"damage":0,"enemies":"Gremlin Leader","floor":23,"turns":4},{"damage":5,"enemies":"Snake Plant","floor":25,"turns":2},{"damage":0,"enemies":"3 Cultists","floor":27,"turns":3},{"damage":0,"enemies":"Cultist and Chosen","floor":29,"turns":3},{"damage":8,"enemies":"Book of Stabbing","floor":31,"turns":3},{"damage":0,"enemies":"Champ","floor":33,"turns":4},{"damage":5,"enemies":"3 Darklings","floor":35,"turns":1},{"damage":0,"enemies":"Orb Walker","floor":37,"turns":2},{"damage":5,"enemies":"Reptomancer","floor":40,"turns":4},{"damage":17,"enemies":"Nemesis","floor":42,"turns":5},{"damage":0,"enemies":"Reptomancer","floor":44,"turns":2},{"damage":0,"enemies":"4 Shapes","floor":45,"turns":1},{"damage":5,"enemies":"Sphere and 2 Shapes","floor":48,"turns":1},{"damage":20,"enemies":"Time Eater","floor":50,"turns":13},{"damage":20,"enemies":"Donu and Deca","floor":51,"turns":4}],"seed_played":"3517202776062385450","potions_obtained":[{"floor":2,"key":"EssenceOfSteel"},{"floor":11,"key":"ColorlessPotion"},{"floor":18,"key":"GamblersBrew"},{"floor":37,"key":"SmokeBomb"},{"floor":42,"key":"Energy Potion"}],"is_trial":true,"path_per_floor":["M","M","?","M","?","R","?","R","T","$","E","M","R","M","R","B",null,"M","?","M","M","$","E","R","M","T","M","?","M","R","E","R","B",null,"M","?","M","$","?","E","R","E","T","E","M","?","$","M","R","B","B"],"character_chosen":"The_Alterego","items_purchased":["Strawberry","alterego_mod:Exercise","Boot","Finesse","Membership Card","alterego_mod:Bounce","Lee\u0027s Waffle","alterego_mod:Rake","alterego_mod:RidiculouslyBig","Blood Vial","alterego_mod:PresenceConcealment+1","hexamod:BolsterEngine","bronze:DonusWashers","alterego_mod:Birthday","alterego_mod:Antipathy","PowerPotion"],"campfire_rested":1,"item_purchase_floors":[10,10,10,10,22,22,38,38,38,38,47,47,47,47,47,47],"current_hp_per_floor":[59,59,48,48,30,47,47,47,47,54,50,50,50,50,50,28,46,46,46,37,24,24,24,24,20,20,20,20,20,20,13,13,13,33,29,29,29,42,41,37,37,23,23,25,27,27,27,25,25,15,0,0],"gold":304,"neow_bonus":"","is_daily":false,"chose_seed":false,"campfire_upgraded":7,"win_rate":0.0,"timestamp":1612470368,"path_taken":["M","M","?","M","?","R","?","R","T","$","E","M","R","M","R","BOSS","M","?","M","M","$","E","R","M","T","M","?","M","R","E","R","BOSS","M","?","M","$","?","E","R","E","T","E","M","?","$","M","R","BOSS","BOSS"],"items_purchased_type":["Relic","Card","Relic","Card","Relic","Card","Relic","Card","Card","Relic","Card","Relic","Relic","Card","Card","Potion"],"build_version":"2020-12-22","purchased_purges":1,"victory":false,"max_hp_per_floor":[63,62,61,60,59,58,52,51,50,56,56,55,54,53,52,52,51,50,49,49,49,48,47,46,46,45,44,43,42,41,41,40,39,38,38,37,36,42,41,41,40,40,39,38,37,36,35,35,34,34,34,34],"relic_stats":{"Peace Pipe":1,"Blood Vial":12,"Lee\u0027s Waffle":14,"Busted Crown":48,"counters":[25,73],"Boot":[157],"obtain_stats":[{"Ice Cream":42,"alterego_mod:MasochisticConstitution":0,"Lee\u0027s Waffle":38,"Lantern":44,"bronze:DonusWashers":47,"Golden Idol":7,"bronze:DecasWashers":9,"Thread and Needle":11,"Frozen Egg 2":31,"Boot":10,"Old Coin":0,"Peace Pipe":23,"Blood Vial":38,"Busted Crown":0,"Strawberry":10,"MutagenicStrength":19,"Slimebound:PreparedRelic":26,"Coffee Dripper":17,"Bag of Marbles":43,"Membership Card":22,"hexamod:BolsterEngine":47,"Toy Ornithopter":40},{"Ice Cream":20,"alterego_mod:MasochisticConstitution":0,"Lee\u0027s Waffle":18,"Lantern":21,"bronze:DonusWashers":22,"Golden Idol":3,"bronze:DecasWashers":3,"Thread and Needle":4,"Frozen Egg 2":15,"Boot":3,"Old Coin":0,"Peace Pipe":11,"Blood Vial":18,"Busted Crown":0,"Strawberry":3,"MutagenicStrength":8,"Slimebound:PreparedRelic":12,"Coffee Dripper":7,"Bag of Marbles":20,"Membership Card":10,"hexamod:BolsterEngine":22,"Toy Ornithopter":19},{"Ice Cream":52,"alterego_mod:MasochisticConstitution":0,"Lee\u0027s Waffle":43,"Lantern":54,"bronze:DonusWashers":55,"Golden Idol":5,"bronze:DecasWashers":5,"Thread and Needle":7,"Frozen Egg 2":36,"Boot":5,"Old Coin":0,"Peace Pipe":25,"Blood Vial":43,"Busted Crown":0,"Strawberry":5,"MutagenicStrength":16,"Slimebound:PreparedRelic":27,"Coffee Dripper":15,"Bag of Marbles":52,"Membership Card":21,"hexamod:BolsterEngine":55,"Toy Ornithopter":47}],"Toy Ornithopter":5},"card_choices":[{"not_picked":["alterego_mod:PerceptionDisorder","alterego_mod:PurpleHair"],"picked":"alterego_mod:Maid","floor":0},{"not_picked":["alterego_mod:Complex","alterego_mod:Cooking"],"picked":"alterego_mod:1TonWallop","floor":0},{"not_picked":["alterego_mod:DeftHands","alterego_mod:BusterCard"],"picked":"alterego_mod:Skirt","floor":0},{"not_picked":["alterego_mod:BusterCard","alterego_mod:Bloomers"],"picked":"alterego_mod:Bounce","floor":0},{"not_picked":["alterego_mod:SuperDuperMasochism","alterego_mod:MagicResistance"],"picked":"alterego_mod:Skirt","floor":0},{"not_picked":["alterego_mod:Valentines","alterego_mod:Nekomimi"],"picked":"alterego_mod:Pet","floor":0},{"not_picked":["alterego_mod:Bunnysuit","alterego_mod:TrashNCrash"],"picked":"alterego_mod:RidiculouslyBig","floor":0},{"not_picked":["alterego_mod:Mirror","alterego_mod:Undulate"],"picked":"alterego_mod:IndependentAction","floor":0},{"not_picked":["alterego_mod:MaintainEyeContact","alterego_mod:BustOut"],"picked":"alterego_mod:Jiggle","floor":0},{"not_picked":["alterego_mod:TrashNCrash","alterego_mod:Smother"],"picked":"alterego_mod:RocketPunch","floor":0},{"not_picked":["alterego_mod:TrashNCrash","alterego_mod:Birthday"],"picked":"alterego_mod:Table","floor":0},{"not_picked":["alterego_mod:Complex","alterego_mod:TrashNCrash"],"picked":"alterego_mod:Pet","floor":0},{"not_picked":["alterego_mod:SakuraPetals","alterego_mod:Undulate"],"picked":"alterego_mod:GoddessCore","floor":0},{"not_picked":["alterego_mod:Complex","alterego_mod:Belle"],"picked":"alterego_mod:BiFurious","floor":0},{"not_picked":["alterego_mod:Skirt","alterego_mod:Maid"],"picked":"alterego_mod:Rip","floor":0}],"player_experience":369551,"relics_obtained":[{"floor":9,"key":"bronze:DecasWashers"},{"floor":11,"key":"Thread and Needle"},{"floor":23,"key":"Peace Pipe"},{"floor":26,"key":"Slimebound:PreparedRelic"},{"floor":31,"key":"Frozen Egg 2"},{"floor":40,"key":"Toy Ornithopter"},{"floor":42,"key":"Ice Cream"},{"floor":43,"key":"Bag of Marbles"},{"floor":44,"key":"Lantern"}],"event_choices":[{"damage_healed":0,"gold_gain":75,"player_choice":"Gather Gold","damage_taken":11,"max_hp_gain":0,"max_hp_loss":0,"event_name":"World of Goop","floor":3,"gold_loss":0},{"damage_healed":0,"gold_gain":0,"player_choice":"Entered Light","damage_taken":18,"max_hp_gain":0,"max_hp_loss":0,"event_name":"Shining Light","floor":5,"gold_loss":0,"cards_upgraded":["alterego_mod:GoddessCore","alterego_mod:Rip"]},{"damage_healed":0,"gold_gain":0,"player_choice":"Lose Max HP","damage_taken":0,"relics_obtained":["Golden Idol"],"max_hp_gain":0,"max_hp_loss":5,"event_name":"Golden Idol","floor":7,"gold_loss":0},{"damage_healed":0,"gold_gain":0,"player_choice":"Inject Mutagens","damage_taken":0,"relics_obtained":["MutagenicStrength"],"max_hp_gain":0,"max_hp_loss":0,"event_name":"Drug Dealer","floor":19,"gold_loss":0},{"damage_healed":0,"gold_gain":0,"player_choice":"Ignored","damage_taken":0,"max_hp_gain":0,"max_hp_loss":0,"event_name":"Ghosts","floor":28,"gold_loss":0},{"damage_healed":0,"gold_gain":0,"player_choice":"Ignored","damage_taken":0,"max_hp_gain":0,"max_hp_loss":0,"event_name":"Tomb of Lord Red Mask","floor":36,"gold_loss":0},{"damage_healed":0,"gold_gain":333,"player_choice":"Gave Idol","damage_taken":0,"max_hp_gain":0,"max_hp_loss":0,"event_name":"The Moai Head","floor":39,"relics_lost":["Golden Idol"],"gold_loss":0},{"cards_removed":["alterego_mod:Maid"],"damage_healed":0,"gold_gain":0,"player_choice":"Purged","damage_taken":0,"max_hp_gain":0,"max_hp_loss":0,"event_name":"Purifier","floor":46,"gold_loss":0}],"is_beta":false,"boss_relics":[{"not_picked":["Velvet Choker","Ectoplasm"],"picked":"Coffee Dripper"},{"not_picked":[]}],"items_purged_floors":[38],"is_endless":true,"potions_floor_spawned":[2,11,18,23,29,37,42,48],"killed_by":"Donu and Deca","ascension_level":20}}