{"host":"ox77rn1xcurm2t5a","time":1612454273,"event":{"mods":["2.2 Compatiblity","AchievementEnabler","Act Like it!","Aspiration","BaseMod","Best Route Mod","Better Match","Better Note","Better Sensory Stone","Block Reminder","Colored Map","Colored Powertips","Conjunction","Conspire","Custom Start","Energized Spire","GifTheSpireLib","Gold Saver","Gremlin Skip","Halation","Highlight Path","Hubris","Infinite Spire","Minty Spire (QoL Compilation)","Pale of the Ancients","Quick Restart","Replay The Spire","Reworked Bosses","ShortenTheSpire","Spire Exporter","StSLib","Stuff the Spire","Wandering Minibosses"],"gold_per_floor":[111,111,111,32,52,52,77,77,101,129,129,42,42,58,58,58,58],"floor_reached":16,"language":"ENG","playtime":246,"items_purged":["Strike_B"],"score":223,"play_id":"fede1867-6a4a-41d4-8adf-b98b6d242a72","local_time":"20210204175753","is_ascension_mode":true,"campfire_choices":[{"data":"StuffTheSpire:Synthwave","floor":6,"key":"SMITH"},{"data":"Zap","floor":8,"key":"SMITH"},{"floor":11,"key":"RECALL"},{"data":"Barrage","floor":13,"key":"SMITH"},{"data":"Dualcast","floor":15,"key":"SMITH"}],"circlet_count":0,"master_deck":["AscendersBane","Strike_B","Strike_B","Strike_B","Defend_B","Defend_B","Defend_B","Defend_B","Zap+1","Dualcast+1","Barrage+1","StuffTheSpire:Synthwave+1","Gash","Steam+1","Gash"],"relics":["Cracked Core","NeowsBlessing","Smiling Mask","Pen Nib"],"acts_visited":["Exordium"],"potions_floor_usage":[10],"damage_taken":[{"damage":0,"enemies":"2 Louse","floor":1,"turns":1},{"damage":0,"enemies":"Small Slimes","floor":5,"turns":1},{"damage":0,"enemies":"Gremlin Nob","floor":7,"turns":1},{"damage":25,"enemies":"3 Sentries","floor":10,"turns":6},{"damage":0,"enemies":"Jaw Worm","floor":14,"turns":3},{"damage":56,"enemies":"Slime Boss","floor":16,"turns":5}],"seed_played":"3073893025563771006","potions_obtained":[{"floor":7,"key":"DuplicationPotion"}],"is_trial":false,"path_per_floor":["M","?","?","$","M","R","E","R","T","E","R","$","R","M","R","B"],"character_chosen":"DEFECT","items_purchased":["StuffTheSpire:Synthwave","Steam+1"],"campfire_rested":0,"item_purchase_floors":[4,12],"current_hp_per_floor":[64,71,71,71,71,71,71,71,71,46,46,46,46,46,46,0,0],"gold":58,"neow_bonus":"THREE_ENEMY_KILL","is_daily":false,"chose_seed":false,"campfire_upgraded":4,"win_rate":0.0,"timestamp":1612454273,"path_taken":["M","?","?","?","M","R","E","R","T","E","R","$","R","M","R","BOSS"],"items_purchased_type":["Card","Card"],"build_version":"2020-12-22","purchased_purges":1,"victory":false,"max_hp_per_floor":[71,71,71,71,71,71,71,71,71,71,71,71,71,71,71,71,71],"card_choices":[{"not_picked":["Turbo","StuffTheSpire:ShieldGenerator"],"picked":"Barrage","floor":1},{"not_picked":["StuffTheSpire:LoadUp","aspiration:Polymerization","Conserve Battery"],"picked":"SKIP","floor":5},{"not_picked":["StuffTheSpire:ShieldGenerator","Sunder","Steam"],"picked":"SKIP","floor":7},{"not_picked":["Turbo","Beam Cell"],"picked":"Gash","floor":10},{"not_picked":["Rebound","StuffTheSpire:GlassShard"],"picked":"Gash","floor":14}],"player_experience":3002259,"relics_obtained":[{"floor":7,"key":"Smiling Mask"},{"floor":10,"key":"Pen Nib"}],"event_choices":[{"damage_healed":0,"gold_gain":0,"player_choice":"Leave","damage_taken":0,"max_hp_gain":0,"max_hp_loss":0,"event_name":"conspire:Investor","floor":3,"gold_loss":0}],"is_beta":false,"boss_relics":[],"items_purged_floors":[12],"is_endless":false,"potions_floor_spawned":[7],"killed_by":"Slime Boss","ascension_level":14}}