{"host":"21h5e52imz35vo8g","time":1612440441,"event":{"mods":["AchievementEnabler","BaseMod","Colored Map","Colored Powertips","Googly Eyes","Minty Spire (QoL Compilation)","Quick Restart","Rare Cards Sparkle","Replay The Spire","StSLib"],"gold_per_floor":[112,112,12,12,12,43,43,75,102,102,102,137,137,137,137,237,237,252,252,252],"floor_reached":19,"language":"ZHS","playtime":799,"items_purged":["Strike_R"],"score":309,"play_id":"bddcc346-23a4-4f8b-82e1-5e3c4cd09a87","local_time":"20210204200721","is_ascension_mode":true,"campfire_choices":[{"data":"Bash","floor":7,"key":"SMITH"},{"data":"Flex","floor":10,"key":"SMITH"},{"data":"Armaments","floor":13,"key":"SMITH"},{"data":"Sentinel","floor":15,"key":"SMITH"}],"circlet_count":0,"master_deck":["Strike_R","Strike_R","Defend_R","Defend_R","Defend_R","Bash+1","Flex+1","Headbutt","Fire Breathing+1","Armaments+1","Barricade+1","Sentinel+1","Offering","Infernal Blade"],"relics":["Burning Blood","NeowsBlessing","ReplayFunnel","Frozen Egg 2","Matryoshka","Juzu Bracelet","Centennial Puzzle","Turnip","SlaversCollar"],"acts_visited":["Exordium","TheCity"],"potions_floor_usage":[],"damage_taken":[{"damage":0,"enemies":"2 Louse","floor":1,"turns":1},{"damage":0,"enemies":"3 Sentries","floor":6,"turns":1},{"damage":0,"enemies":"Replay:BlueRogue","floor":8,"turns":1},{"damage":25,"enemies":"3 Sentries","floor":12,"turns":4},{"damage":66,"enemies":"Fading Forest","floor":16,"turns":11},{"damage":44,"enemies":"2 Thieves","floor":18,"turns":4},{"damage":0,"enemies":"3 Byrds","floor":19,"turns":1}],"seed_played":"-1500791523849527708","potions_obtained":[{"floor":8,"key":"BlessingOfTheForge"},{"floor":16,"key":"Elixir"},{"floor":18,"key":"Toxic Potion"}],"is_trial":false,"path_per_floor":["M","?","$","?","$","E","R","E","T","R","?","E","R","?","R","B",null,"M","M"],"character_chosen":"IRONCLAD","items_purchased":["Headbutt"],"campfire_rested":0,"item_purchase_floors":[3],"current_hp_per_floor":[78,71,71,71,71,77,77,80,80,80,80,61,61,61,61,9,62,24,24,24],"gold":252,"neow_bonus":"THREE_ENEMY_KILL","is_daily":false,"chose_seed":false,"campfire_upgraded":4,"win_rate":0.0,"timestamp":1612440441,"path_taken":["M","?","$","?","$","E","R","E","T","R","?","E","R","?","R","BOSS","M","M"],"items_purchased_type":["Card"],"build_version":"2020-12-22","purchased_purges":1,"victory":false,"max_hp_per_floor":[80,80,80,80,80,80,80,80,80,80,80,80,80,80,80,80,80,80,80,80],"card_choices":[{"not_picked":["ReplayTheSpireMod:Stacked","Anger"],"picked":"Flex","floor":1},{"not_picked":["Carnage","Hemokinesis","Anger"],"picked":"SKIP","floor":6},{"not_picked":["Hemokinesis","Wild Strike"],"picked":"Fire Breathing+1","floor":8},{"not_picked":["Cleave","Iron Wave"],"picked":"Barricade+1","floor":12},{"not_picked":["Double Tap","Berserk+1"],"picked":"Offering","floor":16},{"not_picked":["Clothesline","True Grit"],"picked":"Infernal Blade","floor":18}],"player_experience":364106,"relics_obtained":[{"floor":4,"key":"ReplayFunnel"},{"floor":6,"key":"Frozen Egg 2"},{"floor":8,"key":"Matryoshka"},{"floor":9,"key":"Juzu Bracelet"},{"floor":9,"key":"Centennial Puzzle"},{"floor":12,"key":"Turnip"}],"event_choices":[{"cards_removed":["Defend_R"],"damage_healed":0,"gold_gain":0,"player_choice":"Card Removal","damage_taken":7,"max_hp_gain":0,"max_hp_loss":0,"event_name":"Golden Wing","floor":2,"gold_loss":0},{"damage_healed":0,"gold_gain":0,"player_choice":"Relic","damage_taken":0,"max_hp_gain":0,"max_hp_loss":0,"event_name":"Wheel of Change","floor":4,"gold_loss":0},{"damage_healed":0,"gold_gain":0,"cards_transformed":["Strike_R"],"player_choice":"Change","damage_taken":0,"max_hp_gain":0,"max_hp_loss":0,"event_name":"Living Wall","floor":11,"gold_loss":0,"cards_obtained":["Armaments"]},{"damage_healed":0,"gold_gain":0,"cards_transformed":["Strike_R"],"player_choice":"Transformed","damage_taken":0,"max_hp_gain":0,"max_hp_loss":0,"event_name":"Transmorgrifier","floor":14,"gold_loss":0,"cards_obtained":["Sentinel"]}],"is_beta":false,"boss_relics":[{"not_picked":["Ooze Armor","Coffee Dripper"],"picked":"SlaversCollar"}],"items_purged_floors":[3],"is_endless":false,"potions_floor_spawned":[8,16,18],"killed_by":"3 Byrds","ascension_level":7}}