{"host":"sz8c8ni79nvzjmmg","time":1612472735,"event":{"mods":["AchievementEnabler","BaseMod","DeckTracker","Keyboard Shortcuts","Minty Spire (QoL Compilation)","SuperFastMode"],"gold_per_floor":[60,120,160,85,160,160,217,217,268,268,307,307,371,437,437,558,558,603,684,734,782,782,782,846,846,846,871,871],"floor_reached":27,"language":"KOR","playtime":876,"items_purged":["Strike_R"],"score":553,"play_id":"8f40af16-fe00-4463-87e2-ca4813180b43","local_time":"20210205060535","is_ascension_mode":true,"campfire_choices":[{"data":"HandOfGreed","floor":6.0,"key":"SMITH"},{"floor":12.0,"key":"REST"},{"data":"Pommel Strike","floor":15.0,"key":"SMITH"},{"data":"Berserk","floor":23.0,"key":"SMITH"},{"data":"Bash","floor":25,"key":"SMITH"}],"circlet_count":0,"master_deck":["AscendersBane","Strike_R","Strike_R","Strike_R","Defend_R","Defend_R","Defend_R","Defend_R","Bash+1","HandOfGreed+1","Headbutt","Burning Pact","Power Through","Shrug It Off","Pommel Strike+1","Berserk+1","Seeing Red"],"relics":["Burning Blood","Bag of Preparation","Orichalcum","Golden Idol","CaptainsWheel","Coffee Dripper","Red Mask","Self Forming Clay","Letter Opener"],"acts_visited":["Exordium","TheCity"],"potions_floor_usage":[24,24],"damage_taken":[{"damage":1.0,"enemies":"Small Slimes","floor":1.0,"turns":5.0},{"damage":2.0,"enemies":"2 Louse","floor":2.0,"turns":5.0},{"damage":9.0,"enemies":"Jaw Worm","floor":3.0,"turns":3.0},{"damage":40.0,"enemies":"Lagavulin","floor":7.0,"turns":8.0},{"damage":1.0,"enemies":"Looter","floor":11.0,"turns":5.0},{"damage":1.0,"enemies":"Large Slime","floor":13.0,"turns":5.0},{"damage":0.0,"enemies":"Gremlin Nob","floor":14.0,"turns":3.0},{"damage":27.0,"enemies":"The Guardian","floor":16.0,"turns":14.0},{"damage":1.0,"enemies":"Spheric Guardian","floor":18.0,"turns":3.0},{"damage":40.0,"enemies":"Masked Bandits","floor":19.0,"turns":7.0},{"damage":0.0,"enemies":"Chosen","floor":21.0,"turns":4.0},{"damage":19,"enemies":"Gremlin Leader","floor":24,"turns":6},{"damage":34,"enemies":"Slavers","floor":27,"turns":4}],"seed_played":"-8558299467390294678","potions_obtained":[{"floor":1.0,"key":"Weak Potion"},{"floor":7.0,"key":"SkillPotion"},{"floor":11.0,"key":"PowerPotion"},{"floor":16.0,"key":"PowerPotion"},{"floor":19.0,"key":"Weak Potion"}],"is_trial":false,"path_per_floor":["M","M","M","$","?","R","E","?","T","?","M","R","M","E","R","B",null,"M","?","?","M","?","R","E","R","T","E"],"character_chosen":"IRONCLAD","items_purchased":[],"campfire_rested":1,"item_purchase_floors":[],"current_hp_per_floor":[73,75,72,72,61,61,27,20,20,20,25,45,50,56,56,35,60,65,31,31,37,37,37,24,24,24,0,0],"gold":871,"neow_bonus":"RANDOM_COLORLESS_2","is_daily":false,"chose_seed":false,"campfire_upgraded":4,"win_rate":0.0,"timestamp":1612472735,"path_taken":["M","M","M","$","?","R","E","?","T","?","M","R","M","E","R","BOSS","M","?","?","M","?","R","E","R","T","E"],"items_purchased_type":[],"build_version":"2020-12-22","purchased_purges":1,"victory":false,"max_hp_per_floor":[75,75,75,75,75,75,75,75,75,68,68,68,68,68,68,68,68,68,68,68,68,68,68,68,68,68,68,68],"card_choices":[{"not_picked":["Mayhem","Chrysalis"],"picked":"HandOfGreed","floor":0.0},{"not_picked":["Wild Strike","Combust"],"picked":"Headbutt","floor":1.0},{"not_picked":["Wild Strike","True Grit","Clothesline"],"picked":"SKIP","floor":2.0},{"not_picked":["Spot Weakness","True Grit"],"picked":"Burning Pact","floor":3.0},{"not_picked":["Perfected Strike","Battle Trance"],"picked":"Power Through","floor":7.0},{"not_picked":["Inflame","Anger"],"picked":"Shrug It Off","floor":11.0},{"not_picked":["Flex","Reckless Charge"],"picked":"Pommel Strike","floor":13.0},{"not_picked":["Thunderclap","Twin Strike","Warcry"],"picked":"SKIP","floor":14.0},{"not_picked":["Impervious","Bludgeon"],"picked":"Berserk","floor":16.0},{"not_picked":["Perfected Strike","Combust"],"picked":"Seeing Red","floor":18.0},{"not_picked":["Shrug It Off","Warcry","Sword Boomerang"],"picked":"SKIP","floor":21.0},{"not_picked":["Sword Boomerang","Rupture","Havoc"],"picked":"SKIP","floor":24}],"player_experience":1248791,"relics_obtained":[{"floor":7.0,"key":"Bag of Preparation"},{"floor":9.0,"key":"Orichalcum"},{"floor":14.0,"key":"CaptainsWheel"},{"floor":19.0,"key":"Red Mask"},{"floor":24,"key":"Self Forming Clay"},{"floor":26,"key":"Letter Opener"}],"event_choices":[{"damage_healed":0.0,"max_hp_gain":0.0,"max_hp_loss":0.0,"gold_gain":75.0,"event_name":"World of Goop","player_choice":"Gather Gold","floor":5.0,"gold_loss":0.0,"damage_taken":11.0},{"cards_removed":["Strike_R"],"damage_healed":0.0,"max_hp_gain":0.0,"max_hp_loss":0.0,"gold_gain":0.0,"event_name":"Golden Wing","player_choice":"Card Removal","floor":8.0,"gold_loss":0.0,"damage_taken":7.0},{"damage_healed":0.0,"max_hp_gain":0.0,"max_hp_loss":7.0,"gold_gain":0.0,"event_name":"Golden Idol","player_choice":"Lose Max HP","floor":10.0,"gold_loss":0.0,"damage_taken":0.0,"relics_obtained":["Golden Idol"]},{"damage_healed":0.0,"max_hp_gain":0.0,"max_hp_loss":0.0,"gold_gain":0.0,"event_name":"Masked Bandits","player_choice":"Fought Bandits","floor":19.0,"gold_loss":0.0,"damage_taken":0.0},{"damage_healed":0.0,"max_hp_gain":0.0,"max_hp_loss":0.0,"gold_gain":50.0,"event_name":"Nest","player_choice":"Stole From Cult","floor":20.0,"gold_loss":0.0,"damage_taken":0.0},{"damage_healed":0.0,"max_hp_gain":0.0,"max_hp_loss":0.0,"gold_gain":0.0,"event_name":"Vampires","player_choice":"Ignored","floor":22.0,"gold_loss":0.0,"damage_taken":0.0}],"is_beta":false,"boss_relics":[{"not_picked":["Philosopher\u0027s Stone","Fusion Hammer"],"picked":"Coffee Dripper"}],"items_purged_floors":[4],"is_endless":false,"potions_floor_spawned":[1,7,11,16,19],"killed_by":"Slavers","ascension_level":20}}