{"host":"640uue19m79c7wbt","time":1612405624,"event":{"mods":["BaseMod","Colored Map","Googly Eyes","Highlight Path","Minty Spire (QoL Compilation)","Quick Restart","StSLib"],"gold_per_floor":[113,12,12,12,57,93,93,116,139,139,163,197,197,2,2,91,91,110,35,50,50,75,75,88,108,160,160,60,91,91,105,105,204,204,204,204],"floor_reached":35,"language":"ENG","playtime":1204,"items_purged":["Strike_G","Strike_G"],"score":775,"play_id":"b14d7c52-0033-4175-9899-e767329b06c4","local_time":"20210203212704","is_ascension_mode":true,"campfire_choices":[{"floor":7.0,"key":"REST"},{"data":"Bouncing Flask","floor":10.0,"key":"SMITH"},{"floor":13.0,"key":"REST"},{"data":"Storm of Steel","floor":15.0,"key":"SMITH"},{"floor":23.0,"key":"REST"},{"floor":27.0,"key":"REST"},{"floor":30.0,"key":"REST"},{"data":"Bullet Time","floor":32.0,"key":"SMITH"}],"circlet_count":0,"master_deck":["AscendersBane","Strike_G","Strike_G","Defend_G","Defend_G","Defend_G","Defend_G","Defend_G","Survivor","Neutralize","Bouncing Flask+1","PiercingWail","Acrobatics","Skewer","Blade Dance","Storm of Steel+1","Panache","Bullet Time+1","CurseOfTheBell","Endless Agony+1","Accuracy+1","Leg Sweep","Well Laid Plans","Predator","Endless Agony","Night Terror"],"relics":["Ring of the Snake","NeowsBlessing","Ancient Tea Set","Golden Idol","Juzu Bracelet","Bag of Preparation","Boot","Art of War","Calling Bell","Regal Pillow","Darkstone Periapt","The Specimen","Lantern","Potion Belt","HoveringKite"],"acts_visited":["Exordium","TheCity","TheBeyond"],"potions_floor_usage":[],"damage_taken":[{"damage":0.0,"enemies":"Jaw Worm","floor":1.0,"turns":1.0},{"damage":0.0,"enemies":"Lagavulin","floor":6.0,"turns":1.0},{"damage":0.0,"enemies":"Cultist","floor":8.0,"turns":1.0},{"damage":7.0,"enemies":"Small Slimes","floor":11.0,"turns":1.0},{"damage":32.0,"enemies":"3 Sentries","floor":12.0,"turns":10.0},{"damage":11.0,"enemies":"Hexaghost","floor":16.0,"turns":7.0},{"damage":16.0,"enemies":"2 Thieves","floor":18.0,"turns":3.0},{"damage":0.0,"enemies":"Spheric Guardian","floor":20.0,"turns":1.0},{"damage":15.0,"enemies":"Centurion and Healer","floor":22.0,"turns":4.0},{"damage":24.0,"enemies":"Shelled Parasite and Fungi","floor":24.0,"turns":4.0},{"damage":27.0,"enemies":"3 Cultists","floor":25.0,"turns":5.0},{"damage":11.0,"enemies":"Book of Stabbing","floor":29.0,"turns":5.0},{"damage":20.0,"enemies":"Centurion and Healer","floor":31.0,"turns":4.0},{"damage":34.0,"enemies":"Automaton","floor":33.0,"turns":8.0},{"damage":54,"enemies":"3 Darklings","floor":35,"turns":3}],"seed_played":"-2450397501226401937","potions_obtained":[{"floor":1.0,"key":"Explosive Potion"},{"floor":6.0,"key":"Regen Potion"},{"floor":16.0,"key":"BlessingOfTheForge"},{"floor":24.0,"key":"Explosive Potion"},{"floor":25.0,"key":"Energy Potion"},{"floor":31.0,"key":"FearPotion"}],"is_trial":false,"path_per_floor":["M","$","?","?","T","E","R","M","T","R","M","E","R","$","R","B",null,"M","?","M","?","M","R","M","M","T","R","$","E","R","M","R","B",null,"M"],"character_chosen":"THE_SILENT","items_purchased":["PiercingWail","Panache"],"campfire_rested":5,"item_purchase_floors":[2,14],"current_hp_per_floor":[59,59,59,36,36,36,55,55,55,55,48,31,50,50,50,39,59,43,43,43,43,28,62,38,11,11,45,45,34,66,46,46,12,53,0,0],"gold":204,"neow_bonus":"THREE_ENEMY_KILL","is_daily":false,"chose_seed":false,"campfire_upgraded":3,"win_rate":0.0,"timestamp":1612405624,"path_taken":["M","$","?","?","?","E","R","M","T","R","M","E","R","$","R","BOSS","M","?","M","?","M","R","M","M","T","R","$","E","R","M","R","BOSS","M"],"items_purchased_type":["Card","Card"],"build_version":"2020-12-22","purchased_purges":2,"victory":false,"max_hp_per_floor":[66,66,66,66,66,66,66,66,66,66,66,66,66,66,66,66,66,66,66,66,66,66,66,66,66,66,66,66,66,66,66,66,66,66,66,66],"card_choices":[{"not_picked":["Flechettes","Flying Knee"],"picked":"Bouncing Flask","floor":1.0},{"not_picked":["Bane","Underhanded Strike"],"picked":"Acrobatics","floor":6.0},{"not_picked":["Escape Plan","Endless Agony"],"picked":"Skewer","floor":8.0},{"not_picked":["PiercingWail","Choke"],"picked":"Blade Dance","floor":11.0},{"not_picked":["Underhanded Strike","Bane"],"picked":"Storm of Steel","floor":12.0},{"not_picked":["A Thousand Cuts","Glass Knife"],"picked":"Bullet Time","floor":16.0},{"not_picked":["Tactician","Eviscerate"],"picked":"Endless Agony+1","floor":18.0},{"not_picked":["Underhanded Strike","Backflip"],"picked":"Accuracy+1","floor":20.0},{"not_picked":["PiercingWail","Deflect"],"picked":"Leg Sweep","floor":22.0},{"not_picked":["Dagger Throw","Masterful Stab"],"picked":"Well Laid Plans","floor":24.0},{"not_picked":["Outmaneuver","Prepared"],"picked":"Predator","floor":25.0},{"not_picked":["Doppelganger","Slice"],"picked":"Endless Agony","floor":29.0},{"not_picked":["Outmaneuver","Deadly Poison","Sucker Punch"],"picked":"SKIP","floor":31.0},{"not_picked":["Burst","Wraith Form v2"],"picked":"Night Terror","floor":33.0}],"player_experience":656379,"relics_obtained":[{"floor":5.0,"key":"Juzu Bracelet"},{"floor":6.0,"key":"Bag of Preparation"},{"floor":9.0,"key":"Boot"},{"floor":12.0,"key":"Art of War"},{"floor":17.0,"key":"Regal Pillow"},{"floor":17.0,"key":"Darkstone Periapt"},{"floor":17.0,"key":"The Specimen"},{"floor":26.0,"key":"Lantern"},{"floor":29.0,"key":"Potion Belt"}],"event_choices":[{"damage_healed":0.0,"max_hp_gain":0.0,"max_hp_loss":0.0,"gold_gain":0.0,"event_name":"Big Fish","player_choice":"Box","floor":3.0,"gold_loss":0.0,"damage_taken":0.0,"relics_obtained":["Ancient Tea Set"],"cards_obtained":["Regret"]},{"damage_healed":0.0,"max_hp_gain":0.0,"max_hp_loss":0.0,"gold_gain":0.0,"event_name":"Golden Idol","player_choice":"Take Damage","floor":4.0,"gold_loss":0.0,"damage_taken":23.0,"relics_obtained":["Golden Idol"]},{"cards_removed":["Regret"],"damage_healed":0.0,"max_hp_gain":0.0,"max_hp_loss":0.0,"gold_gain":0.0,"event_name":"Beggar","player_choice":"Gave Gold","floor":19.0,"gold_loss":75.0,"damage_taken":0.0},{"cards_removed":["Strike_G"],"damage_healed":0.0,"max_hp_gain":0.0,"max_hp_loss":0.0,"gold_gain":0.0,"event_name":"Purifier","player_choice":"Purged","floor":21.0,"gold_loss":0.0,"damage_taken":0.0}],"is_beta":false,"boss_relics":[{"not_picked":["Tiny House","Velvet Choker"],"picked":"Calling Bell"},{"not_picked":["Sozu","Runic Dome"],"picked":"HoveringKite"}],"items_purged_floors":[2,28],"is_endless":false,"potions_floor_spawned":[1,6,16,24,25,31],"killed_by":"3 Darklings","ascension_level":18}}