{"host":"coat6gkfrd6s61c3","time":1612405132,"event":{"mods":["2.2 Compatiblity","AchievementEnabler","BaseMod","Colored Powertips","Conspire","Friendly Minions","Hubris","Infinite Spire","Melee Mod","Minty Spire (QoL Compilation)","Practice Mode","Replay The Spire","Shop Mod","StSLib","Waifu the Spire","everything is the same but u backflip on backflip","slay the spire mod where everything is the same but ironclad has a cowboy hat"],"gold_per_floor":[114,131,4,4,4,4,34,34,34,34,45,61,96,24,24,123,123,133,150,150,170,197,224,236,39,85,85,85,85,113,113,113,216,216,235,235,235,252,130,130,141,441,491,517,532,532,532,532,532,532],"floor_reached":51,"language":"ENG","playtime":3706,"items_purged":["Poisoned Strike+1","Metamorphosis+1"],"score":794,"play_id":"d6017d70-339e-4758-bbd1-d2b4bd54f5b6","local_time":"20210204124852","is_ascension_mode":false,"campfire_choices":[{"data":"meleeMod_NeutralAir","floor":6.0,"key":"SMITH"},{"data":"meleeMod_SuperSpicyCurry","floor":8.0,"key":"SMITH"},{"data":"meleeMod_SuperSpicyCurry","floor":10.0,"key":"SMITH"},{"data":"meleeMod_BMoveSpecialist","floor":15.0,"key":"SMITH"},{"data":"Enlightenment","floor":27.0,"key":"SMITH"},{"data":"meleeMod_L_Cancel","floor":29.0,"key":"SMITH"},{"data":"meleeMod_Grab","floor":40,"key":"SMITH"},{"floor":47,"key":"REST"},{"data":"meleeMod_FalconDive","floor":49,"key":"SMITH"}],"circlet_count":1,"master_deck":["meleeMod_Shield","meleeMod_Shield+1","meleeMod_Shield","meleeMod_NeutralAir+1","meleeMod_BackAir","meleeMod_ShieldDrop","meleeMod_FalconDive","meleeMod_SuperSpicyCurry+1","meleeMod_SuperSpicyCurry+1","meleeMod_SuperMushroom","meleeMod_FalconPunch","meleeMod_UpAir","meleeMod_DashDance","meleeMod_VCancel","meleeMod_BMoveSpecialist+1","meleeMod_IKilledMufasa","meleeMod_Knee","meleeMod_WallJump","meleeMod_Knee","meleeMod_EdgeCancel","meleeMod_L_Cancel+1","meleeMod_FalconDive+1","meleeMod_TeamAttackOn","meleeMod_SweetSpot","Enlightenment+1","meleeMod_FalconDive","Bite","Bite","Bite","meleeMod_BlueFalcon","meleeMod_Grab+1","Good Instincts+1","meleeMod_NeutralAir+1","meleeMod_BMoveSpecialist+1","meleeMod_FalconDive+1","meleeMod_FalconKick","meleeMod_FalconPunch+1","meleeMod_RapidJabs+1","meleeMod_AmsahTech"],"relics":["meleeMod_TeamBeerMang0","Anchor","Onion Ring","Akabeko","Circlet","hubris:VirtuousBlindfold","Regal Pillow","infinitespire:Bottled Soul","infinitespire:Satchel","hubris:BottledRain","MutagenicStrength","Astrolabe","Omamori","hubris:NiceRug","Thread and Needle","Peace Pipe","Nunchaku","hubris:ToyBattleship"],"acts_visited":["Exordium","TheCity","TheBeyond"],"potions_floor_usage":[33,33,38,42,44,50],"damage_taken":[{"damage":0.0,"enemies":"2 Louse","floor":1.0,"turns":2.0},{"damage":2.0,"enemies":"conspire:RoseBush","floor":2.0,"turns":3.0},{"damage":6.0,"enemies":"Replay:BlueRogue","floor":7.0,"turns":4.0},{"damage":0.0,"enemies":"Cultist","floor":11.0,"turns":1.0},{"damage":0.0,"enemies":"Large Slime","floor":12.0,"turns":2.0},{"damage":7.0,"enemies":"Gremlin Nob","floor":13.0,"turns":3.0},{"damage":0.0,"enemies":"Slime Boss","floor":16.0,"turns":9.0},{"damage":0.0,"enemies":"Chosen","floor":18.0,"turns":3.0},{"damage":4.0,"enemies":"Spheric Guardian","floor":19.0,"turns":3.0},{"damage":4.0,"enemies":"Snecko","floor":21.0,"turns":3.0},{"damage":2.0,"enemies":"conspire:Head Lice","floor":23.0,"turns":3.0},{"damage":4.0,"enemies":"Cultist and Chosen","floor":24.0,"turns":5.0},{"damage":0,"enemies":"Replay:Snechameleon","floor":30,"turns":3},{"damage":52,"enemies":"Collector","floor":33,"turns":6},{"damage":0,"enemies":"Orb Walker","floor":35,"turns":3},{"damage":6,"enemies":"3 Darklings","floor":38,"turns":3},{"damage":0,"enemies":"Sphere and 2 Shapes","floor":41,"turns":3},{"damage":51,"enemies":"hubris:Merchant","floor":42,"turns":7},{"damage":3,"enemies":"Reptomancer","floor":44,"turns":4},{"damage":0,"enemies":"Maw","floor":45,"turns":5},{"damage":15,"enemies":"Time Eater","floor":50,"turns":8}],"seed_played":"-5978589049854744121","potions_obtained":[{"floor":2.0,"key":"Weak Potion"},{"floor":12.0,"key":"Milkshake"},{"floor":13.0,"key":"Strength Potion"},{"floor":16.0,"key":"Dexterity Potion"},{"floor":18.0,"key":"SpeedPotion"},{"floor":19.0,"key":"EssenceOfSteel"},{"floor":30,"key":"Strength Potion"},{"floor":35,"key":"AttackPotion"},{"floor":42,"key":"DistilledChaos"},{"floor":42,"key":"Ancient Potion"},{"floor":42,"key":"PowerPotion"},{"floor":44,"key":"AttackPotion"}],"is_trial":false,"path_per_floor":["M","M","$","?","?","R","E","R","T","R","M","M","E","$","R","B",null,"M","M","?","M","T","E","M","$","T","R","?","R","E","?","R","B",null,"M","?","AVR","M","$","R","M","$","T","E","M","$","R","?","R","B",null],"character_chosen":"FALCON","items_purchased":["meleeMod_SuperSpicyCurry","meleeMod_SuperMushroom","meleeMod_BMoveSpecialist","meleeMod_SweetSpot","Enlightenment","meleeMod_FalconDive","meleeMod_FalconKick"],"campfire_rested":1,"item_purchase_floors":[3,3,14,25,25,25,39],"current_hp_per_floor":[93,91,91,91,91,91,85,85,85,85,85,85,78,78,78,93,93,93,89,89,85,85,87,87,87,87,87,65,65,65,65,65,17,65,65,65,65,59,59,59,59,10,10,9,9,9,43,43,43,32],"gold":532,"neow_bonus":"TEN_PERCENT_HP_BONUS","is_daily":false,"chose_seed":false,"campfire_upgraded":8,"win_rate":0.0,"timestamp":1612405132,"path_taken":["M","M","$","?","?","R","E","R","T","R","?","M","E","$","R","BOSS","M","M","?","?","?","E","?","$","T","R","?","R","E","?","R","BOSS","M","?","AVR","?","?","R","M","$","T","E","M","$","R","?","R","BOSS"],"items_purchased_type":["Card","Card","Card","Card","Card","Card","Card"],"build_version":"2020-12-22","purchased_purges":2,"victory":true,"max_hp_per_floor":[93,93,93,93,93,93,93,93,93,93,93,93,93,93,93,93,93,93,93,93,93,93,93,93,93,93,93,65,65,65,65,65,65,65,65,65,65,65,65,65,65,65,65,65,65,65,65,65,65,65],"card_choices":[{"not_picked":["meleeMod_DownSmash","meleeMod_DropZone"],"picked":"meleeMod_ShieldDrop","floor":1.0},{"not_picked":["meleeMod_CommandGrab","meleeMod_BackAir"],"picked":"meleeMod_FalconDive","floor":2.0},{"not_picked":["meleeMod_NeutralAir","meleeMod_FalconDive"],"picked":"meleeMod_FalconPunch","floor":7.0},{"not_picked":["meleeMod_DashDance","meleeMod_BabActivated"],"picked":"meleeMod_UpAir","floor":11.0},{"not_picked":["meleeMod_SomebodyClipThat","meleeMod_UpTilt"],"picked":"meleeMod_DashDance","floor":12.0},{"not_picked":["meleeMod_DownSmash","meleeMod_NeutralAir"],"picked":"meleeMod_VCancel","floor":13.0},{"not_picked":["meleeMod_Roll","meleeMod_EdgeGuard"],"picked":"meleeMod_IKilledMufasa","floor":16.0},{"not_picked":["meleeMod_WaveDash","meleeMod_DIMixUp"],"picked":"meleeMod_Knee","floor":18.0},{"not_picked":["meleeMod_WaveLand","meleeMod_SuperMushroom"],"picked":"meleeMod_WallJump","floor":19.0},{"not_picked":["meleeMod_SoftKnee","meleeMod_UpTilt"],"picked":"meleeMod_L_Cancel","floor":21.0},{"not_picked":["meleeMod_BMoveSpecialist","meleeMod_Fishing"],"picked":"meleeMod_FalconDive+1","floor":23.0},{"not_picked":["meleeMod_ShieldPoke","meleeMod_UpTilt"],"picked":"meleeMod_TeamAttackOn","floor":24.0},{"not_picked":["meleeMod_ShieldPoke","meleeMod_WaveDash"],"picked":"meleeMod_BlueFalcon","floor":30},{"not_picked":["meleeMod_PhantomHit","meleeMod_SomebodyClipThat"],"picked":"meleeMod_WeTechThose","floor":33},{"not_picked":["meleeMod_DashDance","meleeMod_SoftKnee+1"],"picked":"meleeMod_NeutralAir+1","floor":35},{"not_picked":["meleeMod_WaveDash","meleeMod_FalconPunch+1"],"picked":"meleeMod_FalconDive","floor":38},{"not_picked":["meleeMod_WallJump","meleeMod_WaveLand"],"picked":"meleeMod_FalconPunch+1","floor":41},{"not_picked":["meleeMod_SoftKnee"],"picked":"SKIP","floor":42},{"not_picked":["meleeMod_BlueFalcon"],"picked":"SKIP","floor":42},{"not_picked":["meleeMod_SweetSpot"],"picked":"SKIP","floor":42},{"not_picked":["meleeMod_WaveLand"],"picked":"SKIP","floor":42},{"not_picked":["meleeMod_WeTechThose"],"picked":"SKIP","floor":42},{"not_picked":["Discovery"],"picked":"SKIP","floor":42},{"not_picked":["Panache"],"picked":"SKIP","floor":42},{"not_picked":["meleeMod_DownSmash","meleeMod_BabActivated"],"picked":"meleeMod_RapidJabs+1","floor":44},{"not_picked":["meleeMod_PowerShield","meleeMod_Fishing+1"],"picked":"meleeMod_AmsahTech","floor":45}],"player_experience":755109,"relics_obtained":[{"floor":7.0,"key":"Onion Ring"},{"floor":9.0,"key":"Akabeko"},{"floor":13.0,"key":"Dead Branch"},{"floor":22.0,"key":"Regal Pillow"},{"floor":23.0,"key":"infinitespire:Bottled Soul"},{"floor":26.0,"key":"infinitespire:Satchel"},{"floor":30,"key":"hubris:BottledRain"},{"floor":42,"key":"Thread and Needle"},{"floor":42,"key":"Peace Pipe"},{"floor":43,"key":"Nunchaku"},{"floor":44,"key":"hubris:ToyBattleship"}],"event_choices":[{"damage_healed":0.0,"max_hp_gain":0.0,"max_hp_loss":0.0,"gold_gain":0.0,"event_name":"WeMeetAgain","player_choice":"Gave Potion","floor":5.0,"gold_loss":0.0,"damage_taken":0.0,"relics_obtained":["Anchor"]},{"damage_healed":0.0,"max_hp_gain":0.0,"max_hp_loss":0.0,"gold_gain":0.0,"event_name":"Match and Keep!","player_choice":"3 cards matched","floor":20.0,"gold_loss":0.0,"damage_taken":0.0,"cards_obtained":["Bandage Up","meleeMod_Knee","meleeMod_EdgeCancel"]},{"damage_healed":0.0,"max_hp_gain":0.0,"max_hp_loss":28.0,"gold_gain":0.0,"event_name":"Vampires","player_choice":"Became a vampire","floor":28.0,"gold_loss":0.0,"damage_taken":0.0,"cards_obtained":["Bite","Bite","Bite","Bite","Bite"]},{"damage_healed":0,"gold_gain":0,"player_choice":"Inject Mutagens","damage_taken":0,"relics_obtained":["MutagenicStrength"],"max_hp_gain":0,"max_hp_loss":0,"event_name":"Drug Dealer","floor":31,"gold_loss":0},{"damage_healed":0,"gold_gain":0,"player_choice":"Copied","damage_taken":0,"max_hp_gain":0,"max_hp_loss":0,"event_name":"Duplicator","floor":36,"gold_loss":0,"cards_obtained":["meleeMod_BMoveSpecialist"]},{"cards_removed":["meleeMod_WeTechThose"],"damage_healed":0,"gold_gain":0,"player_choice":"Purged","damage_taken":0,"max_hp_gain":0,"max_hp_loss":0,"event_name":"Purifier","floor":48,"gold_loss":0}],"is_beta":false,"boss_relics":[{"not_picked":["hubris:HollowSoul","conspire:SeveredTorchhead"],"picked":"hubris:VirtuousBlindfold"},{"not_picked":["infinitespire:Cupcake","hubris:Stopwatch"],"picked":"Astrolabe"}],"items_purged_floors":[37,39],"is_endless":false,"potions_floor_spawned":[2,12,13,16,18,19,30,35,44],"ascension_level":0}}