{"host":"wuernuywc9gl215o","time":1612457060,"event":{"mods":["AchievementEnabler","BaseMod","Block Reminder","Highlight Path","Key Reminder","Minty Spire (QoL Compilation)","Permanent Neow","Potion Indicator Mod","Quick Restart","Relic Stats"],"gold_per_floor":[10,27,40,59,59,59,9,35,35,66,86,86,101,116,116,190,190,203,203,216,227,243,254,254,265,265,0,14,14,14,33,33,33,33],"floor_reached":33,"language":"ENG","playtime":2787,"items_purged":["Strike_G"],"score":451,"play_id":"51460033-e1fe-42b7-b679-0433c815b875","local_time":"20210204164420","is_ascension_mode":true,"campfire_choices":[{"floor":6.0,"key":"REST"},{"floor":12.0,"key":"REST"},{"floor":15.0,"key":"REST"},{"floor":24,"key":"REST"},{"data":"Calculated Gamble","floor":30,"key":"SMITH"},{"floor":32,"key":"REST"}],"circlet_count":0,"master_deck":["AscendersBane","Strike_G","Strike_G","Defend_G","Defend_G","Defend_G","Defend_G","Defend_G","Survivor","Neutralize","Bullet Time+1","Eviscerate","Underhanded Strike","Footwork","Die Die Die+1","Backstab","Caltrops","Dagger Throw","Flying Knee","Acrobatics","Tools of the Trade","Footwork","Dash","Eviscerate","Tactician","Calculated Gamble+1","Escape Plan","Reflex","Good Instincts","Deflect","Blur","Escape Plan","Dagger Spray+1"],"relics":["Ring of the Snake","Torii","Girya","Tough Bandages","Philosopher\u0027s Stone","The Courier"],"acts_visited":["Exordium","TheCity"],"potions_floor_usage":[25,28],"damage_taken":[{"damage":0.0,"enemies":"Jaw Worm","floor":1.0,"turns":5.0},{"damage":7.0,"enemies":"Small Slimes","floor":2.0,"turns":5.0},{"damage":0.0,"enemies":"Cultist","floor":3.0,"turns":2.0},{"damage":1.0,"enemies":"2 Fungi Beasts","floor":4.0,"turns":3.0},{"damage":36.0,"enemies":"3 Sentries","floor":8.0,"turns":9.0},{"damage":15.0,"enemies":"Lagavulin","floor":10.0,"turns":9.0},{"damage":0.0,"enemies":"Lots of Slimes","floor":11.0,"turns":3.0},{"damage":0.0,"enemies":"Looter","floor":13.0,"turns":3.0},{"damage":1.0,"enemies":"Large Slime","floor":14.0,"turns":6.0},{"damage":4.0,"enemies":"The Guardian","floor":16.0,"turns":14.0},{"damage":1.0,"enemies":"3 Byrds","floor":18.0,"turns":5.0},{"damage":11.0,"enemies":"Shell Parasite","floor":20.0,"turns":5.0},{"damage":11.0,"enemies":"Sentry and Sphere","floor":21.0,"turns":4.0},{"damage":7,"enemies":"3 Cultists","floor":22,"turns":6},{"damage":23,"enemies":"Cultist and Chosen","floor":23,"turns":7},{"damage":1,"enemies":"Snake Plant","floor":25,"turns":4},{"damage":0,"enemies":"Centurion and Healer","floor":28,"turns":8},{"damage":30,"enemies":"Chosen and Byrds","floor":31,"turns":5},{"damage":58,"enemies":"Champ","floor":33,"turns":17}],"seed_played":"1800602629084171313","potions_obtained":[{"floor":2.0,"key":"CunningPotion"},{"floor":8.0,"key":"Explosive Potion"},{"floor":10.0,"key":"LiquidMemories"},{"floor":11.0,"key":"Weak Potion"},{"floor":18.0,"key":"Energy Potion"},{"floor":21.0,"key":"Dexterity Potion"},{"floor":23,"key":"Block Potion"}],"is_trial":false,"path_per_floor":["M","M","M","M","?","R","?","E","T","E","M","R","M","M","R","B",null,"M","?","M","M","M","M","R","M","T","$","M","?","R","M","R","B"],"character_chosen":"THE_SILENT","items_purchased":["Reflex","Good Instincts","Deflect","Blur"],"campfire_rested":5,"item_purchase_floors":[27,27,27,27],"current_hp_per_floor":[59,52,52,51,38,57,57,21,21,6,6,25,25,24,43,39,59,58,58,47,36,29,6,25,24,24,24,24,66,66,36,55,0,0],"gold":33,"neow_bonus":"THREE_RARE_CARDS","is_daily":false,"chose_seed":false,"campfire_upgraded":1,"win_rate":0.0,"timestamp":1612457060,"path_taken":["M","M","M","M","?","R","?","E","T","E","M","R","M","M","R","BOSS","M","?","M","M","M","M","R","M","T","$","?","?","R","?","R","BOSS"],"items_purchased_type":["Card","Card","Card","Card"],"build_version":"2020-12-22","purchased_purges":1,"victory":false,"max_hp_per_floor":[66,66,66,66,66,66,66,66,66,66,66,66,66,66,66,66,66,66,66,66,66,66,66,66,66,66,66,66,66,66,66,66,66,66],"relic_stats":{"Tough Bandages":[315],"Torii":29,"counters":[19,120],"obtain_stats":[{"Girya":9,"Tough Bandages":10,"Torii":8,"Philosopher\u0027s Stone":17,"The Courier":26,"Ring of the Snake":0},{"Girya":5,"Tough Bandages":6,"Torii":5,"Philosopher\u0027s Stone":10,"The Courier":16,"Ring of the Snake":0},{"Girya":24,"Tough Bandages":33,"Torii":24,"Philosopher\u0027s Stone":59,"The Courier":90,"Ring of the Snake":0}],"Ring of the Snake":[38]},"card_choices":[{"not_picked":["Unload","Doppelganger"],"picked":"Bullet Time","floor":0.0},{"not_picked":["Slice","Deadly Poison"],"picked":"Eviscerate","floor":1.0},{"not_picked":["Slice","Concentrate"],"picked":"Underhanded Strike","floor":2.0},{"not_picked":["Underhanded Strike","Expertise"],"picked":"Footwork","floor":3.0},{"not_picked":["Crippling Poison","Dagger Throw"],"picked":"Die Die Die","floor":4.0},{"not_picked":["Footwork","Bane"],"picked":"Backstab","floor":8.0},{"not_picked":["Doppelganger","Setup"],"picked":"Caltrops","floor":10.0},{"not_picked":["Quick Slash","All Out Attack"],"picked":"Dagger Throw","floor":11.0},{"not_picked":["Escape Plan","Underhanded Strike"],"picked":"Flying Knee","floor":13.0},{"not_picked":["Flechettes","Cloak And Dagger"],"picked":"Acrobatics","floor":14.0},{"not_picked":["Die Die Die","Wraith Form v2"],"picked":"Tools of the Trade","floor":16.0},{"not_picked":["Escape Plan","Dodge and Roll"],"picked":"Footwork","floor":18.0},{"not_picked":["Sucker Punch","Deflect"],"picked":"Dash","floor":20.0},{"not_picked":["Bane","Outmaneuver"],"picked":"Eviscerate","floor":21.0},{"not_picked":["Quick Slash","Sucker Punch"],"picked":"Tactician","floor":22},{"not_picked":["Backflip","Acrobatics"],"picked":"Calculated Gamble","floor":23},{"not_picked":["Flying Knee","A Thousand Cuts"],"picked":"Escape Plan","floor":25},{"not_picked":["Deadly Poison","Cloak And Dagger"],"picked":"Escape Plan","floor":28},{"not_picked":["Sucker Punch","Cloak And Dagger"],"picked":"Dagger Spray+1","floor":31}],"player_experience":813898,"relics_obtained":[{"floor":8.0,"key":"Torii"},{"floor":9.0,"key":"Girya"},{"floor":10.0,"key":"Tough Bandages"},{"floor":26,"key":"The Courier"}],"event_choices":[{"damage_healed":0.0,"max_hp_gain":0.0,"max_hp_loss":0.0,"gold_gain":0.0,"event_name":"Shining Light","player_choice":"Entered Light","floor":5.0,"gold_loss":0.0,"damage_taken":13.0,"cards_upgraded":["Die Die Die","Bullet Time"]},{"cards_removed":["Strike_G"],"damage_healed":0.0,"max_hp_gain":0.0,"max_hp_loss":0.0,"gold_gain":0.0,"event_name":"The Cleric","player_choice":"Card Removal","floor":7.0,"gold_loss":50.0,"damage_taken":0.0},{"cards_removed":["Strike_G"],"damage_healed":0.0,"max_hp_gain":0.0,"max_hp_loss":0.0,"gold_gain":0.0,"event_name":"Purifier","player_choice":"Purged","floor":19.0,"gold_loss":0.0,"damage_taken":0.0},{"damage_healed":42,"gold_gain":0,"player_choice":"Full Heal","damage_taken":0,"max_hp_gain":0,"max_hp_loss":0,"event_name":"Wheel of Change","floor":29,"gold_loss":0}],"is_beta":false,"boss_relics":[{"not_picked":["Tiny House","Fusion Hammer"],"picked":"Philosopher\u0027s Stone"}],"items_purged_floors":[27],"is_endless":false,"potions_floor_spawned":[2,8,10,11,18,21,22,23],"killed_by":"Champ","ascension_level":14}}