{"host":"coim2kcsdwzna1mk","time":1612406416,"event":{"mods":["100% Spire Juice","2.2 Compatiblity","AchievementEnabler","Act Like it!","AlwaysNeverKeys","Ascension Reborn","Aspiration","BaseMod","Beaked The Cultist","Bestiary","Better Match","Better Note","Better Skull","Better Third Choice","BetterRewards","Colored Map","Colored Powertips","Colorless Booster Pack","Conspire","Downfall","Ekko","Gensokyo","GifTheSpireLib","Gremlin Mod","GungeonMod","Halation","Hallownest","HexUI Lib","Highlight Path","Hubris","Hyrulean Relics","Infinite Spire","Ironclad Rager","Jorbs\u0027s Wanderer Trilogy","Menagerie","Minty Spire (QoL Compilation)","Pale of the Ancients","Quarter Circle Forward PUNCH!","RatMod","Reliquary","Replay The Spire","Retaliation","Robot Space Explorer","Shade Mod","Shop Mod","Spicy Shops","Spikes Relics","Spire Arcade","StSLib","Strawberry Spire","Stuff the Spire","SuperFastMode","The Animator","The Dragon Tamer","The Edgeheg","The Jungle","TheHero","TheVelvet","Wandering Minibosses","yUi"],"gold_per_floor":[18,18,38,38,53,53,85,101,152,152,152],"floor_reached":10,"language":"ENG","playtime":331,"items_purged":[],"score":71,"play_id":"e03fcb9c-8152-4628-94f0-9be4430b45d8","local_time":"20210203214016","is_ascension_mode":true,"campfire_choices":[{"data":"DDmod:UnstoppableAttack","floor":6,"key":"SMITH"}],"circlet_count":0,"master_deck":["Strike_R","Strike_R","Strike_R","Strike_R","Strike_R","Defend_R","Defend_R","Bash","Entrench","Regret","DDmod:UnstoppableAttack+1"],"relics":["Burning Blood","hubris:SphereOfDissonance","halation:WeightlessCrab","halation:KoshaPiece"],"acts_visited":["Exordium"],"potions_floor_usage":[10,10],"damage_taken":[{"damage":4,"enemies":"Small Slimes","floor":1,"turns":4},{"damage":4,"enemies":"2 Louse","floor":3,"turns":2},{"damage":5,"enemies":"conspire:RoseBush","floor":5,"turns":3},{"damage":67,"enemies":"3 Sentries","floor":7,"turns":12},{"damage":15,"enemies":"Red Slaver","floor":8,"turns":3},{"damage":27,"enemies":"strawberrySpire:EnergyPylons","floor":10,"turns":5}],"seed_played":"-1614256070442222597","potions_obtained":[{"floor":1,"key":"GamblersBrew"},{"floor":7,"key":"Swift Potion"}],"is_trial":false,"path_per_floor":["M","?","M","?","M","R","E","M","T","E"],"character_chosen":"IRONCLAD","items_purchased":[],"campfire_rested":0,"item_purchase_floors":[],"current_hp_per_floor":[80,80,80,80,80,80,19,17,17,0,0],"gold":152,"neow_bonus":"TRANSFORM_TWO_CARDS","is_daily":false,"chose_seed":false,"campfire_upgraded":1,"win_rate":0.0,"timestamp":1612406416,"path_taken":["M","?","M","?","M","R","E","M","T","E"],"items_purchased_type":[],"build_version":"2020-12-22","purchased_purges":0,"victory":false,"max_hp_per_floor":[80,80,80,80,80,80,80,80,80,80,80],"card_choices":[{"not_picked":["strawberrySpire:FireDrill","strawberrySpire:DebrisPile","Reckless Charge"],"picked":"SKIP","floor":1},{"not_picked":["Infernal Blade","Second Wind"],"picked":"DDmod:UnstoppableAttack","floor":3},{"not_picked":["DDmod:SpikedSkill","strawberrySpire:ZonePlayer","DDmod:CallousedSkill"],"picked":"SKIP","floor":5},{"not_picked":["DDmod:UnstoppableAttack","strawberrySpire:DraftPunk","hubris:SharpeningStone"],"picked":"SKIP","floor":7},{"not_picked":["Sword Boomerang","Combust","strawberrySpire:FireDrill"],"picked":"SKIP","floor":8}],"player_experience":144782,"relics_obtained":[{"floor":7,"key":"halation:WeightlessCrab"},{"floor":9,"key":"halation:KoshaPiece"}],"event_choices":[{"damage_healed":0,"gold_gain":0,"player_choice":"Box","damage_taken":0,"relics_obtained":["hubris:SphereOfDissonance"],"max_hp_gain":0,"max_hp_loss":0,"event_name":"Big Fish","floor":2,"gold_loss":0,"cards_obtained":["Regret"]}],"is_beta":false,"boss_relics":[],"items_purged_floors":[],"is_endless":false,"potions_floor_spawned":[1,7],"killed_by":"strawberrySpire:EnergyPylons","ascension_level":1}}