{"host":"qm4rv4rkpk76sbxu","time":1612433905,"event":{"mods":["BaseMod","Bestiary","Block Reminder","DeckTracker","Filter the Spire","Keyboard Shortcuts","Minty Spire (QoL Compilation)","MonsterHotkey","Quick Restart","Random Character Button","Relic Stats","Slay-I","StSLib","Unceasing Turn Reminder","ojb\u0027s Better Paths Mod","ojb\u0027s Info Mod"],"gold_per_floor":[113,113,113,41,59,86,86,117,117,117,117,192,16,26,26,129,129,149,172,172,172,189,189,216,216,241,267,282,302,262,295,295,396,396,413,427,440,459,474,515,515,529,555,555,581,611,463,481,481,481,481,481,128,158,158],"floor_reached":56,"language":"ENG","playtime":4147,"items_purged":["Regret","Masterful Stab"],"score":1535,"play_id":"a3823ef5-98e7-4c1a-8375-a042fbe17965","local_time":"20210204111825","is_ascension_mode":true,"campfire_choices":[{"data":"Venomology","floor":7.0,"key":"SMITH"},{"data":"Phantasmal Killer","floor":10.0,"key":"SMITH"},{"data":"Poisoned Stab","floor":15.0,"key":"SMITH"},{"data":"Blade Dance","floor":23.0,"key":"SMITH"},{"data":"Blur","floor":32.0,"key":"SMITH"},{"data":"Adrenaline","floor":41,"key":"SMITH"},{"floor":44,"key":"RECALL"},{"data":"Acrobatics","floor":49,"key":"SMITH"},{"data":"Leg Sweep","floor":52,"key":"SMITH"}],"circlet_count":0,"master_deck":["Strike_G","Strike_G","Strike_G","Strike_G","Defend_G","Defend_G","Defend_G","Defend_G","Defend_G","Survivor","Neutralize","Poisoned Stab+1","Dagger Spray","Venomology+1","Phantasmal Killer+1","Backflip","Blade Dance+1","Die Die Die","CurseOfTheBell","RitualDagger+1","Dash+1","Deflect+1","After Image","Blur+1","Escape Plan","Adrenaline+1","Terror+1","Leg Sweep+1","Backstab+1","Acrobatics+1","Tools of the Trade","Backflip+1"],"relics":["Ring of the Snake","Strawberry","StrikeDummy","Boot","Ice Cream","PreservedInsect","Juzu Bracelet","Calling Bell","Dream Catcher","Molten Egg 2","Calipers","Nunchaku","Pen Nib","Potion Belt","Gremlin Horn","Singing Bowl","Philosopher\u0027s Stone","CeramicFish","Toy Ornithopter","Centennial Puzzle","Happy Flower","Frozen Eye","Ornamental Fan"],"acts_visited":["Exordium","TheCity","TheBeyond","TheEnding"],"potions_floor_usage":[42,45,46,48,50,50,50,54,55,55,55,55,55,55],"damage_taken":[{"damage":2.0,"enemies":"Jaw Worm","floor":1.0,"turns":8.0},{"damage":0.0,"enemies":"Small Slimes","floor":5.0,"turns":2.0},{"damage":28.0,"enemies":"Lagavulin","floor":6.0,"turns":6.0},{"damage":27.0,"enemies":"3 Sentries","floor":8.0,"turns":7.0},{"damage":0.0,"enemies":"Cultist","floor":14.0,"turns":2.0},{"damage":2.0,"enemies":"Hexaghost","floor":16.0,"turns":6.0},{"damage":6.0,"enemies":"3 Byrds","floor":18.0,"turns":2.0},{"damage":18.0,"enemies":"Spheric Guardian","floor":22.0,"turns":5.0},{"damage":5.0,"enemies":"Slavers","floor":24.0,"turns":2.0},{"damage":14.0,"enemies":"Book of Stabbing","floor":27.0,"turns":4.0},{"damage":8.0,"enemies":"Snake Plant","floor":28.0,"turns":6.0},{"damage":0.0,"enemies":"Shelled Parasite and Fungi","floor":29.0,"turns":2.0},{"damage":0.0,"enemies":"Gremlin Leader","floor":31.0,"turns":2.0},{"damage":17.0,"enemies":"Collector","floor":33.0,"turns":14.0},{"damage":1.0,"enemies":"3 Darklings","floor":35.0,"turns":5.0},{"damage":0.0,"enemies":"3 Shapes","floor":36.0,"turns":3.0},{"damage":0.0,"enemies":"Writhing Mass","floor":37.0,"turns":4.0},{"damage":8.0,"enemies":"Sphere and 2 Shapes","floor":38.0,"turns":6.0},{"damage":0.0,"enemies":"Jaw Worm Horde","floor":39.0,"turns":3.0},{"damage":0,"enemies":"Nemesis","floor":40,"turns":1},{"damage":0,"enemies":"Maw","floor":42,"turns":5},{"damage":0,"enemies":"Transient","floor":45,"turns":5},{"damage":0,"enemies":"Reptomancer","floor":46,"turns":6},{"damage":5,"enemies":"Spire Growth","floor":48,"turns":6},{"damage":14,"enemies":"Donu and Deca","floor":50,"turns":11},{"damage":25,"enemies":"Shield and Spear","floor":54,"turns":6},{"damage":88,"enemies":"The Heart","floor":55,"turns":11}],"seed_played":"-442151382081736104","potions_obtained":[{"floor":1.0,"key":"Weak Potion"},{"floor":8.0,"key":"Fire Potion"},{"floor":18.0,"key":"Regen Potion"},{"floor":27.0,"key":"Swift Potion"},{"floor":28.0,"key":"Strength Potion"},{"floor":29.0,"key":"GamblersBrew"},{"floor":30.0,"key":"CunningPotion"},{"floor":30.0,"key":"SkillPotion"},{"floor":30.0,"key":"Swift Potion"},{"floor":35.0,"key":"SneckoOil"},{"floor":37.0,"key":"DistilledChaos"},{"floor":39.0,"key":"Block Potion"}],"is_trial":false,"path_per_floor":["M","?","?","$","M","E","R","E","T","R","?","?","$","M","R","B",null,"M","T","?","?","M","R","E","T","T","E","M","M","?","E","R","B",null,"M","M","M","M","M","E","R","M","T","R","M","E","$","M","R","B",null,"R","$","E","B",null],"character_chosen":"THE_SILENT","items_purchased":["Venomology","Backflip","AttackPotion","Happy Flower","Dexterity Potion","Strength Potion","Frozen Eye"],"campfire_rested":0,"item_purchase_floors":[4,13,13,47,53,53,53],"current_hp_per_floor":[75,75,75,75,75,47,47,20,20,20,20,13,13,13,13,11,77,71,71,65,65,47,47,42,42,42,40,32,37,37,39,39,22,79,78,78,78,72,72,72,72,74,74,74,79,85,85,82,82,73,87,87,87,64,6],"gold":158,"neow_bonus":"RANDOM_COMMON_RELIC","is_daily":false,"chose_seed":false,"campfire_upgraded":8,"win_rate":0.0,"timestamp":1612433905,"path_taken":["M","?","?","?","M","E","R","E","T","R","?","?","$","M","R","BOSS","M","?","?","?","M","R","E","?","T","E","M","M","?","E","R","BOSS","M","M","M","M","M","E","R","M","T","R","M","E","$","M","R","BOSS","R","$","E","BOSS"],"items_purchased_type":["Card","Card","Potion","Relic","Potion","Potion","Relic"],"build_version":"2020-12-22","purchased_purges":2,"victory":true,"max_hp_per_floor":[77,77,77,77,77,77,77,77,77,77,77,77,77,77,77,77,77,77,77,77,77,77,77,77,77,77,77,77,77,77,79,79,79,79,79,79,79,81,81,81,81,83,83,83,83,85,85,87,87,87,87,87,87,89,89],"relic_stats":{"Gremlin Horn":[29,29],"Singing Bowl":12,"Happy Flower":[11],"counters":[27,140],"CeramicFish":18,"PreservedInsect":301,"Pen Nib":[29],"Juzu Bracelet":2,"Boot":[129],"Dream Catcher":0,"Nunchaku":[31],"Centennial Puzzle":[12],"Ornamental Fan":[20],"obtain_stats":[{"Ice Cream":8,"Potion Belt":25,"Calipers":17,"Gremlin Horn":27,"Singing Bowl":31,"Happy Flower":47,"CeramicFish":40,"PreservedInsect":9,"Pen Nib":24,"Juzu Bracelet":11,"Boot":6,"Calling Bell":17,"Frozen Eye":53,"Dream Catcher":17,"Nunchaku":19,"Centennial Puzzle":46,"Ornamental Fan":54,"Strawberry":0,"Molten Egg 2":17,"Philosopher\u0027s Stone":34,"StrikeDummy":3,"Toy Ornithopter":43,"Ring of the Snake":0},{"Ice Cream":4,"Potion Belt":9,"Calipers":6,"Gremlin Horn":10,"Singing Bowl":13,"Happy Flower":23,"CeramicFish":20,"PreservedInsect":4,"Pen Nib":9,"Juzu Bracelet":4,"Boot":3,"Calling Bell":6,"Frozen Eye":25,"Dream Catcher":6,"Nunchaku":7,"Centennial Puzzle":23,"Ornamental Fan":26,"Strawberry":0,"Molten Egg 2":6,"Philosopher\u0027s Stone":14,"StrikeDummy":1,"Toy Ornithopter":21,"Ring of the Snake":0},{"Ice Cream":23,"Potion Belt":40,"Calipers":31,"Gremlin Horn":44,"Singing Bowl":54,"Happy Flower":106,"CeramicFish":90,"PreservedInsect":23,"Pen Nib":40,"Juzu Bracelet":23,"Boot":16,"Calling Bell":31,"Frozen Eye":123,"Dream Catcher":31,"Nunchaku":33,"Centennial Puzzle":106,"Ornamental Fan":129,"Strawberry":0,"Molten Egg 2":31,"Philosopher\u0027s Stone":68,"StrikeDummy":8,"Toy Ornithopter":95,"Ring of the Snake":0}],"Toy Ornithopter":44,"Ring of the Snake":[54]},"card_choices":[{"not_picked":["Infinite Blades","Concentrate"],"picked":"Poisoned Stab","floor":1.0},{"not_picked":["Quick Slash","Backflip"],"picked":"Masterful Stab","floor":5.0},{"not_picked":["Choke","Distraction","Bane"],"picked":"SKIP","floor":6.0},{"not_picked":["Sucker Punch","Choke"],"picked":"Phantasmal Killer","floor":8.0},{"not_picked":["Poisoned Stab","Sucker Punch"],"picked":"Blade Dance","floor":14.0},{"not_picked":["A Thousand Cuts","Glass Knife"],"picked":"Die Die Die","floor":16.0},{"not_picked":["Expertise","Masterful Stab+1","Quick Slash+1"],"picked":"SKIP","floor":18.0},{"not_picked":["Bouncing Flask","Catalyst+1"],"picked":"Dash+1","floor":22.0},{"not_picked":["Underhanded Strike+1","Slice+1"],"picked":"Deflect+1","floor":24.0},{"not_picked":["All Out Attack+1","Well Laid Plans"],"picked":"After Image","floor":27.0},{"not_picked":["Masterful Stab+1","Prepared"],"picked":"Blur","floor":28.0},{"not_picked":["Infinite Blades+1","Deflect"],"picked":"Escape Plan","floor":29.0},{"not_picked":["Flying Knee+1","Accuracy","Setup+1"],"picked":"Singing Bowl","floor":31.0},{"not_picked":["A Thousand Cuts","Unload+1"],"picked":"Adrenaline","floor":33.0},{"not_picked":["Cloak And Dagger+1","Bane+1"],"picked":"Terror+1","floor":35.0},{"not_picked":["Outmaneuver+1","Heel Hook+1"],"picked":"Leg Sweep","floor":36.0},{"not_picked":["Flying Knee+1","Dagger Spray+1"],"picked":"Backstab+1","floor":37.0},{"not_picked":["Sucker Punch+1","Skewer+1","Caltrops"],"picked":"Singing Bowl","floor":38.0},{"not_picked":["Distraction","Underhanded Strike+1"],"picked":"Acrobatics","floor":39.0},{"not_picked":["Finisher+1","Slice+1"],"picked":"Tools of the Trade","floor":40},{"not_picked":["Poisoned Stab+1","Outmaneuver","Deadly Poison+1"],"picked":"Singing Bowl","floor":42},{"not_picked":["Finisher+1","Poisoned Stab+1"],"picked":"Backflip+1","floor":45},{"not_picked":["Blade Dance","Flying Knee+1","PiercingWail"],"picked":"Singing Bowl","floor":46},{"not_picked":["Riddle With Holes+1","Deadly Poison+1","Sucker Punch+1"],"picked":"Singing Bowl","floor":48},{"not_picked":["A Thousand Cuts","Dagger Spray+1","Poisoned Stab+1"],"picked":"Singing Bowl","floor":54}],"player_experience":1505501,"relics_obtained":[{"floor":6.0,"key":"Boot"},{"floor":8.0,"key":"Ice Cream"},{"floor":9.0,"key":"PreservedInsect"},{"floor":17.0,"key":"Dream Catcher"},{"floor":17.0,"key":"Molten Egg 2"},{"floor":17.0,"key":"Calipers"},{"floor":19.0,"key":"Nunchaku"},{"floor":24.0,"key":"Pen Nib"},{"floor":25.0,"key":"Potion Belt"},{"floor":27.0,"key":"Gremlin Horn"},{"floor":31.0,"key":"Singing Bowl"},{"floor":40,"key":"CeramicFish"},{"floor":43,"key":"Toy Ornithopter"},{"floor":46,"key":"Centennial Puzzle"},{"floor":54,"key":"Ornamental Fan"}],"event_choices":[{"damage_healed":0.0,"max_hp_gain":0.0,"max_hp_loss":0.0,"gold_gain":0.0,"cards_transformed":["Strike_G"],"event_name":"Living Wall","player_choice":"Change","floor":2.0,"gold_loss":0.0,"damage_taken":0.0,"cards_obtained":["Dagger Spray"]},{"damage_healed":0.0,"max_hp_gain":0.0,"max_hp_loss":0.0,"gold_gain":0.0,"event_name":"Big Fish","player_choice":"Box","floor":3.0,"gold_loss":0.0,"damage_taken":0.0,"relics_obtained":["StrikeDummy"],"cards_obtained":["Regret"]},{"damage_healed":0.0,"max_hp_gain":0.0,"max_hp_loss":0.0,"gold_gain":0.0,"event_name":"WeMeetAgain","player_choice":"Gave Potion","floor":11.0,"gold_loss":0.0,"damage_taken":0.0,"relics_obtained":["Juzu Bracelet"]},{"damage_healed":0.0,"max_hp_gain":0.0,"max_hp_loss":0.0,"gold_gain":75.0,"event_name":"FaceTrader","player_choice":"Touch","floor":12.0,"gold_loss":0.0,"damage_taken":7.0},{"damage_healed":0.0,"max_hp_gain":0.0,"max_hp_loss":0.0,"gold_gain":0.0,"event_name":"Nest","player_choice":"Joined the Cult","floor":20.0,"gold_loss":0.0,"damage_taken":6.0,"cards_obtained":["RitualDagger"]},{"damage_healed":0.0,"max_hp_gain":0.0,"max_hp_loss":0.0,"gold_gain":0.0,"event_name":"Vampires","player_choice":"Ignored","floor":21.0,"gold_loss":0.0,"damage_taken":0.0},{"damage_healed":0.0,"max_hp_gain":0.0,"max_hp_loss":0.0,"gold_gain":0.0,"event_name":"The Woman in Blue","player_choice":"Bought 3 Potions","floor":30.0,"gold_loss":0.0,"damage_taken":0.0}],"is_beta":false,"boss_relics":[{"not_picked":["HoveringKite","Astrolabe"],"picked":"Calling Bell"},{"not_picked":["SlaversCollar","Pandora\u0027s Box"],"picked":"Philosopher\u0027s Stone"}],"items_purged_floors":[13,53],"is_endless":false,"potions_floor_spawned":[1,8,18,27,28,29,35,37,39,42,54],"ascension_level":4}}