{"host":"f7rb14kzcw8hx1r1","time":1612432008,"event":{"mods":["BaseMod","Better Note","Better Third Choice","Colored Map","Highlight Path","Hubris","Minty Spire (QoL Compilation)","Replay The Spire","StSLib","The Forsaken"],"gold_per_floor":[211,230,245,245,17,17,27,27,27,53,64,119,19,53,53,156,156,168,268,282,282,298,328,328,344,398,413,1,1,16,30,30,132,132,147,161,161,171,182,182,213,213,291,291,33,71,122,164,164,182],"floor_reached":51,"language":"ENG","playtime":2213,"items_purged":["Strike_R","Strike_R","Strike_R","Strike_R"],"score":836,"play_id":"f97407ac-6da6-4404-b518-81dc909793c0","local_time":"20210204104648","is_ascension_mode":false,"campfire_choices":[{"data":"True Grit","floor":6.0,"key":"SMITH"},{"data":"Bash","floor":8.0,"key":"SMITH"},{"data":"Body Slam","floor":15.0,"key":"SMITH"},{"data":"ReplayTheSpireMod:Strike From Hell","floor":24.0,"key":"SMITH"},{"floor":32.0,"key":"DIG"},{"data":"Heavy Blade","floor":40,"key":"SMITH"},{"floor":42,"key":"DIG"}],"circlet_count":0,"master_deck":["Defend_R","Defend_R","Defend_R","Bash+1","True Grit+1","Sword Boomerang+1","ReplayTheSpireMod:Strike From Hell+1","Headbutt+1","Bash+1","Shrug It Off","Impervious","Heavy Blade+1","Twin Strike+1","Sever Soul+1","hubris:DuctTapeCard","Exhume+1"],"relics":["Burning Blood","Nunchaku","Shovel","Pet Ghost","Paper Frog","Iron Hammer","Replay:Grab Bag","Busted Crown","Coffee Dripper","hubris:Backtick","Durian","Shuriken","Regal Pillow","Self Forming Clay","Potion Belt","Ancient Tea Set","Replay:Bandana","hubris:DuctTape","hubris:MysteriousPyramids"],"acts_visited":["Exordium","TheCity","TheBeyond"],"potions_floor_usage":[41,48,50,50],"damage_taken":[{"damage":0.0,"enemies":"2 Louse","floor":1.0,"turns":2.0},{"damage":3.0,"enemies":"Small Slimes","floor":2.0,"turns":3.0},{"damage":1.0,"enemies":"Cultist","floor":3.0,"turns":4.0},{"damage":6.0,"enemies":"Looter","floor":7.0,"turns":4.0},{"damage":11.0,"enemies":"Replay:BlueRogue","floor":10.0,"turns":4.0},{"damage":2.0,"enemies":"Large Slime","floor":11.0,"turns":5.0},{"damage":12.0,"enemies":"Lagavulin Event","floor":12.0,"turns":5.0},{"damage":26.0,"enemies":"Gremlin Nob","floor":14.0,"turns":4.0},{"damage":42.0,"enemies":"The Guardian","floor":16.0,"turns":14.0},{"damage":0.0,"enemies":"Shell Parasite","floor":18.0,"turns":4.0},{"damage":0.0,"enemies":"Spheric Guardian","floor":20.0,"turns":4.0},{"damage":0.0,"enemies":"Snecko","floor":22.0,"turns":3.0},{"damage":52.0,"enemies":"Gremlin Leader","floor":23.0,"turns":9.0},{"damage":7.0,"enemies":"3 Cultists","floor":25.0,"turns":4.0},{"damage":0.0,"enemies":"Centurion and Healer","floor":27.0,"turns":4.0},{"damage":3.0,"enemies":"Snake Plant","floor":30.0,"turns":3.0},{"damage":0.0,"enemies":"3 Cultists","floor":31.0,"turns":3.0},{"damage":29.0,"enemies":"Automaton","floor":33.0,"turns":8.0},{"damage":8.0,"enemies":"Orb Walker","floor":35.0,"turns":3.0},{"damage":5.0,"enemies":"3 Shapes","floor":36.0,"turns":4.0},{"damage":7.0,"enemies":"Spire Growth","floor":38.0,"turns":3.0},{"damage":9,"enemies":"4 Shapes","floor":39,"turns":6},{"damage":47,"enemies":"Giant Head","floor":41,"turns":8},{"damage":6,"enemies":"Sphere and 2 Shapes","floor":46,"turns":4},{"damage":15,"enemies":"Transient","floor":48,"turns":5},{"damage":54,"enemies":"Time Eater","floor":50,"turns":10}],"seed_played":"-4817855247592373448","potions_obtained":[{"floor":7.0,"key":"Fire Potion"},{"floor":10.0,"key":"ColorlessPotion"},{"floor":11.0,"key":"DistilledChaos"},{"floor":18.0,"key":"Strength Potion"},{"floor":22.0,"key":"PowerPotion"},{"floor":25.0,"key":"Elixir"},{"floor":27.0,"key":"Adrenaline Potion"},{"floor":31.0,"key":"DuplicationPotion"},{"floor":36.0,"key":"BloodPotion"},{"floor":39,"key":"Energy Potion"},{"floor":46,"key":"Regen Potion"},{"floor":47,"key":"Block Potion"}],"is_trial":false,"path_per_floor":["M","M","M","?","$","R","M","R","T","E","M","?","$","E","R","B",null,"M","?","M","?","M","E","R","M","T","M","$","?","M","M","R_BF","B",null,"M","M","?","M","M","R","E","R","T","?","$","M","?","M","R_BF","B",null],"character_chosen":"IRONCLAD","items_purchased":["Nunchaku","Self Forming Clay","Shrug It Off","Exhume+1"],"campfire_rested":0,"item_purchase_floors":[5,28,28,45],"current_hp_per_floor":[80,80,80,73,73,73,73,73,73,68,72,66,66,46,46,10,85,85,85,85,85,85,39,39,38,38,44,44,44,47,53,53,30,85,83,84,81,80,77,77,36,36,36,36,36,36,36,27,66,49],"gold":182,"neow_bonus":"HUNDRED_GOLD","is_daily":false,"chose_seed":false,"campfire_upgraded":5,"win_rate":0.0,"timestamp":1612432008,"path_taken":["M","M","M","?","$","R","M","R","T","E","M","?","$","E","R","BOSS","M","?","M","?","M","E","R","M","T","M","$","?","M","M","R_BF","BOSS","M","M","?","M","M","R","E","R","T","?","$","?","?","M","R_BF","BOSS"],"items_purchased_type":["Relic","Relic","Card","Card"],"build_version":"2020-12-22","purchased_purges":4,"victory":true,"max_hp_per_floor":[80,80,80,80,80,80,80,80,80,80,80,80,80,80,80,80,85,85,85,85,85,85,85,85,85,85,85,85,85,85,85,85,85,85,85,85,81,81,81,81,81,81,81,81,81,81,81,81,81,81],"card_choices":[{"not_picked":["hubris:ReadiedAction","Twin Strike"],"picked":"True Grit","floor":1.0},{"not_picked":["Second Wind","ReplayTheSpireMod:Corrosion Curse"],"picked":"Sword Boomerang","floor":2.0},{"not_picked":["Heavy Blade","Thunderclap"],"picked":"ReplayTheSpireMod:Strike From Hell","floor":3.0},{"not_picked":["Uppercut","Sever Soul"],"picked":"Headbutt","floor":7.0},{"not_picked":["Defy Death","Double Tap"],"picked":"Body Slam","floor":10.0},{"not_picked":["Bloodletting","Sword Boomerang","hubris:ReadiedAction"],"picked":"SKIP","floor":11.0},{"not_picked":["ReplayTheSpireMod:Strike From Hell","Flex","Dual Wield"],"picked":"SKIP","floor":14.0},{"not_picked":["ReplayTheSpireMod:Strike From Hell"],"picked":"SKIP","floor":18.0},{"not_picked":["Perfected Strike"],"picked":"SKIP","floor":20.0},{"not_picked":["Headbutt"],"picked":"SKIP","floor":22.0},{"not_picked":[],"picked":"Clash","floor":23.0},{"not_picked":["Seeing Red"],"picked":"SKIP","floor":25.0},{"not_picked":["hubris:CleavingFinish"],"picked":"SKIP","floor":27.0},{"not_picked":["Dual Wield"],"picked":"SKIP","floor":30.0},{"not_picked":["Shrug It Off"],"picked":"SKIP","floor":31.0},{"not_picked":[],"picked":"Impervious","floor":33.0},{"not_picked":["Infernal Blade"],"picked":"SKIP","floor":35.0},{"not_picked":["True Grit"],"picked":"SKIP","floor":36.0},{"not_picked":[],"picked":"Heavy Blade","floor":38.0},{"not_picked":[],"picked":"Twin Strike+1","floor":39},{"not_picked":["Sever Soul+1"],"picked":"SKIP","floor":41},{"not_picked":[],"picked":"Sever Soul+1","floor":41},{"not_picked":["ReplayReversal"],"picked":"SKIP","floor":46},{"not_picked":["Whirlwind+1"],"picked":"SKIP","floor":48}],"player_experience":955239,"relics_obtained":[{"floor":9.0,"key":"Shovel"},{"floor":10.0,"key":"Pet Ghost"},{"floor":12.0,"key":"Paper Frog"},{"floor":14.0,"key":"Iron Hammer"},{"floor":23.0,"key":"Shuriken"},{"floor":26.0,"key":"Regal Pillow"},{"floor":32.0,"key":"Potion Belt"},{"floor":41,"key":"Ancient Tea Set"},{"floor":42,"key":"Replay:Bandana"},{"floor":43,"key":"hubris:DuctTape"},{"floor":47,"key":"hubris:MysteriousPyramids"}],"event_choices":[{"cards_removed":["Strike_R"],"damage_healed":0.0,"max_hp_gain":0.0,"max_hp_loss":0.0,"gold_gain":0.0,"event_name":"Golden Wing","player_choice":"Card Removal","floor":4.0,"gold_loss":0.0,"damage_taken":7.0},{"damage_healed":0.0,"max_hp_gain":0.0,"max_hp_loss":0.0,"gold_gain":0.0,"event_name":"Dead Adventurer","player_choice":"Searched \u00272\u0027 times","floor":12.0,"gold_loss":0.0,"damage_taken":0.0},{"damage_healed":0.0,"max_hp_gain":0.0,"max_hp_loss":0.0,"gold_gain":100.0,"event_name":"Golden Shrine","player_choice":"Pray","floor":19.0,"gold_loss":0.0,"damage_taken":0.0},{"damage_healed":0.0,"max_hp_gain":0.0,"max_hp_loss":0.0,"gold_gain":0.0,"event_name":"Duplicator","player_choice":"Copied","floor":21.0,"gold_loss":0.0,"damage_taken":0.0,"cards_obtained":["Bash"]},{"damage_healed":0.0,"max_hp_gain":0.0,"max_hp_loss":0.0,"gold_gain":0.0,"event_name":"Upgrade Shrine","player_choice":"Upgraded","floor":29.0,"gold_loss":0.0,"damage_taken":0.0,"cards_upgraded":["Sword Boomerang"]},{"damage_healed":0.0,"max_hp_gain":0.0,"max_hp_loss":4.0,"gold_gain":0.0,"event_name":"Winding Halls","player_choice":"Max HP","floor":37.0,"gold_loss":0.0,"damage_taken":0.0},{"cards_removed":["Defend_R"],"damage_healed":0,"gold_gain":0,"player_choice":"Purged","damage_taken":0,"max_hp_gain":0,"max_hp_loss":0,"event_name":"Purifier","floor":44,"gold_loss":0}],"is_beta":false,"boss_relics":[{"not_picked":["Runic Dome","hubris:ScarierMask"],"picked":"Replay:Grab Bag"},{"not_picked":["Electric Blood","Cursed Key"],"picked":"Busted Crown"},{"not_picked":["hubris:VirtuousBlindfold","Ooze Armor"],"picked":"Coffee Dripper"},{"not_picked":["SacredBark","Astrolabe"],"picked":"hubris:Backtick"},{"not_picked":["Snecko Eye","Replay:Bronze Core","Snecko Heart"]}],"items_purged_floors":[5,13,28,45],"is_endless":false,"potions_floor_spawned":[7,10,11,18,22,25,27,31,36,39,46],"ascension_level":0}}