{"host":"p1xsuo25udtrkbq2","time":1612430048,"event":{"mods":["BaseMod","Colored Map","Googly Eyes","Highlight Path","Minty Spire (QoL Compilation)","Quick Restart","Rare Cards Sparkle","Relic Stats","Slay the Relics Exporter","StSLib","everything is the same but u backflip on backflip"],"gold_per_floor":[115,40,40,52,66,66,95,95,95,108,108,122,141,176,176,250,250,261,351,307,321,331,331,43,74,97,126,126,126],"floor_reached":28,"language":"ENG","playtime":2241,"items_purged":["Strike_G"],"score":500,"play_id":"24b5060e-4abe-41ea-9248-7154346677df","local_time":"20210204041408","is_ascension_mode":true,"campfire_choices":[{"data":"Wraith Form v2","floor":6.0,"key":"SMITH"},{"data":"Deadly Poison","floor":11.0,"key":"SMITH"},{"data":"Concentrate","floor":15.0,"key":"SMITH"},{"floor":23.0,"key":"REST"}],"circlet_count":0,"master_deck":["AscendersBane","Strike_G","Strike_G","Strike_G","Defend_G","Defend_G","Defend_G","Defend_G","Defend_G","Survivor","Neutralize","Malaise+1","Sucker Punch","Wraith Form v2+1","Deadly Poison+1","Slice","Concentrate+1","Acrobatics","Die Die Die","Forethought","Calculated Gamble","Well Laid Plans+1","Underhanded Strike","Blade Dance","Acrobatics","Backflip+1","Night Terror"],"relics":["Ring of the Snake","Meat on the Bone","InkBottle","Singing Bowl","SlaversCollar","Bottled Lightning","Pantograph"],"acts_visited":["Exordium","TheCity"],"potions_floor_usage":[],"damage_taken":[{"damage":0.0,"enemies":"2 Louse","floor":1.0,"turns":4.0},{"damage":5.0,"enemies":"Jaw Worm","floor":4.0,"turns":5.0},{"damage":3.0,"enemies":"Cultist","floor":5.0,"turns":5.0},{"damage":25.0,"enemies":"Gremlin Nob","floor":7.0,"turns":8.0},{"damage":10.0,"enemies":"Blue Slaver","floor":10.0,"turns":6.0},{"damage":0.0,"enemies":"Red Slaver","floor":12.0,"turns":4.0},{"damage":5.0,"enemies":"Large Slime","floor":13.0,"turns":8.0},{"damage":30.0,"enemies":"3 Sentries","floor":14.0,"turns":9.0},{"damage":3.0,"enemies":"Hexaghost","floor":16.0,"turns":10.0},{"damage":17.0,"enemies":"Shell Parasite","floor":18.0,"turns":8.0},{"damage":2.0,"enemies":"2 Thieves","floor":20.0,"turns":5.0},{"damage":18.0,"enemies":"Snake Plant","floor":21.0,"turns":8.0},{"damage":28.0,"enemies":"Snecko","floor":22.0,"turns":9.0},{"damage":28.0,"enemies":"Book of Stabbing","floor":25.0,"turns":9.0},{"damage":16.0,"enemies":"Slavers","floor":27.0,"turns":8.0},{"damage":31,"enemies":"Shelled Parasite and Fungi","floor":28,"turns":3}],"seed_played":"-6896354434456639886","potions_obtained":[{"floor":4.0,"key":"LiquidBronze"},{"floor":10.0,"key":"AttackPotion"},{"floor":14.0,"key":"ColorlessPotion"},{"floor":18.0,"key":"CunningPotion"},{"floor":21.0,"key":"ColorlessPotion"},{"floor":27.0,"key":"SteroidPotion"}],"is_trial":false,"path_per_floor":["M","?","?","M","M","R","E","?","T","M","R","M","M","E","R","B",null,"M","?","M","M","M","R","$","E","T","E","M"],"character_chosen":"THE_SILENT","items_purchased":["Underhanded Strike","Blade Dance","Acrobatics","PowerPotion"],"campfire_rested":1,"item_purchase_floors":[24,24,24,24],"current_hp_per_floor":[59,59,59,54,51,51,26,66,66,56,56,56,51,35,35,44,62,47,29,39,33,19,40,40,24,24,20,0,0],"gold":126,"neow_bonus":"ONE_RANDOM_RARE_CARD","is_daily":false,"chose_seed":false,"campfire_upgraded":3,"win_rate":0.0,"timestamp":1612430048,"path_taken":["M","?","?","?","M","R","E","?","T","?","R","M","M","E","R","BOSS","M","?","M","?","M","R","$","E","T","E","M"],"items_purchased_type":["Card","Card","Card","Potion"],"build_version":"2020-12-22","purchased_purges":1,"victory":false,"max_hp_per_floor":[66,66,66,66,66,66,66,66,66,66,66,66,66,68,68,68,68,70,70,70,70,72,72,72,72,72,72,72,72],"relic_stats":{"Singing Bowl":6,"counters":[16,109],"Pantograph":0,"obtain_stats":[{"SlaversCollar":17,"Singing Bowl":14,"Pantograph":27,"Bottled Lightning":25,"InkBottle":9,"Ring of the Snake":0,"Meat on the Bone":7},{"SlaversCollar":9,"Singing Bowl":8,"Pantograph":15,"Bottled Lightning":14,"InkBottle":4,"Ring of the Snake":0,"Meat on the Bone":4},{"SlaversCollar":59,"Singing Bowl":49,"Pantograph":106,"Bottled Lightning":98,"InkBottle":22,"Ring of the Snake":0,"Meat on the Bone":22}],"InkBottle":[32],"Ring of the Snake":[32],"Meat on the Bone":84},"card_choices":[{"not_picked":["Underhanded Strike","Slice"],"picked":"Sucker Punch","floor":1.0},{"not_picked":["Flechettes","Caltrops"],"picked":"Wraith Form v2","floor":4.0},{"not_picked":["Bane","Underhanded Strike"],"picked":"Deadly Poison","floor":5.0},{"not_picked":["Flying Knee","Quick Slash"],"picked":"Endless Agony","floor":7.0},{"not_picked":["PiercingWail","Underhanded Strike"],"picked":"Slice","floor":10.0},{"not_picked":["Acrobatics","Dodge and Roll"],"picked":"Concentrate","floor":12.0},{"not_picked":["Outmaneuver","Dagger Throw"],"picked":"Acrobatics","floor":13.0},{"not_picked":["Skewer","Quick Slash","Bullet Time"],"picked":"Singing Bowl","floor":14.0},{"not_picked":["Malaise","Corpse Explosion"],"picked":"Die Die Die","floor":16.0},{"not_picked":["Riddle With Holes","Deadly Poison","Caltrops"],"picked":"Singing Bowl","floor":18.0},{"not_picked":["Prepared","Slice"],"picked":"Calculated Gamble","floor":20.0},{"not_picked":["Flying Knee","Blade Dance"],"picked":"Well Laid Plans+1","floor":21.0},{"not_picked":["Slice","Bane","Dodge and Roll"],"picked":"Singing Bowl","floor":22.0},{"not_picked":["Noxious Fumes","Dash"],"picked":"Backflip+1","floor":25.0},{"not_picked":["Acrobatics","Calculated Gamble"],"picked":"Night Terror","floor":27.0}],"player_experience":985699,"relics_obtained":[{"floor":7.0,"key":"Meat on the Bone"},{"floor":9.0,"key":"InkBottle"},{"floor":14.0,"key":"Singing Bowl"},{"floor":25.0,"key":"Bottled Lightning"},{"floor":27.0,"key":"Pantograph"}],"event_choices":[{"cards_removed":["Strike_G"],"damage_healed":0.0,"max_hp_gain":0.0,"max_hp_loss":0.0,"gold_gain":0.0,"event_name":"The Cleric","player_choice":"Card Removal","floor":2.0,"gold_loss":75.0,"damage_taken":0.0},{"damage_healed":0.0,"max_hp_gain":0.0,"max_hp_loss":0.0,"gold_gain":0.0,"event_name":"Upgrade Shrine","player_choice":"Upgraded","floor":3.0,"gold_loss":0.0,"damage_taken":0.0,"cards_upgraded":["Malaise"]},{"cards_removed":["Endless Agony"],"damage_healed":40.0,"max_hp_gain":0.0,"max_hp_loss":0.0,"gold_gain":0.0,"event_name":"Bonfire Elementals","player_choice":"Offered Uncommon","floor":8.0,"gold_loss":0.0,"damage_taken":0.0},{"damage_healed":0.0,"max_hp_gain":0.0,"max_hp_loss":0.0,"gold_gain":90.0,"event_name":"Knowing Skull","player_choice":"CARD GOLD ","floor":19.0,"potions_obtained":[],"gold_loss":0.0,"damage_taken":18.0,"cards_obtained":["Forethought"]}],"is_beta":false,"boss_relics":[{"not_picked":["SacredBark","Black Star"],"picked":"SlaversCollar"}],"items_purged_floors":[24],"is_endless":false,"potions_floor_spawned":[4,10,12,14,18,21,27],"killed_by":"Shelled Parasite and Fungi","ascension_level":17}}