{"host":"h7xtspmc2x3i8s2i","time":1612454872,"event":{"mods":["2.2 Compatiblity","AchievementEnabler","Act Like it!","AlwaysNeverKeys","Aspiration","Astrologer","BaseMod","Bestiary","Better Altar","Better Match","Better Note","Better Sensory Stone","Better Skull","Better Third Choice","Better Vampires","Better-Laid Plans","Colored Map","Colored Powertips","Curses Come First","Defuse TimeMaze Blight","Dio Mod","Disable Question Mark Monsters","Dota2Spire","Downfall","Emptier Cage","Energized Spire","Evolution","Friendly Minions","GifTheSpireLib","Gold Saver","Gremlin Skip","Halation","Hubris","Hyrulean Relics","Jedi Mod","Key Reminder","Marked Mod","Minty Spire (QoL Compilation)","Permanent Neow","Potion Indicator Mod","Quick Restart","Random Character Button","Random Character Mod","Rare Cards Sparkle","Relic Filter","Relic Stats","Reliquary","Replay The Spire","SacredBarkPlus","Shop Mod","Smile Girya","Somnambulant","Spicy Shops","Spikes Relics","Spire Birthday Party","StSLib","Steal the Spire","SuperFastMode","The Awakened One except there are too many feathers","The Cursed","The Death Knight","The Edgeheg","The Problem Sleuth","The Runesmith","The Wild Card","Transform Curses","Uncapped","Unceasing Turn Reminder","Virulent Crown","Wide Potions","everything is the same but u backflip on backflip","slay the spire mod where everything is the same but ironclad has a cowboy hat"],"gold_per_floor":[1058,1070,1170,1183,1200,1235,1252,1252,1320,1320,1320,1330,1330,1360,1360,1465,1465,1475,1276,1276,1226,1246,1275,1275,1305,1305,1305,1333,1333,1353,269,269,269,269],"floor_reached":33,"language":"ENG","playtime":1541,"items_purged":["Runesmith:Strike_RS"],"score":329,"play_id":"9b4f7d34-58bd-44f6-b404-adcfaa858dd1","local_time":"20210204110752","is_ascension_mode":true,"campfire_choices":[{"floor":8,"key":"REST"},{"floor":11,"key":"REST"},{"floor":15,"key":"REST"},{"floor":24,"key":"REST"},{"floor":27,"key":"REST"},{"floor":29,"key":"REST"},{"floor":32,"key":"REST"}],"circlet_count":0,"master_deck":["Runesmith:Strike_RS","Runesmith:Strike_RS","Runesmith:Strike_RS","Runesmith:Defend_RS","Runesmith:Defend_RS","Runesmith:Defend_RS","Runesmith:Defend_RS","Runesmith:CraftFirestone","Runesmith:Fortify","Runesmith:BackupBattery","Runesmith:RuneHurl","Runesmith:PerfectChisel+1","Runesmith:RuneHurl","Flash of Steel","Runesmith:HammerThrow","Runesmith:UnstableHammer","Runesmith:ChaoticBlast+1","Runesmith:GoWithTheFlow","Runesmith:CreatorForm","Mayhem","hubris:EnhanceAbility"],"relics":["Runesmith:BrokenRuby","EVO:Axolotl","reliquary:ExpiredCoupon","Runesmith:MiniCore","keyreminder:keyreminder","reliquary:PrincelyHelmet","Runesmith:AutoHammer","MerchantsRug","reliquary:FerryPass","champ:DeflectingBracers","Mercury Hourglass","reliquary:JackalopeAntler","ReplayTheSpireMod:ShopPack","Medical Kit","Rawhide","reliquary:Stiletto","reliquary:HotPoker","Centennial Puzzle"],"acts_visited":["Exordium","TheCity"],"potions_floor_usage":[5,5,6,12,22,25,28,33],"damage_taken":[{"damage":0,"enemies":"Cultist","floor":1,"turns":4},{"damage":0,"enemies":"2 Louse","floor":2,"turns":3},{"damage":0,"enemies":"Small Slimes","floor":4,"turns":4},{"damage":0,"enemies":"Looter","floor":5,"turns":3},{"damage":20,"enemies":"Lagavulin","floor":6,"turns":8},{"damage":44,"enemies":"Gremlin Gang","floor":7,"turns":6},{"damage":0,"enemies":"Blue Slaver","floor":12,"turns":3},{"damage":18,"enemies":"3 Sentries","floor":14,"turns":8},{"damage":27,"enemies":"The Guardian","floor":16,"turns":16},{"damage":0,"enemies":"Chosen","floor":18,"turns":5},{"damage":21,"enemies":"3 Byrds","floor":22,"turns":5},{"damage":16,"enemies":"Gremlin Leader","floor":23,"turns":7},{"damage":45,"enemies":"Slavers","floor":25,"turns":6},{"damage":36,"enemies":"Book of Stabbing","floor":28,"turns":6},{"damage":29,"enemies":"Centurion and Healer","floor":30,"turns":6},{"damage":43,"enemies":"Collector","floor":33,"turns":6}],"seed_played":"-5347716038585061391","potions_obtained":[{"floor":1,"key":"hexamod:SoulburnPotion"},{"floor":4,"key":"LifebloodPotion"},{"floor":5,"key":"Block Potion"},{"floor":7,"key":"FearPotion"},{"floor":16,"key":"Elixir"},{"floor":23,"key":"Regen Potion"},{"floor":30,"key":"Elixir"}],"is_trial":false,"path_per_floor":["M","M","?","M","M","E","M","R","T","?","R","M","?","E","R","B",null,"M","$","?","?","M","E","R","E","T","R","E","R","M","$","R","B"],"character_chosen":"RUNESMITH_CLASS","items_purchased":["MerchantsRug","Runesmith:UnstableHammer","SkillPotion","ReplayTheSpireMod:ShopPack","Medical Kit","Rawhide","reliquary:Stiletto","reliquary:HotPoker","Centennial Puzzle","PowerPotion"],"campfire_rested":7,"item_purchase_floors":[19,19,19,31,31,31,31,31,31,31],"current_hp_per_floor":[70,70,70,70,70,50,6,27,27,27,48,48,48,30,51,24,70,70,70,70,70,49,33,54,24,24,45,9,30,1,1,22,0,0],"gold":269,"neow_bonus":"RANDOM_COMMON_RELIC","is_daily":false,"chose_seed":false,"campfire_upgraded":0,"win_rate":0.0,"timestamp":1612454872,"path_taken":["M","?","?","M","M","E","?","R","T","?","R","M","?","E","R","BOSS","M","$","?","?","M","E","R","E","T","R","E","R","?","$","R","BOSS"],"items_purchased_type":["Relic","Card","Potion","Relic","Relic","Relic","Relic","Relic","Relic","Potion"],"build_version":"2020-12-22","purchased_purges":1,"victory":false,"max_hp_per_floor":[70,70,70,70,70,70,70,70,70,70,70,70,70,70,70,70,70,70,70,70,70,70,70,70,70,70,70,70,70,70,70,70,70,70],"relic_stats":{"Centennial Puzzle":[3],"counters":[16,96],"Medical Kit":[0],"obtain_stats":[{"MerchantsRug":19,"Runesmith:BrokenRuby":0,"reliquary:PrincelyHelmet":14,"Runesmith:MiniCore":6,"Rawhide":31,"champ:DeflectingBracers":25,"EVO:Axolotl":0,"Medical Kit":31,"reliquary:FerryPass":23,"Mercury Hourglass":26,"keyreminder:keyreminder":6,"reliquary:JackalopeAntler":28,"reliquary:ExpiredCoupon":0,"reliquary:HotPoker":31,"Centennial Puzzle":31,"hubris:Backtick":17,"reliquary:Stiletto":31,"Runesmith:AutoHammer":17,"ReplayTheSpireMod:ShopPack":31},{"MerchantsRug":10,"Runesmith:BrokenRuby":0,"reliquary:PrincelyHelmet":8,"Runesmith:MiniCore":5,"Rawhide":15,"champ:DeflectingBracers":13,"EVO:Axolotl":0,"Medical Kit":15,"reliquary:FerryPass":12,"Mercury Hourglass":13,"keyreminder:keyreminder":5,"reliquary:JackalopeAntler":14,"reliquary:ExpiredCoupon":0,"reliquary:HotPoker":15,"Centennial Puzzle":15,"hubris:Backtick":9,"reliquary:Stiletto":15,"Runesmith:AutoHammer":9,"ReplayTheSpireMod:ShopPack":15},{"MerchantsRug":60,"Runesmith:BrokenRuby":0,"reliquary:PrincelyHelmet":39,"Runesmith:MiniCore":22,"Rawhide":90,"champ:DeflectingBracers":78,"EVO:Axolotl":0,"Medical Kit":90,"reliquary:FerryPass":72,"Mercury Hourglass":78,"keyreminder:keyreminder":22,"reliquary:JackalopeAntler":84,"reliquary:ExpiredCoupon":0,"reliquary:HotPoker":90,"Centennial Puzzle":90,"hubris:Backtick":55,"reliquary:Stiletto":90,"Runesmith:AutoHammer":55,"ReplayTheSpireMod:ShopPack":90}],"Mercury Hourglass":[81]},"card_choices":[{"not_picked":["Runesmith:FieryHammer","Runesmith:Superposition","Runesmith:HeatedChisel"],"picked":"SKIP","floor":1},{"not_picked":["Runesmith:Firestorm","Runesmith:CraftMagma"],"picked":"Runesmith:BackupBattery","floor":2},{"not_picked":["Runesmith:Malloc","Runesmith:WhiteBalance","Runesmith:Repurpose"],"picked":"SKIP","floor":4},{"not_picked":["Runesmith:ChiselStab","Runesmith:HammerThrow"],"picked":"Runesmith:RuneHurl","floor":5},{"not_picked":["Runesmith:Grindstone","Runesmith:ShiftingStrike"],"picked":"Runesmith:PerfectChisel","floor":6},{"not_picked":["Runesmith:Reinforce","Runesmith:CraftVitae"],"picked":"Runesmith:RuneHurl","floor":7},{"not_picked":["Blind","Good Instincts"],"picked":"Flash of Steel","floor":10},{"not_picked":["Runesmith:Supernova","Runesmith:CraftMagma"],"picked":"Runesmith:HammerThrow","floor":12},{"not_picked":["Runesmith:NegativeSpace","Runesmith:Terraform","Runesmith:Duplicate"],"picked":"SKIP","floor":14},{"not_picked":["Runesmith:MakeshiftArmor","Runesmith:HeatedChisel","Runesmith:EnergizedChisel+1"],"picked":"SKIP","floor":18},{"not_picked":["Runesmith:ShiftingStrike+1","Runesmith:Overpower"],"picked":"Runesmith:ChaoticBlast+1","floor":22},{"not_picked":["Runesmith:Terraform","Runesmith:CraftIncendium"],"picked":"Runesmith:GoWithTheFlow","floor":23},{"not_picked":["Runesmith:EarthShield","Runesmith:CraftMagma","Runesmith:MakeshiftArmor"],"picked":"SKIP","floor":25},{"not_picked":["Runesmith:Overpower","Runesmith:Retool"],"picked":"Runesmith:CreatorForm","floor":28},{"not_picked":["Runesmith:EarthShield","Runesmith:StaticCage","Runesmith:Electrocute"],"picked":"SKIP","floor":30},{"not_picked":["Master of Strategy","Chrysalis"],"picked":"Mayhem","floor":31},{"not_picked":["Secret Weapon","Violence"],"picked":"hubris:EnhanceAbility","floor":31}],"player_experience":362042,"relics_obtained":[{"floor":6,"key":"Runesmith:MiniCore"},{"floor":14,"key":"reliquary:PrincelyHelmet"},{"floor":23,"key":"reliquary:FerryPass"},{"floor":25,"key":"champ:DeflectingBracers"},{"floor":26,"key":"Mercury Hourglass"},{"floor":28,"key":"reliquary:JackalopeAntler"}],"event_choices":[{"damage_healed":0,"gold_gain":100,"player_choice":"Pray","damage_taken":0,"max_hp_gain":0,"max_hp_loss":0,"event_name":"Golden Shrine","floor":3,"gold_loss":0},{"damage_healed":0,"gold_gain":1,"player_choice":"1","damage_taken":0,"max_hp_gain":0,"max_hp_loss":0,"event_name":"betterStone:BetterStone","floor":10,"gold_loss":0},{"damage_healed":0,"gold_gain":0,"player_choice":"Bet on Murderer","damage_taken":0,"max_hp_gain":0,"max_hp_loss":0,"event_name":"The Joust","floor":21,"gold_loss":50}],"is_beta":false,"boss_relics":[{"not_picked":["Calling Bell","Painkiller Herb"],"picked":"hubris:Backtick"}],"items_purged_floors":[19],"is_endless":false,"potions_floor_spawned":[1,4,5,7,16,23,30],"killed_by":"Collector","ascension_level":1}}