{"host":"sxnl403xm2xmiyj1","time":1612431624,"event":{"mods":["AchievementEnabler","BaseMod","Colored Map","Keyboard Shortcuts","Minty Spire (QoL Compilation)","Quick Restart","StSLib","SuperFastMode"],"gold_per_floor":[110,123,137,147,127,127,137,172,172,189,209,209,235,247,247,345,345,361,361,16,29,129,129,159,159,232,232,246,260,293,293,293,397,397,414,426,59,109,109,141,141,167,167,185,185,195,214,46,46,46],"floor_reached":51,"language":"KOR","playtime":966,"items_purged":["Strike_R"],"score":1022,"play_id":"8e77ba44-6ad6-4da0-ae66-6649eef3b730","local_time":"20210204184024","is_ascension_mode":true,"campfire_choices":[{"data":"Fire Breathing","floor":6.0,"key":"SMITH"},{"data":"Metallicize","floor":12.0,"key":"SMITH"},{"data":"Inflame","floor":15.0,"key":"SMITH"},{"data":"Evolve","floor":23.0,"key":"SMITH"},{"floor":25.0,"key":"RECALL"},{"data":"Feed","floor":27.0,"key":"SMITH"},{"data":"Feed","floor":32.0,"key":"SMITH"},{"data":"Fire Breathing","floor":41.0,"key":"SMITH"},{"data":"Metallicize","floor":45.0,"key":"SMITH"},{"data":"Feel No Pain","floor":49,"key":"SMITH"}],"circlet_count":0,"master_deck":["Strike_R","Strike_R","Strike_R","Strike_R","Defend_R","Defend_R","Defend_R","Defend_R","Bash","Feed+1","Fire Breathing+1","Inflame+1","Wild Strike","Headbutt","Immolate","Metallicize+1","Reckless Charge","Feed+1","Evolve+1","Writhe","Flash of Steel","Wild Strike","Immolate","True Grit+1","Fire Breathing+1","Metallicize+1","Intimidate+1","Sever Soul+1","Feel No Pain+1","Shrug It Off"],"relics":["Burning Blood","Singing Bowl","MealTicket","Pen Nib","Coffee Dripper","StrikeDummy","Meat on the Bone","Lizard Tail","Shuriken","Nunchaku","Pantograph","Sozu","Vajra","Juzu Bracelet","Gambling Chip","Bottled Flame","Orichalcum","Mummified Hand"],"acts_visited":["Exordium","TheCity","TheBeyond"],"potions_floor_usage":[50],"damage_taken":[{"damage":12.0,"enemies":"Small Slimes","floor":1.0,"turns":3.0},{"damage":1.0,"enemies":"Cultist","floor":2.0,"turns":3.0},{"damage":20.0,"enemies":"Jaw Worm","floor":3.0,"turns":5.0},{"damage":14.0,"enemies":"Exordium Wildlife","floor":4.0,"turns":4.0},{"damage":16.0,"enemies":"Gremlin Gang","floor":7.0,"turns":4.0},{"damage":10.0,"enemies":"3 Sentries","floor":8.0,"turns":4.0},{"damage":20.0,"enemies":"Large Slime","floor":10.0,"turns":5.0},{"damage":0.0,"enemies":"3 Louse","floor":11.0,"turns":2.0},{"damage":27.0,"enemies":"Gremlin Nob","floor":13.0,"turns":5.0},{"damage":14.0,"enemies":"Exordium Thugs","floor":14.0,"turns":2.0},{"damage":11.0,"enemies":"Hexaghost","floor":16.0,"turns":7.0},{"damage":27.0,"enemies":"2 Thieves","floor":18.0,"turns":4.0},{"damage":41.0,"enemies":"3 Byrds","floor":21.0,"turns":6.0},{"damage":50.0,"enemies":"Book of Stabbing","floor":24.0,"turns":4.0},{"damage":6.0,"enemies":"Centurion and Healer","floor":28.0,"turns":7.0},{"damage":21.0,"enemies":"Snake Plant","floor":29.0,"turns":4.0},{"damage":28.0,"enemies":"Gremlin Leader","floor":30.0,"turns":5.0},{"damage":28.0,"enemies":"Collector","floor":33.0,"turns":6.0},{"damage":16.0,"enemies":"3 Shapes","floor":35.0,"turns":3.0},{"damage":45.0,"enemies":"3 Darklings","floor":36.0,"turns":4.0},{"damage":0.0,"enemies":"Mind Bloom Boss Battle","floor":38.0,"turns":5.0},{"damage":28.0,"enemies":"Nemesis","floor":40.0,"turns":5.0},{"damage":112.0,"enemies":"Giant Head","floor":42.0,"turns":8.0},{"damage":15.0,"enemies":"Spire Growth","floor":44.0,"turns":3.0},{"damage":20,"enemies":"Maw","floor":46,"turns":5},{"damage":0,"enemies":"Jaw Worm Horde","floor":47,"turns":2},{"damage":58,"enemies":"Time Eater","floor":50,"turns":8}],"seed_played":"-5060081678052898877","potions_obtained":[{"floor":3.0,"key":"Swift Potion"},{"floor":5.0,"key":"Fire Potion"},{"floor":7.0,"key":"SkillPotion"},{"floor":8.0,"key":"LiquidMemories"},{"floor":11.0,"key":"EssenceOfSteel"},{"floor":14.0,"key":"Ancient Potion"},{"floor":18.0,"key":"SpeedPotion"},{"floor":28.0,"key":"DistilledChaos"},{"floor":33.0,"key":"Weak Potion"}],"is_trial":false,"path_per_floor":["M","M","M","M","?","R","M","E","T","M","M","R","E","M","R","B",null,"M","?","$","M","?","R","E","R","T","R","M","M","E","T","R","B",null,"M","M","$","?","?","E","R","E","T","M","R","M","M","$","R","B",null],"character_chosen":"IRONCLAD","items_purchased":["Meat on the Bone","Flash of Steel","Fire Breathing","Vajra","Juzu Bracelet","Feel No Pain","Shrug It Off"],"campfire_rested":0,"item_purchase_floors":[20,20,37,37,37,48,48],"current_hp_per_floor":[69,77,66,61,61,61,54,52,52,40,49,49,30,22,22,17,82,67,67,82,67,67,67,37,37,37,37,53,56,48,48,48,63,115,115,88,103,140,148,128,128,34,34,37,37,35,59,74,74,59],"gold":46,"neow_bonus":"ONE_RANDOM_RARE_CARD","is_daily":false,"chose_seed":false,"campfire_upgraded":9,"win_rate":0.0,"timestamp":1612431624,"path_taken":["M","M","M","M","?","R","M","E","T","M","?","R","E","M","R","BOSS","M","?","$","M","?","R","E","R","T","R","?","M","E","?","R","BOSS","M","M","$","?","?","E","R","E","T","M","R","M","M","?","R","BOSS"],"items_purchased_type":["Relic","Card","Card","Relic","Relic","Card","Card"],"build_version":"2020-12-22","purchased_purges":1,"victory":true,"max_hp_per_floor":[83,86,89,92,92,92,95,97,97,99,102,102,104,104,104,104,104,110,110,110,118,118,118,120,120,120,120,124,130,132,132,132,132,132,142,142,142,148,148,150,150,150,150,150,150,150,156,156,156,156],"card_choices":[{"not_picked":["Heavy Blade","Wild Strike"],"picked":"Fire Breathing","floor":1.0},{"not_picked":["Blood for Blood","Body Slam"],"picked":"Inflame","floor":2.0},{"not_picked":["Flex","Clothesline"],"picked":"Wild Strike","floor":3.0},{"not_picked":["Twin Strike","Flex"],"picked":"Headbutt","floor":4.0},{"not_picked":["Iron Wave","Anger"],"picked":"Immolate","floor":7.0},{"not_picked":["Dual Wield","Rupture","Anger"],"picked":"Singing Bowl","floor":8.0},{"not_picked":["Pommel Strike","Armaments","Dropkick"],"picked":"Singing Bowl","floor":10.0},{"not_picked":["Thunderclap","Dual Wield"],"picked":"Metallicize","floor":11.0},{"not_picked":["Rupture","Berserk","Bloodletting"],"picked":"Singing Bowl","floor":13.0},{"not_picked":["True Grit","Sword Boomerang"],"picked":"Reckless Charge","floor":14.0},{"not_picked":["Double Tap","Brutality"],"picked":"Feed","floor":16.0},{"not_picked":["Spot Weakness","Cleave"],"picked":"Evolve","floor":18.0},{"not_picked":["Clothesline","Pummel+1","Bloodletting+1"],"picked":"Singing Bowl","floor":21.0},{"not_picked":["Reaper","Iron Wave","Bludgeon"],"picked":"Singing Bowl","floor":24.0},{"not_picked":["Warcry+1","Anger+1"],"picked":"Wild Strike","floor":28.0},{"not_picked":["Sentinel+1","Flex","Thunderclap"],"picked":"Singing Bowl","floor":29.0},{"not_picked":["Dual Wield","Body Slam","Carnage"],"picked":"Singing Bowl","floor":30.0},{"not_picked":["Brutality","Barricade"],"picked":"Immolate","floor":33.0},{"not_picked":["Entrench+1","Uppercut","Warcry"],"picked":"Singing Bowl","floor":35.0},{"not_picked":["Dark Embrace","Rampage+1"],"picked":"True Grit+1","floor":36.0},{"not_picked":["Armaments","Iron Wave+1","Anger+1"],"picked":"Singing Bowl","floor":38.0},{"not_picked":["Clash","Shrug It Off","Heavy Blade+1"],"picked":"Singing Bowl","floor":40.0},{"not_picked":["Warcry","Flex+1"],"picked":"Metallicize","floor":42.0},{"not_picked":["Pommel Strike+1","Thunderclap+1"],"picked":"Intimidate+1","floor":44.0},{"not_picked":["Iron Wave+1","Reaper"],"picked":"Sever Soul+1","floor":46},{"not_picked":["Sword Boomerang+1","Cleave+1","Clothesline+1"],"picked":"Singing Bowl","floor":47}],"player_experience":188180,"relics_obtained":[{"floor":8.0,"key":"Singing Bowl"},{"floor":9.0,"key":"MealTicket"},{"floor":13.0,"key":"Pen Nib"},{"floor":24.0,"key":"Lizard Tail"},{"floor":26.0,"key":"Shuriken"},{"floor":30.0,"key":"Nunchaku"},{"floor":31.0,"key":"Pantograph"},{"floor":38.0,"key":"Gambling Chip"},{"floor":40.0,"key":"Bottled Flame"},{"floor":42.0,"key":"Orichalcum"},{"floor":43.0,"key":"Mummified Hand"}],"event_choices":[{"damage_healed":0.0,"max_hp_gain":0.0,"max_hp_loss":0.0,"gold_gain":0.0,"event_name":"The Woman in Blue","player_choice":"Bought 1 Potion","floor":5.0,"gold_loss":0.0,"damage_taken":0.0},{"damage_healed":0.0,"max_hp_gain":0.0,"max_hp_loss":0.0,"gold_gain":0.0,"event_name":"The Mausoleum","player_choice":"Opened","floor":19.0,"gold_loss":0.0,"damage_taken":0.0,"relics_obtained":["StrikeDummy"],"cards_obtained":["Writhe"]},{"damage_healed":0.0,"max_hp_gain":0.0,"max_hp_loss":0.0,"gold_gain":100.0,"event_name":"Golden Shrine","player_choice":"Pray","floor":22.0,"gold_loss":0.0,"damage_taken":0.0},{"damage_healed":0.0,"max_hp_gain":0.0,"max_hp_loss":0.0,"gold_gain":0.0,"event_name":"MindBloom","player_choice":"Fight","floor":38.0,"gold_loss":0.0,"damage_taken":0.0},{"damage_healed":8.0,"max_hp_gain":0.0,"max_hp_loss":0.0,"gold_gain":0.0,"event_name":"Wheel of Change","player_choice":"Full Heal","floor":39.0,"gold_loss":0.0,"damage_taken":0.0}],"is_beta":false,"boss_relics":[{"not_picked":["Astrolabe","Tiny House"],"picked":"Coffee Dripper"},{"not_picked":["Runic Pyramid","Velvet Choker"],"picked":"Sozu"}],"items_purged_floors":[48],"is_endless":false,"potions_floor_spawned":[3,7,8,11,14,18,28,33,40,42,46,47],"ascension_level":6}}