{"host":"5mo0809oo9tcrmpl","time":1612408770,"event":{"mods":["BaseMod","Highlight Path","Minty Spire (QoL Compilation)","Relic Stats","Slay the Relics Exporter"],"gold_per_floor":[116,41,41,62,81,81,101,141,141,172,172,190,210,234,234,234,234],"floor_reached":16,"language":"ENG","playtime":589,"items_purged":[],"score":228,"play_id":"33fef734-9b67-456f-b3ee-85b8d3a32fc5","local_time":"20210203211930","is_ascension_mode":true,"campfire_choices":[{"data":"Armaments","floor":6.0,"key":"SMITH"},{"data":"Pommel Strike","floor":11.0,"key":"SMITH"},{"data":"Cleave","floor":15,"key":"SMITH"}],"circlet_count":0,"master_deck":["AscendersBane","Strike_R","Strike_R","Strike_R","Strike_R","Defend_R","Defend_R","Defend_R","Defend_R","Bash","Heavy Blade","Pommel Strike+1","Armaments+1","Ghostly Armor","Cleave+1","Bloodletting","Ghostly Armor"],"relics":["Burning Blood","Golden Idol","Art of War","Strawberry","Kunai"],"acts_visited":["Exordium"],"potions_floor_usage":[16,16],"damage_taken":[{"damage":16.0,"enemies":"Small Slimes","floor":1.0,"turns":5.0},{"damage":0.0,"enemies":"2 Louse","floor":4.0,"turns":2.0},{"damage":7.0,"enemies":"Jaw Worm","floor":5.0,"turns":3.0},{"damage":15.0,"enemies":"Large Slime","floor":7.0,"turns":7.0},{"damage":50.0,"enemies":"3 Sentries","floor":8.0,"turns":12.0},{"damage":8.0,"enemies":"Gremlin Nob","floor":10.0,"turns":3.0},{"damage":11,"enemies":"Looter","floor":12,"turns":3},{"damage":8,"enemies":"Blue Slaver","floor":13,"turns":4},{"damage":1,"enemies":"2 Fungi Beasts","floor":14,"turns":4},{"damage":29,"enemies":"Slime Boss","floor":16,"turns":6}],"seed_played":"-7486425786680566100","potions_obtained":[{"floor":7.0,"key":"Fruit Juice"},{"floor":8.0,"key":"ColorlessPotion"},{"floor":10.0,"key":"CultistPotion"},{"floor":12,"key":"Energy Potion"},{"floor":13,"key":"PowerPotion"}],"is_trial":false,"path_per_floor":["M","?","?","M","M","R","M","E","T","E","R","M","M","M","R","B"],"character_chosen":"IRONCLAD","items_purchased":[],"campfire_rested":0,"item_purchase_floors":[],"current_hp_per_floor":[65,65,65,71,70,70,61,22,29,27,27,22,20,25,25,0,0],"gold":234,"neow_bonus":"TEN_PERCENT_HP_BONUS","is_daily":false,"chose_seed":false,"campfire_upgraded":3,"win_rate":0.0,"timestamp":1612408770,"path_taken":["M","?","?","M","M","R","M","E","T","E","R","M","M","M","R","BOSS"],"items_purchased_type":[],"build_version":"2020-12-22","purchased_purges":0,"victory":false,"max_hp_per_floor":[82,82,74,74,74,74,74,79,86,86,86,86,86,86,86,86,86],"relic_stats":{"counters":[10,49],"Golden Idol":39,"Art of War":[3],"Kunai":[4],"obtain_stats":[{"Golden Idol":3,"Strawberry":9,"Art of War":8,"Kunai":10,"Burning Blood":0},{"Golden Idol":1,"Strawberry":5,"Art of War":5,"Kunai":6,"Burning Blood":0},{"Golden Idol":5,"Strawberry":29,"Art of War":29,"Kunai":32,"Burning Blood":0}],"Burning Blood":54},"card_choices":[{"not_picked":["Sword Boomerang","Armaments"],"picked":"Heavy Blade","floor":1.0},{"not_picked":["Sword Boomerang","Evolve"],"picked":"Pommel Strike","floor":4.0},{"not_picked":["Carnage","Flex"],"picked":"Armaments","floor":5.0},{"not_picked":["Battle Trance","Flame Barrier"],"picked":"Ghostly Armor","floor":7.0},{"not_picked":["Disarm","Power Through"],"picked":"Cleave","floor":8.0},{"not_picked":["Reaper","Perfected Strike"],"picked":"Bloodletting","floor":10.0},{"not_picked":["Wild Strike","Headbutt"],"picked":"Ghostly Armor","floor":12},{"not_picked":["Cleave","Havoc","Clash"],"picked":"SKIP","floor":13},{"not_picked":["Infernal Blade","Warcry","Flex"],"picked":"SKIP","floor":14}],"player_experience":1238264,"relics_obtained":[{"floor":8.0,"key":"Art of War"},{"floor":9.0,"key":"Strawberry"},{"floor":10.0,"key":"Kunai"}],"event_choices":[{"cards_removed":["Strike_R"],"damage_healed":0.0,"max_hp_gain":0.0,"max_hp_loss":0.0,"gold_gain":0.0,"event_name":"The Cleric","player_choice":"Card Removal","floor":2.0,"gold_loss":75.0,"damage_taken":0.0},{"damage_healed":0.0,"max_hp_gain":0.0,"max_hp_loss":8.0,"gold_gain":0.0,"event_name":"Golden Idol","player_choice":"Lose Max HP","floor":3.0,"gold_loss":0.0,"damage_taken":0.0,"relics_obtained":["Golden Idol"]}],"is_beta":false,"boss_relics":[],"items_purged_floors":[],"is_endless":false,"potions_floor_spawned":[7,8,10,12,13,14],"killed_by":"Slime Boss","ascension_level":20}}