{"host":"9kesdg97wkrx2bva","time":1612477285,"event":{"mods":["AchievementEnabler","BaseMod","Colored Map","GifTheSpireLib","Infinite Spire","Minty Spire (QoL Compilation)","Replay The Spire","StSLib"],"gold_per_floor":[117,42,52,52,67,100,100,114,114,114,114,114,114,169,169,259,259,284,56,75,25,44,44,44,44],"floor_reached":24,"language":"ENG","playtime":686,"items_purged":["Strike_B","Strike_B"],"score":464,"play_id":"96819560-7ecb-4218-a31d-cd16c7899485","local_time":"20210204162125","is_ascension_mode":true,"campfire_choices":[{"data":"Mirror Shield","floor":7,"key":"SMITH"},{"data":"Zap","floor":10,"key":"SMITH"},{"floor":13,"key":"REST"},{"floor":15,"key":"REST"},{"floor":23,"key":"REST"}],"circlet_count":0,"master_deck":["AscendersBane","Strike_B","Defend_B+1","Defend_B+1","Defend_B+1","Defend_B+1","Zap+1","Dualcast","Mirror Shield+1","Compile Driver","Hologram","Streamline+1","Barrage","Cold Snap","Ball Lightning","Biased Cognition","Beam Cell","Loop","ReplayGash","Scrape","Hologram","Self Repair"],"relics":["Cracked Core","Replay:Bottled Eggs","Mummified Hand","Golden Idol","Tiny Chest","Black Star","BargainBundle"],"acts_visited":["Exordium","TheCity"],"potions_floor_usage":[6,6,16,20,22],"damage_taken":[{"damage":0,"enemies":"Cultist","floor":1,"turns":3},{"damage":0,"enemies":"2 Louse","floor":3,"turns":3},{"damage":2,"enemies":"Jaw Worm","floor":5,"turns":3},{"damage":19,"enemies":"3 Sentries","floor":6,"turns":9},{"damage":2,"enemies":"Looter","floor":8,"turns":3},{"damage":12,"enemies":"Slime Boss","floor":16,"turns":3},{"damage":2,"enemies":"Chosen","floor":18,"turns":4},{"damage":25,"enemies":"Shell Parasite","floor":20,"turns":4},{"damage":20,"enemies":"Cultist and Chosen","floor":22,"turns":7},{"damage":39,"enemies":"Nightmare","floor":24,"turns":8}],"seed_played":"2237330191617662248","potions_obtained":[{"floor":1,"key":"Swift Potion"},{"floor":3,"key":"Milkshake"},{"floor":8,"key":"Death Potion"},{"floor":16,"key":"Milkshake"},{"floor":20,"key":"PotionOfCapacity"},{"floor":22,"key":"Explosive Potion"}],"is_trial":false,"path_per_floor":["M","$","M","?","M","E","R","M","T","R","?","?","R","?","R","B",null,"M","$","M","?","M","R","NM"],"character_chosen":"DEFECT","items_purchased":["BargainBundle","Loop","ReplayGash","Scrape","Adrenaline Potion","EssenceOfSteel"],"campfire_rested":3,"item_purchase_floors":[19,19,19,19,19,19],"current_hp_per_floor":[64,64,64,64,62,43,43,41,41,41,41,6,25,25,44,32,56,54,54,29,29,9,28,0,0],"gold":44,"neow_bonus":"ONE_RANDOM_RARE_CARD","is_daily":false,"chose_seed":false,"campfire_upgraded":2,"win_rate":0.0,"timestamp":1612477285,"path_taken":["M","$","?","?","M","E","R","M","T","R","?","?","R","?","R","BOSS","M","$","M","?","?","R","NM"],"items_purchased_type":["Relic","Card","Card","Card","Potion","Potion"],"build_version":"2020-12-22","purchased_purges":2,"victory":false,"max_hp_per_floor":[71,71,71,71,71,71,71,71,71,71,64,64,64,64,64,64,64,64,64,64,64,64,64,64,64],"card_choices":[{"not_picked":["Aggregate","Turbo"],"picked":"Compile Driver","floor":1},{"not_picked":["Undo","Coolheaded"],"picked":"Hologram","floor":3},{"not_picked":["Turbo","Genetic Algorithm"],"picked":"Barrage","floor":5},{"not_picked":["Cold Snap","Leap","Stack"],"picked":"SKIP","floor":6},{"not_picked":["Leap","Stack"],"picked":"Cold Snap","floor":6},{"not_picked":["Beam Cell","Conserve Battery"],"picked":"Ball Lightning","floor":8},{"not_picked":["Seek","Amplify"],"picked":"Biased Cognition","floor":16},{"not_picked":["Panic Button+1","Compile Driver"],"picked":"Beam Cell","floor":18},{"not_picked":["Stack","Ball Lightning"],"picked":"Hologram","floor":20},{"not_picked":["Barrage","Biased Cognition"],"picked":"Self Repair","floor":22}],"player_experience":1008257,"relics_obtained":[{"floor":6,"key":"Replay:Bottled Eggs"},{"floor":9,"key":"Mummified Hand"}],"event_choices":[{"damage_healed":0,"gold_gain":0,"player_choice":"Lose Max HP","damage_taken":0,"relics_obtained":["Golden Idol"],"max_hp_gain":0,"max_hp_loss":7,"event_name":"Golden Idol","floor":11,"gold_loss":0},{"damage_healed":0,"gold_gain":0,"player_choice":"Success","damage_taken":35,"relics_obtained":["Tiny Chest"],"max_hp_gain":0,"max_hp_loss":0,"event_name":"Scrap Ooze","floor":12,"gold_loss":0},{"damage_healed":0,"gold_gain":55,"player_choice":"Gained Gold","damage_taken":0,"max_hp_gain":0,"max_hp_loss":0,"event_name":"Golden Wing","floor":14,"gold_loss":0},{"damage_healed":0,"gold_gain":0,"player_choice":"Bet on Murderer","damage_taken":0,"max_hp_gain":0,"max_hp_loss":0,"event_name":"The Joust","floor":21,"gold_loss":50}],"is_beta":false,"boss_relics":[{"not_picked":["Painkiller Herb","FrozenCore"],"picked":"Black Star"}],"items_purged_floors":[2,19],"is_endless":false,"potions_floor_spawned":[1,3,8,16,20,22],"killed_by":"Nightmare","ascension_level":18}}