{"host":"mi0eibewekhugwl1","time":1612430672,"event":{"mods":["AchievementEnabler","BaseMod","Colored Map","Colored Powertips","DeckTracker","Keyboard Shortcuts","Minty Spire (QoL Compilation)","Quick Restart","Rare Cards Sparkle","Relic Stats","StSLib","SuperFastMode","everything is the same but u backflip on backflip"],"gold_per_floor":[117,117,117,142,155,193,193,274,274,301,301,324,340,61,61,152,152,166,166,191,191,191],"floor_reached":21,"language":"KOR","playtime":344,"items_purged":["Strike_P"],"score":358,"play_id":"2eec2f27-2170-4f24-a93f-ab75a9221cac","local_time":"20210204182432","is_ascension_mode":true,"campfire_choices":[{"data":"Eruption","floor":7,"key":"SMITH"},{"data":"Vault","floor":11,"key":"SMITH"},{"data":"MentalFortress","floor":15,"key":"SMITH"}],"circlet_count":0,"master_deck":["AscendersBane","Strike_P","Strike_P","Strike_P","Defend_P+1","Defend_P","Defend_P","Eruption+1","Vigilance","MentalFortress+1","SignatureMove","Vault+1","EmptyFist","Tantrum","Adaptation+1","LessonLearned","TalkToTheHand","WindmillStrike"],"relics":["PureWater","NeowsBlessing","Golden Idol","Meat on the Bone","Potion Belt","Frozen Egg 2","Membership Card","Black Star"],"acts_visited":["Exordium","TheCity"],"potions_floor_usage":[8,12,16,18],"damage_taken":[{"damage":0,"enemies":"Jaw Worm","floor":1,"turns":1},{"damage":0,"enemies":"2 Louse","floor":4,"turns":1},{"damage":0,"enemies":"Cultist","floor":5,"turns":1},{"damage":16,"enemies":"Gremlin Nob","floor":6,"turns":3},{"damage":0,"enemies":"Gremlin Nob","floor":8,"turns":2},{"damage":1,"enemies":"Blue Slaver","floor":12,"turns":4},{"damage":11,"enemies":"Exordium Wildlife","floor":13,"turns":5},{"damage":39,"enemies":"Hexaghost","floor":16,"turns":10},{"damage":16,"enemies":"Shell Parasite","floor":18,"turns":4},{"damage":0,"enemies":"Chosen","floor":20,"turns":5},{"damage":41,"enemies":"Sentry and Sphere","floor":21,"turns":4}],"seed_played":"-4454116434996720765","potions_obtained":[{"floor":4,"key":"Block Potion"},{"floor":5,"key":"Strength Potion"},{"floor":13,"key":"EssenceOfSteel"},{"floor":16,"key":"BottledMiracle"}],"is_trial":false,"path_per_floor":["M","?","?","M","M","E","R","?","T","T","R","M","M","$","R","B",null,"M","?","M","M"],"character_chosen":"WATCHER","items_purchased":["Membership Card","Adaptation+1","PowerPotion"],"campfire_rested":0,"item_purchase_floors":[14,14,14],"current_hp_per_floor":[61,38,38,38,38,22,22,34,34,34,34,45,46,46,46,19,56,40,40,40,0,0],"gold":191,"neow_bonus":"THREE_ENEMY_KILL","is_daily":false,"chose_seed":false,"campfire_upgraded":3,"win_rate":0.0,"timestamp":1612430672,"path_taken":["M","?","?","M","?","E","R","?","T","?","R","M","M","$","R","BOSS","M","?","M","M"],"items_purchased_type":["Relic","Card","Potion"],"build_version":"2020-12-22","purchased_purges":1,"victory":false,"max_hp_per_floor":[68,68,68,68,68,68,68,68,68,68,68,68,68,68,68,68,68,68,68,68,68,68],"relic_stats":{"counters":[11,40],"Golden Idol":75,"Black Star":0,"obtain_stats":[{"Potion Belt":8,"NeowsBlessing":0,"Golden Idol":2,"Black Star":17,"Membership Card":14,"PureWater":0,"Frozen Egg 2":9,"Meat on the Bone":6},{"Potion Belt":5,"NeowsBlessing":0,"Golden Idol":1,"Black Star":8,"Membership Card":7,"PureWater":0,"Frozen Egg 2":5,"Meat on the Bone":4},{"Potion Belt":8,"NeowsBlessing":0,"Golden Idol":1,"Black Star":27,"Membership Card":17,"PureWater":0,"Frozen Egg 2":8,"Meat on the Bone":6}],"Meat on the Bone":48},"card_choices":[{"not_picked":["CutThroughFate","Indignation","JustLucky"],"picked":"SKIP","floor":1},{"not_picked":["PathToVictory","Indignation"],"picked":"MentalFortress","floor":4},{"not_picked":["Evaluate","EmptyFist"],"picked":"SignatureMove","floor":5},{"not_picked":["WreathOfFlame","ClearTheMind"],"picked":"Vault","floor":6},{"not_picked":["Protect","Crescendo"],"picked":"EmptyFist","floor":8},{"not_picked":["FlyingSleeves","Collect","Halt"],"picked":"SKIP","floor":12},{"not_picked":["ThirdEye","SandsOfTime"],"picked":"Tantrum","floor":13},{"not_picked":["Wish","Establishment+1"],"picked":"LessonLearned","floor":16},{"not_picked":["FlyingSleeves","CutThroughFate"],"picked":"TalkToTheHand","floor":18},{"not_picked":["WreathOfFlame","EmptyBody"],"picked":"WindmillStrike","floor":20}],"player_experience":1782445,"relics_obtained":[{"floor":6,"key":"Meat on the Bone"},{"floor":8,"key":"Potion Belt"},{"floor":9,"key":"Frozen Egg 2"}],"event_choices":[{"damage_healed":0,"gold_gain":0,"player_choice":"Take Damage","damage_taken":23,"relics_obtained":["Golden Idol"],"max_hp_gain":0,"max_hp_loss":0,"event_name":"Golden Idol","floor":2,"gold_loss":0},{"cards_removed":["Defend_P"],"damage_healed":0,"gold_gain":0,"player_choice":"Purged","damage_taken":0,"max_hp_gain":0,"max_hp_loss":0,"event_name":"Purifier","floor":3,"gold_loss":0},{"damage_healed":0,"gold_gain":0,"player_choice":"Searched \u00271\u0027 times","damage_taken":0,"max_hp_gain":0,"max_hp_loss":0,"event_name":"Dead Adventurer","floor":8,"gold_loss":0},{"damage_healed":0,"gold_gain":0,"player_choice":"Ignored","damage_taken":0,"max_hp_gain":0,"max_hp_loss":0,"event_name":"The Mausoleum","floor":19,"gold_loss":0}],"is_beta":false,"boss_relics":[{"not_picked":["Busted Crown","Coffee Dripper"],"picked":"Black Star"}],"items_purged_floors":[14],"is_endless":false,"potions_floor_spawned":[4,5,13,16],"killed_by":"Sentry and Sphere","ascension_level":20}}