{"host":"dggqshehf2ar9kzd","time":1612398016,"event":{"mods":["BaseMod","Highlight Path","Minty Spire (QoL Compilation)"],"gold_per_floor":[115,128,78,93,112,144,144,144,144,163,177,188,188,42,42,161,161,179,179,94,119,142,183,283,60,60,85,10,28,72,88,88,214,214,228,228,251,100,100,100,163,183,229,244,282,157,201,51,51,51],"floor_reached":51,"language":"ENG","playtime":4104,"items_purged":["Strike_P","Eruption","Defend_P","Study+1"],"score":774,"play_id":"f8e25218-c706-4f64-8478-48da265f4b66","local_time":"20210203192016","is_ascension_mode":false,"campfire_choices":[{"data":"ThirdEye","floor":7.0,"key":"SMITH"},{"data":"PathToVictory","floor":15.0,"key":"SMITH"},{"data":"Study","floor":32,"key":"SMITH"},{"data":"Perseverance","floor":40,"key":"SMITH"},{"data":"PathToVictory","floor":49,"key":"SMITH"}],"circlet_count":0,"master_deck":["Defend_P","Defend_P+1","Defend_P+1","Vigilance+1","FlurryOfBlows+1","JustLucky+1","Protect+1","ThirdEye+1","LessonLearned","SandsOfTime","PathToVictory+1","CutThroughFate","EmptyMind+1","Vault","Nirvana+1","Perseverance+1","PathToVictory+1","CutThroughFate+1","CutThroughFate+1","PathToVictory","PathToVictory+1","Madness","Madness","CutThroughFate"],"relics":["PureWater","Boot","War Paint","Golden Idol","Black Star","Letter Opener","Juzu Bracelet","Gremlin Horn","Bronze Scales","Mercury Hourglass","FossilizedHelix","Bottled Flame","Philosopher\u0027s Stone","DollysMirror","Bird Faced Urn","Nunchaku","Dead Branch","Oddly Smooth Stone","Mummified Hand","Sundial"],"acts_visited":["Exordium","TheCity","TheBeyond"],"potions_floor_usage":[42,50],"damage_taken":[{"damage":0.0,"enemies":"Small Slimes","floor":1.0,"turns":3.0},{"damage":2.0,"enemies":"2 Louse","floor":2.0,"turns":2.0},{"damage":1.0,"enemies":"Jaw Worm","floor":4.0,"turns":5.0},{"damage":5.0,"enemies":"3 Louse","floor":5.0,"turns":4.0},{"damage":14.0,"enemies":"3 Sentries","floor":6.0,"turns":13.0},{"damage":0.0,"enemies":"Exordium Thugs","floor":10.0,"turns":6.0},{"damage":1.0,"enemies":"Red Slaver","floor":11.0,"turns":3.0},{"damage":0.0,"enemies":"Blue Slaver","floor":12.0,"turns":4.0},{"damage":4.0,"enemies":"Hexaghost","floor":16.0,"turns":7.0},{"damage":9.0,"enemies":"3 Byrds","floor":18.0,"turns":6.0},{"damage":2.0,"enemies":"Spheric Guardian","floor":21.0,"turns":6.0},{"damage":4.0,"enemies":"Centurion and Healer","floor":22.0,"turns":11.0},{"damage":17.0,"enemies":"Slavers","floor":23.0,"turns":7.0},{"damage":6.0,"enemies":"3 Cultists","floor":27.0,"turns":5.0},{"damage":0.0,"enemies":"Snecko","floor":29.0,"turns":4.0},{"damage":3,"enemies":"Gremlin Leader","floor":30,"turns":5},{"damage":0,"enemies":"Chosen and Byrds","floor":31,"turns":3},{"damage":28,"enemies":"Champ","floor":33,"turns":6},{"damage":0,"enemies":"3 Shapes","floor":35,"turns":4},{"damage":0,"enemies":"Orb Walker","floor":37,"turns":4},{"damage":0,"enemies":"Mind Bloom Boss Battle","floor":41,"turns":4},{"damage":0,"enemies":"Spire Growth","floor":42,"turns":3},{"damage":6,"enemies":"Writhing Mass","floor":44,"turns":4},{"damage":17,"enemies":"Reptomancer","floor":45,"turns":4},{"damage":0,"enemies":"Giant Head","floor":47,"turns":5},{"damage":50,"enemies":"Time Eater","floor":50,"turns":5}],"seed_played":"-4553120668072433015","potions_obtained":[{"floor":2.0,"key":"Fire Potion"},{"floor":6.0,"key":"AttackPotion"},{"floor":10.0,"key":"SpeedPotion"},{"floor":12.0,"key":"SkillPotion"},{"floor":23.0,"key":"Fruit Juice"},{"floor":30,"key":"GamblersBrew"},{"floor":31,"key":"DistilledChaos"},{"floor":42,"key":"SpeedPotion"},{"floor":45,"key":"Energy Potion"}],"is_trial":false,"path_per_floor":["M","M","?","M","M","E","R","?","T","M","M","M","?","$","R","B",null,"M","?","?","M","M","E","?","$","T","M","?","M","E","M","R","B",null,"M","?","M","$","?","R","?","M","T","M","E","$","E","$","R","B",null],"character_chosen":"WATCHER","items_purchased":["EmptyMind","PathToVictory","Study","DollysMirror"],"campfire_rested":0,"item_purchase_floors":[14,25,25,38],"current_hp_per_floor":[72,70,70,69,64,50,50,55,55,55,54,54,35,35,35,31,77,68,68,68,66,62,50,50,50,50,44,44,44,41,41,41,13,82,82,82,82,82,72,72,72,74,74,68,53,53,55,55,55,7],"gold":51,"neow_bonus":"REMOVE_CARD","is_daily":false,"chose_seed":false,"campfire_upgraded":5,"win_rate":0.0,"timestamp":1612398016,"path_taken":["M","M","?","M","M","E","R","?","T","M","M","M","?","$","R","BOSS","M","?","?","M","M","E","?","?","T","M","?","M","E","M","R","BOSS","M","?","M","$","?","R","?","M","T","M","E","$","E","?","R","BOSS"],"items_purchased_type":["Card","Card","Card","Relic"],"build_version":"2020-12-22","purchased_purges":4,"victory":true,"max_hp_per_floor":[72,72,72,72,72,72,72,77,77,77,77,77,77,77,77,77,77,77,77,77,77,77,82,82,82,82,82,82,82,82,82,82,82,82,82,82,82,82,82,82,82,82,82,82,82,82,82,82,82,82],"card_choices":[{"not_picked":["Evaluate","EmptyBody"],"picked":"FlurryOfBlows","floor":1.0},{"not_picked":["SashWhip","ThirdEye"],"picked":"JustLucky","floor":2.0},{"not_picked":["BowlingBash","ClearTheMind"],"picked":"Protect","floor":4.0},{"not_picked":["EmptyFist","FearNoEvil"],"picked":"ThirdEye","floor":5.0},{"not_picked":["CutThroughFate","SashWhip"],"picked":"LessonLearned","floor":6.0},{"not_picked":["ThirdEye","Swivel"],"picked":"SandsOfTime","floor":10.0},{"not_picked":["BattleHymn","Halt"],"picked":"PathToVictory","floor":11.0},{"not_picked":["ReachHeaven","Crescendo"],"picked":"CutThroughFate","floor":12.0},{"not_picked":["DeusExMachina","Brilliance"],"picked":"Vault","floor":16.0},{"not_picked":["WheelKick","JustLucky+1"],"picked":"Nirvana+1","floor":18.0},{"not_picked":["Crescendo","CrushJoints","SashWhip"],"picked":"SKIP","floor":21.0},{"not_picked":["WaveOfTheHand+1","Sanctity+1"],"picked":"Perseverance","floor":22.0},{"not_picked":["CrushJoints","FlyingSleeves","Worship"],"picked":"SKIP","floor":23.0},{"not_picked":["FearNoEvil+1","DeusExMachina","FlyingSleeves"],"picked":"SKIP","floor":27.0},{"not_picked":["BowlingBash","JustLucky","FlyingSleeves"],"picked":"SKIP","floor":29},{"not_picked":["BattleHymn","Sanctity"],"picked":"CutThroughFate+1","floor":30},{"not_picked":["Worship","FlurryOfBlows","WheelKick"],"picked":"SKIP","floor":31},{"not_picked":["Fasting2","FlurryOfBlows"],"picked":"CutThroughFate+1","floor":35},{"not_picked":["Perseverance","FlyingSleeves"],"picked":"PathToVictory","floor":37},{"not_picked":["SandsOfTime","WaveOfTheHand+1"],"picked":"CutThroughFate","floor":41},{"not_picked":["CrushJoints","Protect","WaveOfTheHand+1"],"picked":"SKIP","floor":42},{"not_picked":["Vengeance+1","Tantrum+1","ClearTheMind+1"],"picked":"SKIP","floor":44},{"not_picked":["CrushJoints","CarveReality","Ragnarok"],"picked":"SKIP","floor":45},{"not_picked":["Conclude+1","EmptyFist+1","Halt"],"picked":"SKIP","floor":47}],"player_experience":317275,"relics_obtained":[{"floor":6.0,"key":"Boot"},{"floor":9.0,"key":"War Paint"},{"floor":23.0,"key":"Gremlin Horn"},{"floor":23.0,"key":"Bronze Scales"},{"floor":26.0,"key":"Mercury Hourglass"},{"floor":30,"key":"FossilizedHelix"},{"floor":30,"key":"Bottled Flame"},{"floor":41,"key":"Bird Faced Urn"},{"floor":43,"key":"Nunchaku"},{"floor":45,"key":"Dead Branch"},{"floor":45,"key":"Oddly Smooth Stone"},{"floor":47,"key":"Mummified Hand"},{"floor":47,"key":"Sundial"}],"event_choices":[{"cards_removed":["Strike_P"],"damage_healed":0.0,"max_hp_gain":0.0,"max_hp_loss":0.0,"gold_gain":0.0,"event_name":"The Cleric","player_choice":"Card Removal","floor":3.0,"gold_loss":50.0,"damage_taken":0.0},{"damage_healed":0.0,"max_hp_gain":5.0,"max_hp_loss":0.0,"gold_gain":0.0,"event_name":"Big Fish","player_choice":"Donut","floor":8.0,"gold_loss":0.0,"damage_taken":0.0},{"damage_healed":0.0,"max_hp_gain":0.0,"max_hp_loss":0.0,"gold_gain":0.0,"event_name":"Golden Idol","player_choice":"Take Damage","floor":13.0,"gold_loss":0.0,"damage_taken":19.0,"relics_obtained":["Golden Idol"]},{"damage_healed":0.0,"max_hp_gain":0.0,"max_hp_loss":0.0,"gold_gain":0.0,"event_name":"The Mausoleum","player_choice":"Opened","floor":19.0,"gold_loss":0.0,"damage_taken":0.0,"relics_obtained":["Letter Opener"]},{"damage_healed":0.0,"max_hp_gain":0.0,"max_hp_loss":0.0,"gold_gain":0.0,"event_name":"Addict","player_choice":"Obtained Relic","floor":20.0,"gold_loss":85.0,"damage_taken":0.0,"relics_obtained":["Juzu Bracelet"]},{"damage_healed":0.0,"max_hp_gain":0.0,"max_hp_loss":0.0,"gold_gain":100.0,"event_name":"Golden Shrine","player_choice":"Pray","floor":24.0,"gold_loss":0.0,"damage_taken":0.0},{"cards_removed":["Strike_P"],"damage_healed":0.0,"max_hp_gain":0.0,"max_hp_loss":0.0,"gold_gain":0.0,"event_name":"Beggar","player_choice":"Gave Gold","floor":28.0,"gold_loss":75.0,"damage_taken":0.0},{"damage_healed":0,"gold_gain":0,"player_choice":"Ignored","damage_taken":0,"max_hp_gain":0,"max_hp_loss":0,"event_name":"Tomb of Lord Red Mask","floor":36,"gold_loss":0},{"damage_healed":0,"gold_gain":0,"player_choice":"Embrace Madness","damage_taken":10,"max_hp_gain":0,"max_hp_loss":0,"event_name":"Winding Halls","floor":39,"gold_loss":0,"cards_obtained":["Madness","Madness"]},{"damage_healed":0,"gold_gain":0,"player_choice":"Fight","damage_taken":0,"max_hp_gain":0,"max_hp_loss":0,"event_name":"MindBloom","floor":41,"gold_loss":0}],"is_beta":false,"boss_relics":[{"not_picked":["Empty Cage","Calling Bell"],"picked":"Black Star"},{"not_picked":["Tiny House","Velvet Choker"],"picked":"Philosopher\u0027s Stone"}],"items_purged_floors":[14,25,46,48],"is_endless":false,"potions_floor_spawned":[2,6,10,12,23,30,31,33,41,42,45],"ascension_level":0}}