{"host":"g2yp6paluzgljz05","time":1612399983,"event":{"mods":["BaseMod","Bestiary","Colored Powertips","DeckTracker","Highlight Path","Minty Spire (QoL Compilation)","Quick Restart"],"gold_per_floor":[113,113,113,38,0,0,34,34,34,34,53,72,72,38,38,133,133,150,164,79,79,79,109,109,134,202,202,202,202,202,202,202,298,298,315,315,117,17,27,27,27,27,53,86,86,112,112,137,137,137],"floor_reached":51,"language":"ENG","playtime":2660,"items_purged":["Strike_R","Strike_R+1","Strike_R+1"],"score":1164,"play_id":"89e1d725-4429-4bff-a500-126eebaf3641","local_time":"20210204115303","is_ascension_mode":true,"campfire_choices":[{"data":"Bash","floor":6,"key":"SMITH"},{"data":"True Grit","floor":10,"key":"SMITH"},{"data":"Burning Pact","floor":15,"key":"SMITH"},{"data":"Battle Trance","floor":24,"key":"SMITH"},{"data":"Defend_R","floor":27,"key":"SMITH"},{"data":"Defend_R","floor":29,"key":"SMITH"},{"data":"Defend_R","floor":32,"key":"SMITH"},{"data":"Ghostly","floor":40,"key":"SMITH"},{"data":"1","floor":47,"key":"LIFT"},{"data":"2","floor":49,"key":"LIFT"}],"circlet_count":0,"master_deck":["Defend_R","Defend_R+1","Defend_R+1","Defend_R+1","Bash+1","True Grit+1","Rampage+1","Battle Trance+1","Pommel Strike+1","Burning Pact+1","Shrug It Off+1","Immolate+1","Ghostly+1","Ghostly+1","Ghostly+1","Ghostly","Ghostly","Berserk+1","Decay","Sever Soul+1","True Grit+1"],"relics":["Burning Blood","Molten Egg 2","Meat on the Bone","Cursed Key","Kunai","PreservedInsect","Oddly Smooth Stone","Frozen Egg 2","InkBottle","The Courier","Sozu","War Paint","Toy Ornithopter","Girya","Ancient Tea Set","Potion Belt"],"acts_visited":["Exordium","TheCity","TheBeyond"],"potions_floor_usage":[50,50],"damage_taken":[{"damage":8,"enemies":"2 Louse","floor":1,"turns":2},{"damage":29,"enemies":"Gremlin Nob","floor":7,"turns":4},{"damage":12,"enemies":"Jaw Worm","floor":11,"turns":2},{"damage":0,"enemies":"Small Slimes","floor":12,"turns":3},{"damage":30,"enemies":"The Guardian","floor":16,"turns":10},{"damage":0,"enemies":"Spheric Guardian","floor":18,"turns":3},{"damage":20,"enemies":"2 Thieves","floor":19,"turns":4},{"damage":15,"enemies":"Slavers","floor":23,"turns":7},{"damage":5,"enemies":"Gremlin Leader","floor":25,"turns":5},{"damage":24,"enemies":"Champ","floor":33,"turns":12},{"damage":2,"enemies":"3 Darklings","floor":35,"turns":4},{"damage":1,"enemies":"Orb Walker","floor":39,"turns":4},{"damage":37,"enemies":"Nemesis","floor":44,"turns":11},{"damage":2,"enemies":"Giant Head","floor":46,"turns":6},{"damage":5,"enemies":"Reptomancer","floor":48,"turns":4},{"damage":2,"enemies":"Donu and Deca","floor":50,"turns":8}],"seed_played":"4995305298353445507","potions_obtained":[{"floor":7,"key":"SpeedPotion"},{"floor":11,"key":"Dexterity Potion"},{"floor":18,"key":"Strength Potion"}],"is_trial":false,"path_per_floor":["M","?","?","$","?","R","E","$","T","R","M","M","?","$","R","B",null,"M","M","?","?","$","E","R","E","T","R","?","R","T","?","R","B",null,"M","?","$","$","M","R","$","?","T","E","?","E","R","E","R","B",null],"character_chosen":"IRONCLAD","items_purchased":["Burning Pact","War Paint"],"campfire_rested":0,"item_purchase_floors":[14,37],"current_hp_per_floor":[70,70,54,54,54,54,31,31,31,31,37,55,55,55,55,43,71,77,63,63,40,40,31,31,32,32,32,32,32,32,32,32,26,37,40,40,40,40,40,40,40,38,38,19,33,33,33,33,33,33],"gold":137,"neow_bonus":"REMOVE_CARD","is_daily":false,"chose_seed":false,"campfire_upgraded":8,"win_rate":0.0,"timestamp":1612399983,"path_taken":["M","?","?","$","?","R","E","$","T","R","?","M","?","$","R","BOSS","M","M","?","?","$","E","R","E","T","R","?","R","?","?","R","BOSS","M","?","?","$","?","R","$","?","T","E","?","E","R","E","R","BOSS"],"items_purchased_type":["Card","Relic"],"build_version":"2020-12-22","purchased_purges":3,"victory":true,"max_hp_per_floor":[80,80,80,80,80,80,80,80,80,80,80,80,80,80,80,80,80,80,80,80,40,40,40,40,40,40,40,40,40,40,40,40,40,40,40,40,40,40,40,40,40,38,38,38,33,33,33,33,33,33],"card_choices":[{"not_picked":["Warcry","Headbutt"],"picked":"True Grit","floor":1},{"not_picked":["Clash+1","Headbutt+1"],"picked":"Rampage+1","floor":7},{"not_picked":["Perfected Strike+1","Infernal Blade"],"picked":"Battle Trance","floor":11},{"not_picked":["Uppercut+1","Inflame"],"picked":"Pommel Strike+1","floor":12},{"not_picked":["Iron Wave+1","Flex"],"picked":"Shrug It Off+1","floor":18},{"not_picked":["Twin Strike+1","Sword Boomerang+1"],"picked":"Immolate+1","floor":19},{"not_picked":["Perfected Strike+1","Reckless Charge+1","Clash+1"],"picked":"SKIP","floor":23},{"not_picked":["Body Slam+1","Flex","Havoc"],"picked":"SKIP","floor":25},{"not_picked":["Double Tap","Reaper+1"],"picked":"Berserk+1","floor":33},{"not_picked":["Clothesline+1","Searing Blow+1","Headbutt+1"],"picked":"SKIP","floor":35},{"not_picked":["True Grit","Metallicize+1","Clothesline+1"],"picked":"SKIP","floor":39},{"not_picked":["Wild Strike+1","Disarm+1"],"picked":"Sever Soul+1","floor":44},{"not_picked":["Seeing Red+1","Entrench","Ghostly Armor"],"picked":"SKIP","floor":46},{"not_picked":["Flex+1","Impervious"],"picked":"True Grit+1","floor":48}],"player_experience":318505,"relics_obtained":[{"floor":7,"key":"Molten Egg 2"},{"floor":9,"key":"Meat on the Bone"},{"floor":23,"key":"PreservedInsect"},{"floor":25,"key":"Oddly Smooth Stone"},{"floor":26,"key":"Frozen Egg 2"},{"floor":30,"key":"InkBottle"},{"floor":43,"key":"Toy Ornithopter"},{"floor":44,"key":"Girya"},{"floor":46,"key":"Ancient Tea Set"},{"floor":48,"key":"Potion Belt"}],"event_choices":[{"cards_removed":["Strike_R"],"damage_healed":0,"gold_gain":0,"player_choice":"Forget","damage_taken":0,"max_hp_gain":0,"max_hp_loss":0,"event_name":"Living Wall","floor":2,"gold_loss":0},{"damage_healed":0,"gold_gain":0,"player_choice":"Entered Light","damage_taken":16,"max_hp_gain":0,"max_hp_loss":0,"event_name":"Shining Light","floor":3,"gold_loss":0,"cards_upgraded":["Strike_R","Strike_R"]},{"damage_healed":0,"gold_gain":0,"player_choice":"Left Gold","damage_taken":0,"max_hp_gain":0,"max_hp_loss":0,"event_name":"World of Goop","floor":5,"gold_loss":38},{"damage_healed":0,"gold_gain":0,"player_choice":"Searched \u00271\u0027 times","damage_taken":0,"max_hp_gain":0,"max_hp_loss":0,"event_name":"Dead Adventurer","floor":13,"gold_loss":0},{"damage_healed":0,"gold_gain":0,"player_choice":"Obtained Relic","damage_taken":0,"relics_obtained":["Kunai"],"max_hp_gain":0,"max_hp_loss":0,"event_name":"Addict","floor":20,"gold_loss":85},{"damage_healed":0,"gold_gain":0,"player_choice":"Became a Ghost","damage_taken":0,"max_hp_gain":0,"max_hp_loss":40,"event_name":"Ghosts","floor":21,"gold_loss":0,"cards_obtained":["Ghostly","Ghostly","Ghostly","Ghostly","Ghostly"]},{"cards_removed":["Regret"],"damage_healed":0,"gold_gain":0,"player_choice":"Elegance","damage_taken":0,"max_hp_gain":0,"max_hp_loss":0,"event_name":"Back to Basics","floor":28,"gold_loss":0},{"damage_healed":0,"gold_gain":0,"player_choice":"Opened","damage_taken":0,"relics_obtained":["The Courier"],"max_hp_gain":0,"max_hp_loss":0,"event_name":"The Mausoleum","floor":31,"gold_loss":0,"cards_obtained":["Writhe"]},{"cards_removed":["Writhe","Doubt"],"damage_healed":0,"gold_gain":0,"player_choice":"Removed Curses","damage_taken":0,"max_hp_gain":0,"max_hp_loss":0,"event_name":"Fountain of Cleansing","floor":36,"gold_loss":0},{"damage_healed":0,"gold_gain":0,"player_choice":"Max HP","damage_taken":0,"max_hp_gain":0,"max_hp_loss":2,"event_name":"Winding Halls","floor":42,"gold_loss":0},{"damage_healed":33,"gold_gain":0,"player_choice":"Heal","damage_taken":0,"max_hp_gain":0,"max_hp_loss":5,"event_name":"The Moai Head","floor":45,"gold_loss":0}],"is_beta":false,"boss_relics":[{"not_picked":["Black Star","Runic Pyramid"],"picked":"Cursed Key"},{"not_picked":["SlaversCollar","Runic Dome"],"picked":"Sozu"}],"items_purged_floors":[4,37,38],"is_endless":false,"potions_floor_spawned":[7,11,18,19,23,35,44],"ascension_level":9}}