{"host":"v54ek091sdz7ha6h","time":1612468578,"event":{"mods":["BaseMod","Better Vampires","Colored Map","Colored Powertips","Custom Start","DeckTracker","Highlight Path","KOR Keyword Fix","Minty Spire (QoL Compilation)","Rare Cards Sparkle","Relic Stats","StSLib","SuperFastMode","everything is the same but u backflip on backflip"],"gold_per_floor":[119,130,27,27,27,27,43,43,43,43,63,63,63,83,83,155,155,174,174,174,74,124,124,155,155,155,67,167,200,212,222,222,300,300,312,312,312,64,75,75,108,108,108,128,148,163,163,197,197,197,197,197,197,25,50,50,50],"floor_reached":56,"language":"KOR","playtime":2186,"items_purged":["Defend_B","Strike_B","Writhe"],"score":1812,"play_id":"34f46a1d-02f6-44d6-a9ac-706e875abe6c","local_time":"20210205045618","is_ascension_mode":true,"campfire_choices":[{"data":"Sweeping Beam","floor":6.0,"key":"SMITH"},{"floor":10.0,"key":"REST"},{"data":"Rip and Tear","floor":13.0,"key":"SMITH"},{"data":"Rip and Tear","floor":15.0,"key":"SMITH"},{"data":"Aggregate","floor":23.0,"key":"SMITH"},{"floor":25.0,"key":"REST"},{"data":"Coolheaded","floor":32.0,"key":"SMITH"},{"data":"Seek","floor":40.0,"key":"SMITH"},{"floor":47.0,"key":"REST"},{"floor":49.0,"key":"RECALL"},{"data":"Defragment","floor":53.0,"key":"SMITH"}],"circlet_count":0,"master_deck":["AscendersBane","Defend_B","Defend_B","Zap+1","Dualcast+1","Aggregate+1","Sweeping Beam+1","Go for the Eyes","Rip and Tear+1","Rip and Tear+1","Conserve Battery","Rainbow","Cold Snap+1","Echo Form+1","Turbo","Writhe","Coolheaded+1","Coolheaded","White Noise","Consume+1","Seek+1","White Noise","Capacitor","Barrage+1","Dark Shackles","Redo+1","Defragment+1","Blizzard","BootSequence"],"relics":["Cracked Core","Regal Pillow","Gambling Chip","Astrolabe","Bag of Preparation","Centennial Puzzle","Mummified Hand","Shovel","Mercury Hourglass","Ornamental Fan","SacredBark","Orichalcum","Bag of Marbles","StoneCalendar","Medical Kit","Bottled Flame"],"acts_visited":["TheCity","TheBeyond","TheEnding"],"potions_floor_usage":[56],"damage_taken":[{"damage":7.0,"enemies":"Small Slimes","floor":1.0,"turns":3.0},{"damage":4.0,"enemies":"2 Louse","floor":2.0,"turns":3.0},{"damage":7.0,"enemies":"Jaw Worm","floor":7.0,"turns":3.0},{"damage":8.0,"enemies":"Looter","floor":11.0,"turns":2.0},{"damage":7.0,"enemies":"Blue Slaver","floor":14.0,"turns":3.0},{"damage":20.0,"enemies":"Slime Boss","floor":16.0,"turns":7.0},{"damage":20.0,"enemies":"Shell Parasite","floor":18.0,"turns":4.0},{"damage":20.0,"enemies":"Slavers","floor":24.0,"turns":3.0},{"damage":9.0,"enemies":"Colosseum Slavers","floor":28.0,"turns":3.0},{"damage":9.0,"enemies":"Colosseum Nobs","floor":28.0,"turns":3.0},{"damage":2.0,"enemies":"Book of Stabbing","floor":29.0,"turns":4.0},{"damage":0.0,"enemies":"Chosen","floor":30.0,"turns":3.0},{"damage":19.0,"enemies":"Sentry and Sphere","floor":31.0,"turns":4.0},{"damage":23.0,"enemies":"Automaton","floor":33.0,"turns":9.0},{"damage":0.0,"enemies":"Orb Walker","floor":35.0,"turns":3.0},{"damage":8.0,"enemies":"3 Darklings","floor":39.0,"turns":3.0},{"damage":19.0,"enemies":"Nemesis","floor":41.0,"turns":6.0},{"damage":0.0,"enemies":"Transient","floor":44.0,"turns":6.0},{"damage":7.0,"enemies":"Jaw Worm Horde","floor":45.0,"turns":3.0},{"damage":12.0,"enemies":"Maw","floor":46.0,"turns":5.0},{"damage":11.0,"enemies":"Giant Head","floor":48.0,"turns":5.0},{"damage":34.0,"enemies":"Awakened One","floor":50.0,"turns":21.0},{"damage":7.0,"enemies":"Time Eater","floor":51.0,"turns":19.0},{"damage":42.0,"enemies":"Shield and Spear","floor":55.0,"turns":7.0},{"damage":49,"enemies":"The Heart","floor":56,"turns":2}],"seed_played":"8319802211845897927","potions_obtained":[{"floor":1.0,"key":"SpeedPotion"},{"floor":7.0,"key":"Energy Potion"},{"floor":16.0,"key":"Regen Potion"},{"floor":24.0,"key":"Dexterity Potion"},{"floor":30.0,"key":"ColorlessPotion"},{"floor":35.0,"key":"SkillPotion"},{"floor":44.0,"key":"Weak Potion"},{"floor":55.0,"key":"DuplicationPotion"}],"is_trial":false,"path_per_floor":["M","M","$","?","?","R","M","?","T","R","M","?","R","M","R","B",null,"M","?","?","$","?","R","E","R","T","$","?","E","M","M","R","B",null,"M","?","?","$","M","R","E","?","T","M","M","M","R","E","R","B","B",null,"R","$","E","B"],"character_chosen":"DEFECT","items_purchased":["Go for the Eyes","White Noise","Capacitor","PotionOfCapacity","Medical Kit"],"campfire_rested":3,"item_purchase_floors":[3,27,38,38,54],"current_hp_per_floor":[57,53,53,53,35,35,28,7,7,43,35,35,35,28,28,8,55,47,47,47,47,47,47,27,63,63,63,45,43,43,24,24,1,54,54,68,68,68,60,60,41,36,36,36,29,17,53,42,42,8,1,54,54,54,12,0,0],"gold":50,"neow_bonus":"RANDOM_COMMON_RELIC","is_daily":false,"chose_seed":false,"campfire_upgraded":7,"win_rate":0.0,"timestamp":1612468578,"path_taken":["M","M","$","?","?","R","M","?","T","R","M","?","R","M","R","BOSS","M","?","?","$","?","R","E","R","T","?","?","E","M","?","R","BOSS","M","?","?","$","M","R","E","?","T","M","?","M","R","E","R","BOSS","BOSS","R","$","E","BOSS"],"items_purchased_type":["Card","Card","Card","Potion","Relic"],"build_version":"2020-12-22","purchased_purges":3,"victory":false,"max_hp_per_floor":[71,71,71,71,71,71,71,71,71,71,71,71,71,71,71,71,71,71,71,71,71,71,71,71,71,71,71,71,71,71,71,71,71,71,71,71,71,71,71,71,71,71,71,71,71,71,71,71,71,71,71,71,71,71,71,71,71],"relic_stats":{"Regal Pillow":45,"counters":[25,133],"Astrolabe":["Sweeping Beam","Cold Snap","Echo Form"],"StoneCalendar":[111],"Bag of Preparation":[36],"Orichalcum":[126],"Medical Kit":[7],"Mercury Hourglass":[298],"Centennial Puzzle":[42],"Shovel":0,"Mummified Hand":[81],"Ornamental Fan":[84],"Gambling Chip":[69],"obtain_stats":[{"Regal Pillow":0,"Astrolabe":17,"SacredBark":34,"StoneCalendar":48,"Bag of Preparation":19,"Orichalcum":41,"Medical Kit":54,"Mercury Hourglass":28,"Centennial Puzzle":24,"Bottled Flame":55,"Shovel":28,"Mummified Hand":26,"Ornamental Fan":29,"Gambling Chip":5,"Bag of Marbles":43,"Cracked Core":0},{"Regal Pillow":0,"Astrolabe":6,"SacredBark":14,"StoneCalendar":21,"Bag of Preparation":7,"Orichalcum":17,"Medical Kit":23,"Mercury Hourglass":10,"Centennial Puzzle":8,"Bottled Flame":24,"Shovel":10,"Mummified Hand":8,"Ornamental Fan":11,"Gambling Chip":2,"Bag of Marbles":17,"Cracked Core":0},{"Regal Pillow":0,"Astrolabe":21,"SacredBark":54,"StoneCalendar":85,"Bag of Preparation":25,"Orichalcum":66,"Medical Kit":124,"Mercury Hourglass":34,"Centennial Puzzle":28,"Bottled Flame":131,"Shovel":34,"Mummified Hand":28,"Ornamental Fan":38,"Gambling Chip":6,"Bag of Marbles":66,"Cracked Core":0}]},"card_choices":[{"not_picked":["Hologram","Go for the Eyes"],"picked":"Aggregate","floor":1.0},{"not_picked":["Force Field","Go for the Eyes"],"picked":"Sweeping Beam","floor":2.0},{"not_picked":["Sweeping Beam","Reinforced Body","Beam Cell"],"picked":"SKIP","floor":7.0},{"not_picked":["Hologram","Cold Snap"],"picked":"Rip and Tear","floor":11.0},{"not_picked":["Redo","Ball Lightning"],"picked":"Conserve Battery","floor":14.0},{"not_picked":["Amplify","Buffer"],"picked":"Rainbow","floor":16.0},{"not_picked":["Rebound","Auto Shields"],"picked":"Turbo","floor":18.0},{"not_picked":["Leap+1","Rebound+1"],"picked":"Coolheaded","floor":24.0},{"not_picked":["Conserve Battery+1","Stack"],"picked":"Consume+1","floor":28.0},{"not_picked":["Conserve Battery","Gash","Static Discharge"],"picked":"SKIP","floor":29.0},{"not_picked":["Undo","BootSequence","Stack"],"picked":"SKIP","floor":30.0},{"not_picked":["Stack","BootSequence","All For One"],"picked":"SKIP","floor":31.0},{"not_picked":["Machine Learning","Fission"],"picked":"Seek","floor":33.0},{"not_picked":["Storm","Self Repair"],"picked":"White Noise","floor":35.0},{"not_picked":["Leap","Gash","Genetic Algorithm"],"picked":"SKIP","floor":39.0},{"not_picked":["Turbo","Redo"],"picked":"Barrage+1","floor":41.0},{"not_picked":["Enlightenment","Good Instincts"],"picked":"Dark Shackles","floor":42.0},{"not_picked":["Undo","Reboot"],"picked":"Redo+1","floor":44.0},{"not_picked":["Leap","Hologram"],"picked":"Defragment","floor":45.0},{"not_picked":["Leap+1","Compile Driver","Conserve Battery"],"picked":"SKIP","floor":46.0},{"not_picked":["Turbo","Blizzard","Hello World"],"picked":"SKIP","floor":48.0},{"not_picked":["Turbo","Hello World"],"picked":"Blizzard","floor":48.0},{"not_picked":["Barrage","Turbo"],"picked":"BootSequence","floor":55.0}],"player_experience":1467656,"relics_obtained":[{"floor":24.0,"key":"Centennial Puzzle"},{"floor":26.0,"key":"Mummified Hand"},{"floor":28.0,"key":"Shovel"},{"floor":28.0,"key":"Mercury Hourglass"},{"floor":29.0,"key":"Ornamental Fan"},{"floor":41.0,"key":"Orichalcum"},{"floor":43.0,"key":"Bag of Marbles"},{"floor":48.0,"key":"StoneCalendar"},{"floor":55.0,"key":"Bottled Flame"}],"event_choices":[{"damage_healed":0.0,"max_hp_gain":0.0,"max_hp_loss":0.0,"gold_gain":0.0,"event_name":"Liars Game","player_choice":"Ignored","floor":4.0,"gold_loss":0.0,"damage_taken":0.0},{"damage_healed":0.0,"max_hp_gain":0.0,"max_hp_loss":0.0,"gold_gain":0.0,"event_name":"Scrap Ooze","player_choice":"Success","floor":5.0,"gold_loss":0.0,"damage_taken":18.0,"relics_obtained":["Gambling Chip"]},{"damage_healed":0.0,"max_hp_gain":0.0,"max_hp_loss":0.0,"gold_gain":0.0,"event_name":"Shining Light","player_choice":"Entered Light","floor":8.0,"gold_loss":0.0,"damage_taken":21.0,"cards_upgraded":["Zap","Dualcast"]},{"damage_healed":0.0,"max_hp_gain":0.0,"max_hp_loss":0.0,"gold_gain":0.0,"cards_transformed":["Strike_B"],"event_name":"Living Wall","player_choice":"Change","floor":12.0,"gold_loss":0.0,"damage_taken":0.0,"cards_obtained":["Rip and Tear"]},{"damage_healed":0.0,"max_hp_gain":0.0,"max_hp_loss":0.0,"gold_gain":0.0,"event_name":"The Mausoleum","player_choice":"Opened","floor":19.0,"gold_loss":0.0,"damage_taken":0.0,"relics_obtained":["Bag of Preparation"],"cards_obtained":["Writhe"]},{"damage_healed":0.0,"max_hp_gain":0.0,"max_hp_loss":0.0,"gold_gain":0.0,"event_name":"The Library","player_choice":"Read","floor":20.0,"gold_loss":0.0,"damage_taken":0.0,"cards_obtained":["Coolheaded"]},{"damage_healed":0.0,"max_hp_gain":0.0,"max_hp_loss":0.0,"gold_gain":50.0,"event_name":"Nest","player_choice":"Stole From Cult","floor":22.0,"gold_loss":0.0,"damage_taken":0.0},{"damage_healed":0.0,"max_hp_gain":0.0,"max_hp_loss":0.0,"gold_gain":0.0,"event_name":"Colosseum","player_choice":"Fight","floor":28.0,"gold_loss":0.0,"damage_taken":0.0},{"damage_healed":0.0,"max_hp_gain":0.0,"max_hp_loss":0.0,"gold_gain":0.0,"event_name":"Colosseum","player_choice":"Fought Nobs","floor":28.0,"gold_loss":0.0,"damage_taken":0.0},{"damage_healed":14.0,"max_hp_gain":0.0,"max_hp_loss":0.0,"gold_gain":0.0,"event_name":"Winding Halls","player_choice":"Writhe","floor":36.0,"gold_loss":0.0,"damage_taken":0.0,"cards_obtained":["Writhe"]},{"cards_removed":["Sweeping Beam"],"damage_healed":0.0,"max_hp_gain":0.0,"max_hp_loss":0.0,"gold_gain":0.0,"event_name":"Falling","player_choice":"Removed Attack","floor":37.0,"gold_loss":0.0,"damage_taken":0.0},{"damage_healed":0.0,"max_hp_gain":0.0,"max_hp_loss":0.0,"gold_gain":0.0,"event_name":"SensoryStone","player_choice":"Memory 2","floor":42.0,"gold_loss":0.0,"damage_taken":5.0}],"is_beta":false,"boss_relics":[{"not_picked":["Coffee Dripper","Busted Crown"],"picked":"Astrolabe"},{"not_picked":["SlaversCollar","Cursed Key"],"picked":"SacredBark"}],"items_purged_floors":[3,21,38],"is_endless":false,"potions_floor_spawned":[1,7,16,24,28,30,35,44,46,48,55],"killed_by":"The Heart","ascension_level":20}}