{"host":"hpdezpg731xgox4e","time":1612400831,"event":{"mods":["2.2 Compatiblity","Aspiration","BaseMod","Downfall","GifTheSpireLib","Minty Spire (QoL Compilation)","Shop Mod","StSLib","The Bug Knight"],"gold_per_floor":[99,119,129,146,246,7,56,56,231,231,242,56,56,56,66,161,161,161,181,196,196,214,77,102,202,221,70,87,87,110,125,135,231,231,231,251,270,39,50,50,96,115,15,42,59,59,59,90,90,90],"floor_reached":51,"language":"ENG","playtime":6150,"items_purged":["Doubt","downfall:Malfunctioning"],"score":719,"play_id":"8c54e211-8b73-467d-a21a-deecf6317181","local_time":"20210203200711","is_ascension_mode":false,"campfire_choices":[{"data":"Slimebound:Split","floor":1.0,"key":"SMITH"},{"floor":8.0,"key":"REST"},{"data":"expansioncontent:QuickStudy","floor":10.0,"key":"SMITH"},{"floor":13.0,"key":"REST"},{"data":"Slimebound:Chomp","floor":18.0,"key":"SMITH"},{"floor":29,"key":"REST"},{"data":"Slimebound:MassFeed","floor":35,"key":"SMITH"},{"floor":47,"key":"REST"},{"data":"Slimebound:RollThrough","floor":49,"key":"SMITH"}],"circlet_count":0,"master_deck":["Slimebound:Strike_Slimebound","Slimebound:Strike_Slimebound","Slimebound:Tackle","Slimebound:Defend_Slimebound","Slimebound:Defend_Slimebound","Slimebound:Defend_Slimebound","Slimebound:Split+1","Slimebound:CorrosiveSpit","Slimebound:GoopTackle+1","Slimebound:SplitAcid","Slimebound:GoopSpray","Slimebound:TongueLash","Slimebound:SplitAcid","Slimebound:LeadByExample+1","expansioncontent:QuickStudy+1","Slimebound:ForwardTackle","Slimebound:Grow+1","Slimebound:Nibble","expansioncontent:StudyTheSpire+1","Slimebound:Chomp+1","Slimebound:OozeBath","CurseOfTheBell","Slimebound:RollThrough+1","Slimebound:Chomp+1","Slimebound:Nibble+1","Slimebound:Schlurp","Slimebound:LeadByExample+1","Slimebound:RallyTheTroops","Slimebound:LeechEnergy+1","expansioncontent:QuickStudy+1","Slimebound:RollThrough","Slimebound:Nibble+1","Slimebound:LivingWall+1","Slimebound:MassFeed+1","Slimebound:RollThrough+1","Slimebound:FlameTackle+1","expansioncontent:QuickStudy+1","Slimebound:SamplingLick","Slimebound:GoopSpray+1","Slimebound:RainOfGoop+1"],"relics":["Slimebound:AbsorbEndCombat","aspiration:ChemicalBlood","Calling Bell","aspiration:Lifesprig","aspiration:FrozenJewel","Unceasing Top","aspiration:RitualStick","Toy Ornithopter","Girya","Frozen Egg 2","Mango","Bronze Scales","aspiration:RitualDagger","Bag of Marbles","Regal Pillow","Incense Burner"],"acts_visited":["Exordium","TheCity","TheBeyond"],"potions_floor_usage":[20,20,22,22,23,23,23,23,28,31,33,36,39,39,42,42,42,48,48,50,50,50,50,50],"damage_taken":[{"damage":2.0,"enemies":"2 Louse","floor":2.0,"turns":3.0},{"damage":15.0,"enemies":"Jaw Worm","floor":3.0,"turns":2.0},{"damage":0.0,"enemies":"Small Slimes","floor":4.0,"turns":2.0},{"damage":23.0,"enemies":"downfall:Heads","floor":5.0,"turns":4.0},{"damage":12.0,"enemies":"downfall:FleeingMerchant","floor":6.0,"turns":4.0},{"damage":7.0,"enemies":"Blue Slaver","floor":11.0,"turns":2.0},{"damage":28.0,"enemies":"downfall:FleeingMerchant","floor":12.0,"turns":4.0},{"damage":0.0,"enemies":"3 Louse","floor":15.0,"turns":3.0},{"damage":21.0,"enemies":"SI_SHIV_ARCHETYPE","floor":16.0,"turns":4.0},{"damage":20.0,"enemies":"Cultist and Chosen","floor":19.0,"turns":5.0},{"damage":25,"enemies":"Shelled Parasite and Fungi","floor":20,"turns":4},{"damage":14,"enemies":"Snake Plant","floor":22,"turns":4},{"damage":18,"enemies":"downfall:FleeingMerchant","floor":23,"turns":4},{"damage":5,"enemies":"WA_ARCHETYPE_RETAIN","floor":25,"turns":4},{"damage":14,"enemies":"Centurion and Healer","floor":26,"turns":3},{"damage":0,"enemies":"downfall:FleeingMerchant","floor":27,"turns":1},{"damage":6,"enemies":"Snecko","floor":28,"turns":3},{"damage":14,"enemies":"Snake Plant","floor":31,"turns":3},{"damage":0,"enemies":"Chosen and Byrds","floor":32,"turns":4},{"damage":40,"enemies":"DF_ARCHETYPE_CLAW","floor":33,"turns":6},{"damage":48,"enemies":"3 Shapes","floor":36,"turns":5},{"damage":22,"enemies":"Orb Walker","floor":37,"turns":3},{"damage":63,"enemies":"Sphere and 2 Shapes","floor":39,"turns":5},{"damage":29,"enemies":"3 Darklings","floor":42,"turns":3},{"damage":54,"enemies":"Writhing Mass","floor":45,"turns":4},{"damage":19,"enemies":"Reptomancer","floor":48,"turns":5},{"damage":109,"enemies":"IC_BLOCK_ARCHETYPE","floor":50,"turns":9}],"seed_played":"-8035346374615915312","potions_obtained":[{"floor":3.0,"key":"hexamod:SoulburnPotion"},{"floor":5.0,"key":"DuplicationPotion"},{"floor":11.0,"key":"Weak Potion"},{"floor":19.0,"key":"PowerPotion"},{"floor":20,"key":"Regen Potion"},{"floor":22,"key":"Weak Potion"},{"floor":22,"key":"Guardian:BlockOnCardUsePotion"},{"floor":31,"key":"Fruit Juice"},{"floor":33,"key":"LiquidMemories"},{"floor":36,"key":"SteroidPotion"},{"floor":36,"key":"BlessingOfTheForge"},{"floor":39,"key":"Strength Potion"},{"floor":45,"key":"SkillPotion"}],"is_trial":false,"path_per_floor":["R","M","M","M","?","$","T","R","?","R","M","$","R","?","M","B",null,"R","M","M","?","M","$","T","?","M","$","M","R","T","M","M","B",null,"R","M","M","$","M","?","T","M","$","?","M","$","R","E","R","B",null],"character_chosen":"SLIMEBOUND","items_purchased":["expansioncontent:QuickStudy","Slimebound:ForwardTackle","expansioncontent:StudyTheSpire","Slimebound:Schlurp","expansioncontent:QuickStudy+1","Mango","expansioncontent:QuickStudy+1","Slimebound:SamplingLick"],"campfire_rested":4,"item_purchase_floors":[6,6,12,23,27,27,38,38],"current_hp_per_floor":[71,69,56,58,43,33,33,54,54,54,51,25,46,46,52,37,71,71,57,40,26,32,32,32,33,23,37,40,65,65,65,71,44,90,90,51,37,37,94,94,94,98,98,98,65,65,98,97,97,74],"gold":90,"neow_bonus":"TEN_PERCENT_HP_BONUS","is_daily":false,"chose_seed":false,"campfire_upgraded":5,"win_rate":0.0,"timestamp":1612400831,"path_taken":["R","M","M","M","?","$","T","R","?","R","M","$","R","?","M","BOSS","R","M","M","?","M","$","T","?","M","$","M","R","?","M","M","BOSS","R","M","M","$","M","?","T","M","$","?","M","?","R","E","R","BOSS"],"items_purchased_type":["Card","Card","Card","Card","Card","Relic","Card","Card"],"build_version":"2020-12-22","purchased_purges":2,"victory":true,"max_hp_per_floor":[71,71,71,71,71,71,71,71,71,71,71,71,71,71,71,71,71,71,71,71,71,71,71,71,71,71,85,85,85,85,90,90,90,90,90,90,94,94,94,94,94,98,98,98,98,98,98,98,98,98],"card_choices":[{"not_picked":["Slimebound:FinishingTackle","Slimebound:Gluttony"],"picked":"Slimebound:GoopTackle","floor":2.0},{"not_picked":["Slimebound:LivingWall","Slimebound:FormOfPuddle"],"picked":"Slimebound:SplitAcid","floor":3.0},{"not_picked":["Slimebound:FinishingTackle","Slimebound:AcidTongue"],"picked":"Slimebound:GoopSpray","floor":4.0},{"not_picked":["Slimebound:SplitBruiser","Slimebound:LeechingTouch"],"picked":"Slimebound:SplitAcid","floor":5.0},{"not_picked":["Slimebound:TongueLash","Slimebound:PressTheAttack"],"picked":"Slimebound:LeadByExample","floor":6.0},{"not_picked":["Slimebound:PressTheAttack","Slimebound:SplitMire"],"picked":"Slimebound:Grow","floor":11.0},{"not_picked":["Slimebound:ViciousTackle","Slimebound:DouseInSlime"],"picked":"Slimebound:Nibble","floor":12.0},{"not_picked":["Slimebound:Schlurp","Slimebound:SpikyOuterGoop"],"picked":"Slimebound:Chomp","floor":15.0},{"not_picked":["Slimebound:WasteNot","Slimebound:FirmFortitude"],"picked":"Slimebound:OozeBath","floor":16.0},{"not_picked":["Slimebound:LeadByExample","Slimebound:Equalize"],"picked":"Slimebound:RollThrough","floor":19.0},{"not_picked":["Slimebound:ItLooksTasty","Slimebound:GoopSpray"],"picked":"Slimebound:Chomp+1","floor":20},{"not_picked":["Slimebound:PressTheAttack","Slimebound:SplitLeeching"],"picked":"Slimebound:Nibble+1","floor":22},{"not_picked":["Slimebound:PressTheAttack+1","Slimebound:FormOfPuddle"],"picked":"Slimebound:RollThrough","floor":23},{"not_picked":["Slimebound:SplitLeeching","Slimebound:LeechingTouch"],"picked":"Slimebound:LeadByExample+1","floor":25},{"not_picked":["Slimebound:ItLooksTasty+1","Slimebound:RollThrough"],"picked":"Slimebound:RallyTheTroops","floor":26},{"not_picked":["Slimebound:PressTheAttack","Slimebound:SplitLeeching"],"picked":"Slimebound:LeechEnergy+1","floor":27},{"not_picked":["Slimebound:MegaLick+1","Slimebound:Dissolve"],"picked":"Slimebound:RollThrough","floor":28},{"not_picked":["Slimebound:RejuvenatingLick","Slimebound:GoopSpray"],"picked":"Slimebound:Nibble+1","floor":31},{"not_picked":["Slimebound:SplitMire+1","Slimebound:Prepare"],"picked":"Slimebound:LivingWall+1","floor":32},{"not_picked":["Slimebound:DuplicatedForm+1","Slimebound:Teamwork"],"picked":"Slimebound:MassFeed","floor":33},{"not_picked":["Slimebound:AcidTongue+1","Slimebound:ComboTackle"],"picked":"Slimebound:RollThrough+1","floor":36},{"not_picked":["Slimebound:Dissolve","Slimebound:SlimeSpikes+1"],"picked":"Slimebound:FlameTackle+1","floor":37},{"not_picked":["Slimebound:GoopTackle","Slimebound:ItLooksTasty","Slimebound:FinishingTackle"],"picked":"SKIP","floor":39},{"not_picked":["Slimebound:GoopTackle","Slimebound:ProtectTheBoss+1"],"picked":"Slimebound:GoopSpray+1","floor":42},{"not_picked":["Slimebound:LeechingTouch+1","Slimebound:FinishingTackle","Slimebound:Dissolve+1"],"picked":"SKIP","floor":45},{"not_picked":["Slimebound:Prepare+1","Slimebound:SplitAcid+1"],"picked":"Slimebound:RainOfGoop+1","floor":48}],"player_experience":21911,"relics_obtained":[{"floor":7.0,"key":"aspiration:ChemicalBlood"},{"floor":17.0,"key":"aspiration:Lifesprig"},{"floor":17.0,"key":"aspiration:FrozenJewel"},{"floor":17.0,"key":"Unceasing Top"},{"floor":24,"key":"Toy Ornithopter"},{"floor":25,"key":"Girya"},{"floor":25,"key":"Frozen Egg 2"},{"floor":30,"key":"Bronze Scales"},{"floor":41,"key":"Bag of Marbles"},{"floor":44,"key":"Regal Pillow"},{"floor":48,"key":"Incense Burner"}],"event_choices":[{"cards_removed":["Slimebound:RollThrough"],"damage_healed":0,"gold_gain":0,"player_choice":"Removed Attack","damage_taken":0,"max_hp_gain":0,"max_hp_loss":0,"event_name":"Falling","floor":40,"gold_loss":0}],"is_beta":false,"boss_relics":[{"not_picked":["Coffee Dripper","Runic Dome"],"picked":"Calling Bell"},{"not_picked":["Black Star","bronze:MakeshiftBattery"],"picked":"aspiration:RitualDagger"}],"items_purged_floors":[23,43],"is_endless":false,"potions_floor_spawned":[3,5,11,15,19,20,22,31,33,39,45],"ascension_level":0}}