{"host":"0068lo8nqxkxlxxx","time":1612472437,"event":{"mods":["2.2 Compatiblity","AchievementEnabler","Act Like it!","Aspiration","BaseMod","Better Altar","Better Match","Better Note","Better Sensory Stone","Better Skull","Better Third Choice","BetterRewards","Colored Map","Elementarium","Energized Spire","Fox Events","Friendly Minions","GifTheSpireLib","Halation","Hubris","Infinite Spire","Jedi Mod","Minty Spire (QoL Compilation)","Pale of the Ancients","Potionbrewer","Replay The Spire","Shop Mod","Somnambulant","Spikes Relics","StSLib","Stuff the Spire","The Disciple","The Jungle","The Marked","The Sage","Trackpad"],"gold_per_floor":[115,115,115,115,133,173,173,209,209,229,150,150,150,177,177,189,189],"floor_reached":16,"language":"ENG","playtime":538,"items_purged":[],"score":133,"play_id":"ab65c5c6-287e-4996-bfb9-48645339d672","local_time":"20210204160037","is_ascension_mode":false,"campfire_choices":[{"data":"StuffTheSpire:Injection","floor":7,"key":"SMITH"},{"floor":13,"key":"REST"},{"data":"Catalyst","floor":15,"key":"SMITH"}],"circlet_count":0,"master_deck":["Strike_G","Strike_G","Strike_G","Strike_G","Defend_G+1","Defend_G","Defend_G","Defend_G","Defend_G+1","Survivor","Neutralize","StuffTheSpire:Injection+1","Poisoned Stab","StuffTheSpire:FreeRealEstate","jedi:pocketpoison","Catalyst+1","Cloak And Dagger"],"relics":["Ring of the Snake","NeowsBlessing","StuffTheSpire:Gunfinga","Frozen Egg 2","aspiration:DSix"],"acts_visited":["Exordium"],"potions_floor_usage":[16],"damage_taken":[{"damage":0,"enemies":"Small Slimes","floor":1,"turns":1},{"damage":0,"enemies":"Cultist","floor":5,"turns":1},{"damage":0,"enemies":"3 Sentries","floor":6,"turns":1},{"damage":6,"enemies":"Gremlin Nob","floor":8,"turns":3},{"damage":3,"enemies":"2 Louse","floor":10,"turns":3},{"damage":0,"enemies":"Blue Slaver","floor":14,"turns":3},{"damage":71,"enemies":"Slime Boss","floor":16,"turns":16}],"seed_played":"927483261065608092","potions_obtained":[{"floor":1,"key":"PowerPotion"},{"floor":10,"key":"Block Potion"},{"floor":14,"key":"LifebloodPotion"}],"is_trial":false,"path_per_floor":["M","?","?","?","M","E","R","E","T","M","$","?","R","M","R","B"],"character_chosen":"THE_SILENT","items_purchased":["Catalyst"],"campfire_rested":1,"item_purchase_floors":[11],"current_hp_per_floor":[70,70,70,70,70,70,70,64,64,61,61,47,68,68,68,0,0],"gold":189,"neow_bonus":"THREE_ENEMY_KILL","is_daily":false,"chose_seed":false,"campfire_upgraded":2,"win_rate":0.0,"timestamp":1612472437,"path_taken":["M","?","?","?","?","E","R","E","T","M","$","?","R","M","R","BOSS"],"items_purchased_type":["Card"],"build_version":"2020-12-22","purchased_purges":0,"victory":false,"max_hp_per_floor":[70,70,70,70,70,70,70,70,70,70,70,70,70,70,70,70,70],"card_choices":[{"not_picked":["Acrobatics","InfectiousVector"],"picked":"StuffTheSpire:Injection","floor":1},{"not_picked":["Deflect","Dagger Throw"],"picked":"Poisoned Stab","floor":2},{"not_picked":["Purity","Madness"],"picked":"StuffTheSpire:FreeRealEstate","floor":2},{"not_picked":["Slice","jedi:collectorvenom","jedi:studypoison"],"picked":"SKIP","floor":5},{"not_picked":["StuffTheSpire:ClusterCrunch","Masterful Stab","StuffTheSpire:Repulse"],"picked":"SKIP","floor":6},{"not_picked":["PiercingWail","hubris:SlightOfHand","StuffTheSpire:DoubleShiv"],"picked":"SKIP","floor":8},{"not_picked":["hubris:Sniper","Bane"],"picked":"jedi:pocketpoison","floor":10},{"not_picked":["Dodge and Roll","Dagger Throw"],"picked":"Cloak And Dagger","floor":14}],"player_experience":99274,"relics_obtained":[{"floor":6,"key":"StuffTheSpire:Gunfinga"},{"floor":8,"key":"Frozen Egg 2"},{"floor":9,"key":"aspiration:DSix"}],"event_choices":[{"damage_healed":0,"gold_gain":0,"player_choice":"1","damage_taken":0,"max_hp_gain":0,"max_hp_loss":0,"event_name":"betterMatch:BetterMatch","floor":2,"gold_loss":0,"cards_obtained":["betterMatch:CommonCard","betterMatch:RareCard","betterMatch:ColorlessUncommonCard"]},{"cards_removed":["Strike_G"],"damage_healed":0,"gold_gain":0,"player_choice":"Purged","damage_taken":0,"max_hp_gain":0,"max_hp_loss":0,"event_name":"Purifier","floor":4,"gold_loss":0},{"damage_healed":61,"gold_gain":0,"player_choice":"Upgrade","damage_taken":14,"max_hp_gain":0,"max_hp_loss":70,"event_name":"betterThird:BetterShining","floor":12,"gold_loss":0,"cards_upgraded":["Defend_G","Defend_G"]}],"is_beta":false,"boss_relics":[],"items_purged_floors":[],"is_endless":false,"potions_floor_spawned":[1,10,14],"killed_by":"Slime Boss","ascension_level":0}}