{"host":"7jl348xfsxr8glry","time":1612444725,"event":{"mods":["AchievementEnabler","BaseMod","Colored Map","Minty Spire (QoL Compilation)","Random Character Button","Unceasing Turn Reminder"],"gold_per_floor":[117,117,117,141,33,33,57,57,57,57,96,18,43,59,59,188,188,212,127,0,0,25,25,25,25,25,25,46,46,60,85,85,85,85],"floor_reached":33,"language":"ENG","playtime":985,"items_purged":[],"score":292,"play_id":"220f5f62-302f-45c9-8318-01faa2887b3b","local_time":"20210205001845","is_ascension_mode":true,"campfire_choices":[{"data":"Noxious Fumes","floor":6,"key":"SMITH"},{"data":"Bouncing Flask","floor":8,"key":"SMITH"},{"data":"Neutralize","floor":10,"key":"SMITH"},{"floor":15,"key":"REST"},{"data":"Noxious Fumes","floor":23,"key":"SMITH"},{"data":"Footwork","floor":25,"key":"SMITH"},{"data":"Poisoned Stab","floor":27,"key":"SMITH"},{"floor":32,"key":"REST"}],"circlet_count":0,"master_deck":["Strike_G","Strike_G","Strike_G","Strike_G","Strike_G","Defend_G","Defend_G","Defend_G","Defend_G","Defend_G","Survivor","Neutralize+1","Outmaneuver","Noxious Fumes+1","Bouncing Flask+1","Cloak And Dagger","Noxious Fumes+1","Footwork+1","Flying Knee","Poisoned Stab+1","Writhe","Poisoned Stab","Dagger Spray"],"relics":["Ring of the Snake","Anchor","Golden Idol","Meat on the Bone","Ginger","Sozu","Vajra","Orichalcum","StrikeDummy","Akabeko"],"acts_visited":["Exordium","TheCity"],"potions_floor_usage":[31],"damage_taken":[{"damage":0,"enemies":"2 Louse","floor":1,"turns":2},{"damage":1,"enemies":"Jaw Worm","floor":4,"turns":7},{"damage":7,"enemies":"Small Slimes","floor":7,"turns":4},{"damage":6,"enemies":"3 Sentries","floor":11,"turns":6},{"damage":1,"enemies":"Blue Slaver","floor":14,"turns":3},{"damage":23,"enemies":"The Guardian","floor":16,"turns":9},{"damage":8,"enemies":"Chosen","floor":18,"turns":5},{"damage":0,"enemies":"Spheric Guardian","floor":22,"turns":3},{"damage":9,"enemies":"Snake Plant","floor":28,"turns":4},{"damage":3,"enemies":"Snecko","floor":30,"turns":4},{"damage":1,"enemies":"3 Cultists","floor":31,"turns":4},{"damage":94,"enemies":"Champ","floor":33,"turns":10}],"seed_played":"947150026513599165","potions_obtained":[{"floor":7,"key":"Energy Potion"},{"floor":14,"key":"Energy Potion"}],"is_trial":false,"path_per_floor":["M","?","?","M","$","R","M","R","T","R","E","$","T","M","R","B",null,"M","?","?","?","M","R","$","R","T","R","M","?","M","M","R","B"],"character_chosen":"THE_SILENT","items_purchased":["Noxious Fumes","Bouncing Flask","Footwork"],"campfire_rested":2,"item_purchase_floors":[5,5,12],"current_hp_per_floor":[70,70,70,69,69,69,62,62,62,62,56,56,56,55,70,47,70,62,62,62,62,62,62,62,62,62,62,53,53,50,49,70,0,0],"gold":85,"neow_bonus":"RANDOM_COMMON_RELIC","is_daily":false,"chose_seed":false,"campfire_upgraded":6,"win_rate":0.0,"timestamp":1612444725,"path_taken":["M","?","?","M","?","R","M","R","T","R","E","$","?","?","R","BOSS","M","?","?","?","M","R","?","R","T","R","M","?","?","M","R","BOSS"],"items_purchased_type":["Card","Card","Card"],"build_version":"2020-12-22","purchased_purges":0,"victory":false,"max_hp_per_floor":[70,70,70,70,70,70,70,70,70,70,70,70,70,70,70,70,70,70,70,70,70,70,70,70,70,70,70,70,70,70,70,70,70,70],"card_choices":[{"not_picked":["PiercingWail","Calculated Gamble"],"picked":"Outmaneuver","floor":1},{"not_picked":["All Out Attack","Choke","PiercingWail"],"picked":"SKIP","floor":4},{"not_picked":["Dagger Spray","Dodge and Roll"],"picked":"Cloak And Dagger","floor":7},{"not_picked":["Sucker Punch","Doppelganger"],"picked":"Noxious Fumes","floor":11},{"not_picked":["Backflip","Blade Dance"],"picked":"Flying Knee","floor":14},{"not_picked":["Bane","Acrobatics+1"],"picked":"Poisoned Stab","floor":18},{"not_picked":["Slice","Riddle With Holes","Reflex"],"picked":"SKIP","floor":22},{"not_picked":["Caltrops+1","Deadly Poison"],"picked":"Poisoned Stab","floor":28},{"not_picked":["Calculated Gamble+1","Accuracy"],"picked":"Dagger Spray","floor":30},{"not_picked":["Blade Dance","Heel Hook","Choke"],"picked":"SKIP","floor":31}],"player_experience":223388,"relics_obtained":[{"floor":9,"key":"Meat on the Bone"},{"floor":11,"key":"Ginger"},{"floor":26,"key":"StrikeDummy"}],"event_choices":[{"damage_healed":0,"gold_gain":0,"player_choice":"Take Wound","damage_taken":0,"relics_obtained":["Golden Idol"],"max_hp_gain":0,"max_hp_loss":0,"event_name":"Golden Idol","floor":2,"gold_loss":0,"cards_obtained":["Injury"]},{"cards_removed":["Injury"],"damage_healed":0,"gold_gain":0,"player_choice":"Forget","damage_taken":0,"max_hp_gain":0,"max_hp_loss":0,"event_name":"Living Wall","floor":3,"gold_loss":0},{"damage_healed":0,"gold_gain":0,"player_choice":"Obtained Relic","damage_taken":0,"relics_obtained":["Vajra"],"max_hp_gain":0,"max_hp_loss":0,"event_name":"Addict","floor":19,"gold_loss":85},{"damage_healed":0,"gold_gain":0,"player_choice":"Paid Fearfully","damage_taken":0,"max_hp_gain":0,"max_hp_loss":0,"event_name":"Masked Bandits","floor":20,"gold_loss":127},{"damage_healed":0,"gold_gain":0,"player_choice":"Opened","damage_taken":0,"relics_obtained":["Orichalcum"],"max_hp_gain":0,"max_hp_loss":0,"event_name":"The Mausoleum","floor":21,"gold_loss":0,"cards_obtained":["Writhe"]},{"damage_healed":0,"gold_gain":0,"player_choice":"Gave Potion","damage_taken":0,"relics_obtained":["Akabeko"],"max_hp_gain":0,"max_hp_loss":0,"event_name":"WeMeetAgain","floor":29,"gold_loss":0}],"is_beta":false,"boss_relics":[{"not_picked":["Coffee Dripper","Busted Crown"],"picked":"Sozu"}],"items_purged_floors":[],"is_endless":false,"potions_floor_spawned":[7,14,22,28],"killed_by":"Champ","ascension_level":4}}