{"host":"sav7uxregyirlf69","time":1612448033,"event":{"mods":["AchievementEnabler","BaseMod","Colored Map","DeckTracker","Keyboard Shortcuts","Minty Spire (QoL Compilation)","READ ME - Guardian Mod","StSLib","SuperFastMode"],"gold_per_floor":[111,125,125,152,239,251,282,294,332,344,631,673,84,94,94,173,173,184,109,128,28,40,40,40,54,54,54,54,80,93,93,93,170,170,188,158,173,190,201,201,234,109,135,135,135],"floor_reached":44,"language":"KOR","playtime":1397,"items_purged":["Regret","Strike_G","Strike_G+1"],"score":916,"play_id":"175063f9-376b-44b1-aaee-643995469741","local_time":"20210204231353","is_ascension_mode":true,"campfire_choices":[{"floor":6,"key":"REST"},{"data":"Noxious Fumes","floor":8,"key":"SMITH"},{"floor":10,"key":"REST"},{"floor":15,"key":"REST"},{"data":"Footwork","floor":23,"key":"SMITH"},{"data":"Finesse","floor":27,"key":"SMITH"},{"floor":32,"key":"REST"},{"data":"Footwork","floor":40,"key":"SMITH"}],"circlet_count":0,"master_deck":["AscendersBane","Strike_G+1","Strike_G+1","Defend_G+1","Defend_G+1","Defend_G+1","Defend_G+1","Defend_G+1","Survivor","Neutralize","Dagger Spray","Noxious Fumes+1","Poisoned Stab","Tactician","Finesse+1","Footwork+1","Backflip","After Image","Escape Plan","After Image","Prepared+1","Reflex","Adrenaline","Acrobatics+1","Footwork+1","PiercingWail+1"],"relics":["Ring of the Snake","Snake Skull","MawBank","Centennial Puzzle","Tiny Chest","ClockworkSouvenir","War Paint","Runic Pyramid","Ornamental Fan","Paper Crane","Gremlin Horn","HoveringKite","HornCleat"],"acts_visited":["Exordium","TheCity","TheBeyond"],"potions_floor_usage":[12,12,16,16,25,29,33,38,44],"damage_taken":[{"damage":7,"enemies":"Cultist","floor":1,"turns":4},{"damage":4,"enemies":"Jaw Worm","floor":2,"turns":7},{"damage":0,"enemies":"2 Louse","floor":4,"turns":3},{"damage":0,"enemies":"Red Slaver","floor":7,"turns":4},{"damage":39,"enemies":"Lagavulin","floor":12,"turns":8},{"damage":0,"enemies":"Blue Slaver","floor":14,"turns":5},{"damage":13,"enemies":"Slime Boss","floor":16,"turns":8},{"damage":1,"enemies":"Shell Parasite","floor":18,"turns":8},{"damage":0,"enemies":"Chosen","floor":20,"turns":6},{"damage":0,"enemies":"Centurion and Healer","floor":22,"turns":7},{"damage":4,"enemies":"3 Cultists","floor":25,"turns":6},{"damage":18,"enemies":"Slavers","floor":29,"turns":8},{"damage":9,"enemies":"Snake Plant","floor":30,"turns":6},{"damage":31,"enemies":"Champ","floor":33,"turns":19},{"damage":4,"enemies":"3 Darklings","floor":35,"turns":6},{"damage":0,"enemies":"3 Shapes","floor":37,"turns":6},{"damage":0,"enemies":"Transient","floor":38,"turns":6},{"damage":0,"enemies":"Writhing Mass","floor":39,"turns":8},{"damage":9,"enemies":"Nemesis","floor":41,"turns":11},{"damage":49,"enemies":"Reptomancer","floor":44,"turns":3}],"seed_played":"3743885241281202851","potions_obtained":[{"floor":1,"key":"SteroidPotion"},{"floor":2,"key":"SteroidPotion"},{"floor":12,"key":"Fire Potion"},{"floor":20,"key":"ColorlessPotion"},{"floor":25,"key":"CunningPotion"},{"floor":30,"key":"SkillPotion"},{"floor":35,"key":"DuplicationPotion"},{"floor":36,"key":"LiquidMemories"}],"is_trial":false,"path_per_floor":["M","M","?","M","?","R","M","R","T","R","?","E","$","M","R","B",null,"M","?","M","$","M","R","?","M","T","R","T","E","M","?","R","B",null,"M","?","M","M","M","R","E","$","T","E"],"character_chosen":"THE_SILENT","items_purchased":["ClockworkSouvenir","Finesse","Footwork","War Paint","Strength Potion"],"campfire_rested":4,"item_purchase_floors":[13,13,13,13,13],"current_hp_per_floor":[52,48,13,13,2,21,21,21,21,40,40,1,1,1,20,7,51,50,50,50,50,50,50,50,46,46,46,46,28,19,19,38,7,51,47,47,47,47,47,47,38,38,38,0,0],"gold":135,"neow_bonus":"RANDOM_COMMON_RELIC","is_daily":false,"chose_seed":false,"campfire_upgraded":4,"win_rate":0.0,"timestamp":1612448033,"path_taken":["M","M","?","M","?","R","M","R","T","R","?","E","$","M","R","BOSS","M","?","M","$","M","R","?","?","T","R","?","E","M","?","R","BOSS","M","?","M","M","?","R","E","$","T","E"],"items_purchased_type":["Relic","Card","Card","Relic","Potion"],"build_version":"2020-12-22","purchased_purges":3,"victory":false,"max_hp_per_floor":[66,66,66,66,66,66,66,66,66,66,66,66,66,66,66,66,66,66,66,66,66,66,66,66,66,66,66,66,66,66,66,66,66,66,66,66,66,66,66,66,66,66,66,66,66],"card_choices":[{"not_picked":["Flechettes","Endless Agony","PiercingWail"],"picked":"SKIP","floor":1},{"not_picked":["Quick Slash","Slice"],"picked":"Dagger Spray","floor":2},{"not_picked":["PiercingWail","Setup"],"picked":"Noxious Fumes","floor":4},{"not_picked":["Underhanded Strike","Wraith Form v2"],"picked":"Poisoned Stab","floor":7},{"not_picked":["Dash","Quick Slash"],"picked":"Tactician","floor":12},{"not_picked":["Choke","Predator"],"picked":"Backflip","floor":14},{"not_picked":["Tools of the Trade","Bullet Time"],"picked":"After Image","floor":16},{"not_picked":["Outmaneuver","Riddle With Holes","Flying Knee"],"picked":"SKIP","floor":18},{"not_picked":["Dagger Spray","PiercingWail","Blade Dance"],"picked":"SKIP","floor":20},{"not_picked":["Flying Knee","Predator"],"picked":"Escape Plan","floor":22},{"not_picked":["Dodge and Roll","Underhanded Strike","Well Laid Plans"],"picked":"SKIP","floor":25},{"not_picked":["Poisoned Stab+1","Flying Knee"],"picked":"Prepared+1","floor":29},{"not_picked":["Deadly Poison","Glass Knife"],"picked":"Reflex","floor":30},{"not_picked":["Burst","Glass Knife"],"picked":"Adrenaline","floor":33},{"not_picked":["Dagger Spray","Bane+1","Sucker Punch"],"picked":"SKIP","floor":35},{"not_picked":["Predator","Flying Knee"],"picked":"Acrobatics+1","floor":37},{"not_picked":["Outmaneuver","Acrobatics"],"picked":"Footwork","floor":38},{"not_picked":["Quick Slash","Terror","Slice"],"picked":"SKIP","floor":39},{"not_picked":["Acrobatics","Dodge and Roll"],"picked":"PiercingWail+1","floor":41}],"player_experience":1489630,"relics_obtained":[{"floor":9,"key":"Centennial Puzzle"},{"floor":12,"key":"Tiny Chest"},{"floor":26,"key":"Ornamental Fan"},{"floor":28,"key":"Paper Crane"},{"floor":29,"key":"Gremlin Horn"},{"floor":41,"key":"HornCleat"}],"event_choices":[{"damage_healed":0,"gold_gain":0,"player_choice":"Success","damage_taken":35,"relics_obtained":["MawBank"],"max_hp_gain":0,"max_hp_loss":0,"event_name":"Scrap Ooze","floor":3,"gold_loss":0},{"damage_healed":0,"gold_gain":75,"player_choice":"Gather Gold","damage_taken":11,"max_hp_gain":0,"max_hp_loss":0,"event_name":"World of Goop","floor":5,"gold_loss":0},{"damage_healed":0,"gold_gain":275,"player_choice":"Desecrate","damage_taken":0,"max_hp_gain":0,"max_hp_loss":0,"event_name":"Golden Shrine","floor":11,"gold_loss":0,"cards_obtained":["Regret"]},{"cards_removed":["Strike_G"],"damage_healed":0,"gold_gain":0,"player_choice":"Gave Gold","damage_taken":0,"max_hp_gain":0,"max_hp_loss":0,"event_name":"Beggar","floor":19,"gold_loss":75},{"damage_healed":0,"gold_gain":0,"player_choice":"Copied","damage_taken":0,"max_hp_gain":0,"max_hp_loss":0,"event_name":"Duplicator","floor":24,"gold_loss":0,"cards_obtained":["After Image"]},{"damage_healed":0,"gold_gain":0,"player_choice":"Simplicity","damage_taken":0,"max_hp_gain":0,"max_hp_loss":0,"event_name":"Back to Basics","floor":31,"gold_loss":0,"cards_upgraded":["Strike_G","Strike_G","Strike_G","Defend_G","Defend_G","Defend_G"]},{"damage_healed":0,"gold_gain":0,"player_choice":"Bought 2 Potions","damage_taken":0,"max_hp_gain":0,"max_hp_loss":0,"event_name":"The Woman in Blue","floor":36,"gold_loss":0}],"is_beta":false,"boss_relics":[{"not_picked":["Velvet Choker","Ectoplasm"],"picked":"Runic Pyramid"},{"not_picked":["Cursed Key","Tiny House"],"picked":"HoveringKite"}],"items_purged_floors":[13,21,42],"is_endless":false,"potions_floor_spawned":[1,2,12,14,20,25,30,35],"killed_by":"Reptomancer","ascension_level":20}}