{"host":"6q94iy5iz6612v89","time":1612413189,"event":{"mods":["2.2 Compatiblity","AchievementEnabler","BaseMod","Colored Map","DeckTracker","Keyboard Shortcuts","Marisa£¨Ùöéë¡¡Øª×âÞÞ£©","Minty Spire (QoL Compilation)","Permanent Neow","StSLib","SuperFastMode"],"gold_per_floor":[109,109,109,127,139,139,167,184,184,199,199,199,210,229,229,229,229],"floor_reached":16,"language":"KOR","playtime":266,"items_purged":[],"score":177,"play_id":"675aafcb-3227-4e2b-aa6c-efde67a78d09","local_time":"20210204133309","is_ascension_mode":true,"campfire_choices":[{"data":"BlazingStar","floor":6.0,"key":"SMITH"},{"data":"GalacticHalo","floor":12,"key":"SMITH"},{"data":"AsteroidBelt","floor":15,"key":"SMITH"}],"circlet_count":0,"master_deck":["AscendersBane","Strike_MRS","Strike_MRS","Strike_MRS","Defend_MRS","Defend_MRS","Defend_MRS","Defend_MRS","MasterSpark","UpSweep","BlazingStar+1","NonDirectionalLaser","AsteroidBelt+1","WitchLeyline","GalacticHalo+1","EnergyRecoil"],"relics":["MiniHakkero","Happy Flower","HornCleat","Pen Nib","SsserpentHead"],"acts_visited":["Exordium"],"potions_floor_usage":[10,16,16],"damage_taken":[{"damage":0.0,"enemies":"Small Slimes","floor":1.0,"turns":3.0},{"damage":4.0,"enemies":"2 Louse","floor":4.0,"turns":3.0},{"damage":1.0,"enemies":"Cultist","floor":5.0,"turns":3.0},{"damage":10.0,"enemies":"3 Sentries","floor":7.0,"turns":6.0},{"damage":0.0,"enemies":"Blue Slaver","floor":8.0,"turns":2.0},{"damage":0,"enemies":"Red Slaver","floor":10,"turns":1},{"damage":10,"enemies":"Lots of Slimes","floor":13,"turns":2},{"damage":0,"enemies":"Large Slime","floor":14,"turns":2},{"damage":6,"enemies":"Hexaghost","floor":16,"turns":4}],"seed_played":"2979711470514379097","potions_obtained":[{"floor":5.0,"key":"FearPotion"},{"floor":10,"key":"DuplicationPotion"},{"floor":13,"key":"BottledSpark"}],"is_trial":false,"path_per_floor":["M","?","?","M","M","R","E","M","T","M","?","R","M","M","R","B"],"character_chosen":"MARISA","items_purchased":[],"campfire_rested":0,"item_purchase_floors":[],"current_hp_per_floor":[63,63,30,26,25,25,15,15,15,15,15,15,5,5,5,0,0],"gold":229,"neow_bonus":"ONE_RANDOM_RARE_CARD","is_daily":false,"chose_seed":false,"campfire_upgraded":3,"win_rate":0.0,"timestamp":1612413189,"path_taken":["M","?","?","M","M","R","E","M","T","M","?","R","M","M","R","BOSS"],"items_purchased_type":[],"build_version":"2020-12-22","purchased_purges":0,"victory":false,"max_hp_per_floor":[70,70,70,70,70,70,70,70,70,70,70,70,70,70,70,70,70],"card_choices":[{"not_picked":["Robbery","MysteriousBeam"],"picked":"NonDirectionalLaser","floor":1.0},{"not_picked":["LuminesStrike","Occultation"],"picked":"AsteroidBelt","floor":4.0},{"not_picked":["Robbery","PowerUp","ShootingEcho"],"picked":"SKIP","floor":5.0},{"not_picked":["DeepEcoloBomb","EarthLightRay"],"picked":"WitchLeyline","floor":7.0},{"not_picked":["FinalSpark","IllusionStar","DoubleSpark"],"picked":"SKIP","floor":8},{"not_picked":["Acceleration","SporeBomb"],"picked":"GalacticHalo","floor":10},{"not_picked":["EnergyFlow","ShootingEcho"],"picked":"EnergyRecoil","floor":13},{"not_picked":["StarBarrage","DeepEcoloBomb","DoubleSpark"],"picked":"SKIP","floor":14}],"player_experience":1531347,"relics_obtained":[{"floor":7.0,"key":"HornCleat"},{"floor":9,"key":"Pen Nib"}],"event_choices":[{"cards_removed":["Strike_MRS"],"damage_healed":0.0,"max_hp_gain":0.0,"max_hp_loss":0.0,"gold_gain":0.0,"event_name":"Living Wall","player_choice":"Forget","floor":2.0,"gold_loss":0.0,"damage_taken":0.0},{"damage_healed":0.0,"max_hp_gain":0.0,"max_hp_loss":0.0,"gold_gain":0.0,"event_name":"Scrap Ooze","player_choice":"Success","floor":3.0,"gold_loss":0.0,"damage_taken":33.0,"relics_obtained":["Happy Flower"]},{"damage_healed":0,"gold_gain":0,"player_choice":"Trade","damage_taken":0,"relics_obtained":["SsserpentHead"],"max_hp_gain":0,"max_hp_loss":0,"event_name":"FaceTrader","floor":11,"gold_loss":0}],"is_beta":false,"boss_relics":[],"items_purged_floors":[],"is_endless":false,"potions_floor_spawned":[5,10,13,14],"killed_by":"Hexaghost","ascension_level":14}}