{"host":"i9wanet4r0ff4t9y","time":1612435324,"event":{"mods":["2.2 Compatiblity","Act Like it!","BaseMod","Bestiary","Better Altar","Better Match","Better Note","Better Sensory Stone","Better Skull","Better Third Choice","Better Vampires","BetterRewards","CapriCore","Colored Map","Curses Come First","Downfall","Hubris","Minty Spire (QoL Compilation)","Quick Restart","READ ME - Guardian Mod","READ ME - Snecko Mod","Relic Stats","Reliquary","Say the Spire","Spicy Shops","StSLib","The Gatherer","Waifu the Spire"],"gold_per_floor":[109,121,121,121,50,85,85,112,112,138,138,172,188,248,248,349,349,360,374,401,401,401,427,427,437,460,460,460,472,49,67,67,169,169,184,202,213,213,213,213,260,220,220,252,252,271,86,0,0,0],"floor_reached":51,"language":"POL","playtime":1201,"items_purged":[],"score":988,"play_id":"138451ea-2fc3-47ca-a5f8-445272e64963","local_time":"20210204114204","is_ascension_mode":true,"campfire_choices":[{"data":"Metamorphosis","floor":7.0,"key":"SMITH"},{"data":"Static Discharge","floor":11.0,"key":"SMITH"},{"floor":15.0,"key":"REST"},{"floor":24,"key":"REST"},{"floor":32,"key":"REST"},{"data":"Apotheosis","floor":40,"key":"SMITH"},{"floor":45,"key":"REST"},{"floor":49,"key":"REST"}],"circlet_count":0,"master_deck":["Strike_B","Strike_B","Strike_B","Strike_B","Defend_B","Defend_B","Defend_B","Defend_B","Zap","Metamorphosis+1","Conserve Battery+1","Meteor Strike","Loop","Fusion+1","Leap","Meteor Strike","Capacitor","Static Discharge+1","Loop","Ball Lightning","Gash","Sweeping Beam","Rainbow+1","Static Discharge","Steam+1","Go for the Eyes","Defragment","Electrodynamics","Writhe","Hello World","Apotheosis+1","Undo","Streamline+1","Fission","Doom and Gloom+1","Doom and Gloom+1","Streamline","Gash+1","hubris:DoWhile","Storm"],"relics":["Cracked Core","Lee\u0027s Waffle","Tiny Chest","Juzu Bracelet","reliquary:WeakTea","hubris:RunicObelisk","hubris:Icosahedron","Potion Belt","HornCleat","Pocketwatch","reliquary:LoveEmittingDiode","Matryoshka","Nuclear Battery","reliquary:Buckler","reliquary:Knoch","Bloody Idol","reliquary:ExpiredCoupon","Lantern","reliquary:Stiletto","Dead Branch","hubris:RGBLights","reliquary:RedPaperclip","hubris:Towel","Toy Ornithopter","Vajra","Kunai","Runic Capacitor","Red Mask"],"acts_visited":["Exordium","TheCity","TheBeyond"],"potions_floor_usage":[25,31,33],"damage_taken":[{"damage":0.0,"enemies":"Jaw Worm","floor":1.0,"turns":2.0},{"damage":0.0,"enemies":"2 Louse","floor":2.0,"turns":2.0},{"damage":19.0,"enemies":"3 Sentries","floor":6.0,"turns":6.0},{"damage":18.0,"enemies":"Lagavulin","floor":8.0,"turns":5.0},{"damage":0.0,"enemies":"Gremlin Nob","floor":10.0,"turns":3.0},{"damage":0.0,"enemies":"Lagavulin","floor":12.0,"turns":6.0},{"damage":0.0,"enemies":"Cultist","floor":13.0,"turns":3.0},{"damage":35.0,"enemies":"Hexaghost","floor":16.0,"turns":5.0},{"damage":0.0,"enemies":"Chosen","floor":18.0,"turns":4.0},{"damage":16.0,"enemies":"3 Byrds","floor":19.0,"turns":3.0},{"damage":17,"enemies":"Book of Stabbing","floor":23,"turns":4},{"damage":5,"enemies":"Snake Plant","floor":25,"turns":3},{"damage":14,"enemies":"Shelled Parasite and Fungi","floor":29,"turns":4},{"damage":9,"enemies":"3 Cultists","floor":31,"turns":4},{"damage":48,"enemies":"Collector","floor":33,"turns":8},{"damage":11,"enemies":"Orb Walker","floor":35,"turns":3},{"damage":17,"enemies":"3 Shapes","floor":36,"turns":2},{"damage":1,"enemies":"Sphere and 2 Shapes","floor":37,"turns":3},{"damage":45,"enemies":"Reptomancer","floor":44,"turns":6},{"damage":18,"enemies":"4 Shapes","floor":46,"turns":3},{"damage":66,"enemies":"Time Eater","floor":50,"turns":8}],"seed_played":"7349736066872531213","potions_obtained":[{"floor":1.0,"key":"Swift Potion"},{"floor":6.0,"key":"Regen Potion"},{"floor":8.0,"key":"ColorlessPotion"},{"floor":23,"key":"Block Potion"},{"floor":25,"key":"Fruit Juice"},{"floor":29,"key":"SkillPotion"},{"floor":31,"key":"BlessingOfTheForge"},{"floor":44,"key":"sneckomod:MuddlingPotion"},{"floor":46,"key":"SteroidPotion"}],"is_trial":false,"path_per_floor":["M","M","?","T","$","E","R","E","T","E","R","E","M","?","R","B",null,"M","M","T","?","?","E","R","M","T","?","T","M","$","M","R","B",null,"M","M","M","?","?","R","T","?","T","E","R","M","$","?","R","B",null],"character_chosen":"DEFECT","items_purchased":["Lee\u0027s Waffle","Tiny Chest","Metamorphosis","Juzu Bracelet","Conserve Battery","Meteor Strike","Loop","Meteor Strike","Apotheosis","hubris:RGBLights","Runic Capacitor","Storm"],"campfire_rested":5,"item_purchase_floors":[0,0,0,0,0,0,0,5,30,30,47,47],"current_hp_per_floor":[82,82,82,82,82,63,63,57,57,57,57,57,57,57,81,46,82,82,66,66,66,25,13,37,42,47,47,47,38,38,34,60,17,87,81,69,73,73,73,73,78,78,78,38,64,51,51,51,77,11],"gold":0,"neow_bonus":"","is_daily":false,"chose_seed":false,"campfire_upgraded":3,"win_rate":0.0,"timestamp":1612435324,"path_taken":["M","M","?","?","$","E","R","E","T","E","R","E","M","?","R","BOSS","M","M","?","?","?","E","R","M","T","?","?","M","?","M","R","BOSS","M","M","M","?","?","R","?","?","T","E","R","M","$","?","R","BOSS"],"items_purchased_type":["Relic","Relic","Card","Relic","Card","Card","Card","Card","Card","Relic","Relic","Card"],"build_version":"2020-12-22","purchased_purges":0,"victory":true,"max_hp_per_floor":[82,82,82,82,82,82,82,82,82,82,82,82,82,82,82,82,82,82,82,82,82,82,82,82,87,87,87,87,87,87,87,87,87,87,87,87,87,87,87,87,87,87,87,87,87,87,87,87,87,87],"relic_stats":{"Lee\u0027s Waffle":42,"counters":[312,1200],"Bloody Idol":60,"Dead Branch":[15],"Tiny Chest":3,"Juzu Bracelet":2,"Kunai":[2],"obtain_stats":[{"TwistedFunnel":0,"Replay:Accelerometer":42,"reliquary:Conveyor":38,"Spirit Poop":5,"Whetstone":24,"Sling":0,"Boot":23,"Old Coin":2,"reliquary:FerryPass":30,"Replay:Wanted Poster":17,"Blood Vial":12,"Sundial":43,"Replay:Bronze Core":17,"MealTicket":7,"Fusion Hammer":34,"Replay:Bottled Flurry":27,"HandDrill":30,"Kunai":44,"hubris:RGBLights":30,"Pear":44,"ReplayTheSpireMod:Ring of Addiction":46,"Counterbalance":47,"Pen Nib":37,"reliquary:WeakTea":0,"Akabeko":13,"Cables":40,"reliquary:Bookmark":0,"reliquary:SculptingSteel":10,"Ring of the Serpent":17,"Lantern":14,"Regal Pillow":0,"hubris:Metronome":23,"Singing Bowl":9,"reliquary:Aerogel":42,"Painkiller Herb":34,"StoneCalendar":53,"Blue Doll":25,"Bag of Preparation":6,"Replay:Multitool":27,"hubris:EmptyBottle":0,"Ancient Tea Set":25,"Cursed Key":34,"Smiling Mask":45,"Pet Ghost":9,"BranchBurnRelic":15,"Ring of Fangs":46,"Matryoshka":27,"WristBlade":17,"Ninja Scroll":21,"Toolbox":3,"reliquary:Buckler":20,"WingedGreaves":23,"Chemical X":37,"Ring of Panic":5,"InkBottle":44,"Ring of the Snake":0,"Potion Belt":4,"Lee\u0027s Waffle":0,"NeowsBlessing":0,"Golden Idol":2,"Circlet":0,"Thread and Needle":26,"betterThird:NestCultRelic":21,"The Courier":45,"PreservedInsect":0,"Omamori":9,"Ring of Greed":2,"Frozen Egg 2":26,"hubris:Towel":2,"MawBank":2,"Nuclear Battery":17,"reliquary:KinkedSpring":17,"sneckomod:BabySnecko":31,"Ornamental Fan":36,"hubris:Spice":28,"betterThird:SlimedRelic":2,"Bloody Idol":25,"Turnip":7,"Art of War":26,"Garlic":29,"ReplayTheSpireMod:Onyx Gauntlets":17,"hexamod:BolsterEngine":9,"Toy Ornithopter":46,"Ice Cream":0,"Divine Protection":9,"reliquary:FeatherDuster":25,"Tiny House":34,"Calipers":47,"Gremlin Horn":6,"reliquary:PartyBalloon":34,"CeramicFish":8,"Vajra":22,"Runic Capacitor":47,"reliquary:QuartzCube":12,"Centennial Puzzle":43,"Lizard Tail":47,"Replay:Frozen Program":0,"HornCleat":6,"Strawberry":37,"Honey Jar":34,"Philosopher\u0027s Stone":17,"Prayer Wheel":0,"Toxic Egg 2":26,"Happy Flower":43,"hubris:DuctTape":0,"ReplayTheSpireMod:CursedCoin":24,"reliquary:Sideboard":26,"Dead Branch":0,"Replay:Grab Bag":17,"Oddly Smooth Stone":20,"Ring of Chaos":34,"Replay:Kaleidoscope":0,"War Paint":26,"WarpedTongs":29,"reliquary:JackalopeAntler":10,"hubris:Zylophone":13,"Replay:Baseball":11,"Bottled Flame":30,"reliquary:PorcupineQuills":0,"ReplayTheSpireMod:Shallot":11,"Shuriken":9,"Bronze Scales":48,"Onion Ring":40,"Simple Rune":24,"Molten Egg 2":0,"hubris:PeanutButter":43,"Black Star":17,"ReplayTheSpireMod:TigerMarble":0,"reliquary:Knoch":10,"Symbiotic Virus":38,"Pocketwatch":44,"Darkstone Periapt":0,"Replay:PocketPolymizer":17,"reliquary:Boomerang":41,"SacredBark":46,"Mango":10,"Snake Skull":25,"Juzu Bracelet":0,"Incense Burner":28,"hubris:RunicObelisk":0,"Empty Cage":0,"ClockworkSouvenir":25,"Nunchaku":9,"Replay:Bandana":43,"Tough Bandages":0,"Dream Catcher":8,"Emotion Chip":41,"Chameleon Ring":0,"hubris:Icosahedron":36,"Mummified Hand":37,"Pantograph":37,"Gambling Chip":36,"hubris:Stopwatch":34,"Tiny Chest":0,"reliquary:RoseTintedGlasses":9,"Red Mask":19,"Replay:Antivirus Software":26,"Cracked Core":0,"Gremlin Food":30,"BargainBundle":53,"ReplayTheSpireMod:Ninjato":7,"reliquary:LoveEmittingDiode":0,"Guide Book":37,"Quantum Egg":30,"hexamod:Sixitude":37,"Replay:WaspNest":37,"Orichalcum":5,"Odd Mushroom":10,"Medical Kit":47,"White Beast Statue":36,"Mercury Hourglass":23,"Calling Bell":17,"Peace Pipe":36,"reliquary:ExpiredCoupon":26,"Anchor":23,"CaptainsWheel":37,"Pondfish Scales":54,"DataDisk":38,"reliquary:RedPaperclip":34,"reliquary:Craggleroot":34,"hubris:BundleOfHerbs":39,"reliquary:Stiletto":27,"Bag of Marbles":44,"reliquary:TuningFork":24,"Membership Card":0,"reliquary:PurpleTingedLeaf":0,"ReplayTheSpireMod:ShopPack":0},{"TwistedFunnel":76,"Replay:Accelerometer":122,"reliquary:Conveyor":232,"Spirit Poop":172,"Whetstone":61,"Sling":26,"Boot":113,"Old Coin":171,"reliquary:FerryPass":273,"Replay:Wanted Poster":84,"Blood Vial":263,"Sundial":70,"Replay:Bronze Core":34,"MealTicket":53,"Fusion Hammer":186,"Replay:Bottled Flurry":39,"HandDrill":41,"Kunai":310,"hubris:RGBLights":304,"Pear":71,"ReplayTheSpireMod:Ring of Addiction":48,"Counterbalance":150,"Pen Nib":66,"reliquary:WeakTea":291,"Akabeko":7,"Cables":190,"reliquary:Bookmark":192,"reliquary:SculptingSteel":291,"Ring of the Serpent":132,"Lantern":199,"Regal Pillow":214,"hubris:Metronome":269,"Singing Bowl":128,"reliquary:Aerogel":280,"Painkiller Herb":140,"StoneCalendar":152,"Blue Doll":166,"Bag of Preparation":3,"Replay:Multitool":39,"hubris:EmptyBottle":259,"Ancient Tea Set":15,"Cursed Key":18,"Smiling Mask":97,"Pet Ghost":105,"BranchBurnRelic":33,"Ring of Fangs":48,"Matryoshka":89,"WristBlade":58,"Ninja Scroll":59,"Toolbox":171,"reliquary:Buckler":301,"WingedGreaves":204,"Chemical X":66,"Ring of Panic":104,"InkBottle":71,"Ring of the Snake":0,"Potion Belt":293,"Lee\u0027s Waffle":49,"NeowsBlessing":0,"Golden Idol":260,"Circlet":0,"Thread and Needle":37,"betterThird:NestCultRelic":36,"The Courier":48,"PreservedInsect":154,"Omamori":4,"Ring of Greed":171,"Frozen Egg 2":88,"hubris:Towel":240,"MawBank":1,"Nuclear Battery":200,"reliquary:KinkedSpring":245,"sneckomod:BabySnecko":229,"Ornamental Fan":93,"hubris:Spice":251,"betterThird:SlimedRelic":102,"Bloody Idol":249,"Turnip":128,"Art of War":15,"Garlic":137,"ReplayTheSpireMod:Onyx Gauntlets":58,"hexamod:BolsterEngine":220,"Toy Ornithopter":48,"Ice Cream":192,"Divine Protection":159,"reliquary:FeatherDuster":205,"Tiny House":43,"Calipers":257,"Gremlin Horn":158,"reliquary:PartyBalloon":254,"CeramicFish":80,"Vajra":12,"Runic Capacitor":282,"reliquary:QuartzCube":221,"Centennial Puzzle":22,"Lizard Tail":24,"Replay:Frozen Program":170,"HornCleat":294,"Strawberry":45,"Honey Jar":117,"Philosopher\u0027s Stone":9,"Prayer Wheel":49,"Toxic Egg 2":113,"Happy Flower":122,"hubris:DuctTape":284,"ReplayTheSpireMod:CursedCoin":113,"reliquary:Sideboard":205,"Dead Branch":26,"Replay:Grab Bag":58,"Oddly Smooth Stone":110,"Ring of Chaos":92,"Replay:Kaleidoscope":26,"War Paint":135,"WarpedTongs":62,"reliquary:JackalopeAntler":197,"hubris:Zylophone":244,"Replay:Baseball":31,"Bottled Flame":90,"reliquary:PorcupineQuills":192,"ReplayTheSpireMod:Shallot":31,"Shuriken":80,"Bronze Scales":191,"Onion Ring":69,"Simple Rune":165,"Molten Egg 2":239,"hubris:PeanutButter":257,"Black Star":58,"ReplayTheSpireMod:TigerMarble":101,"reliquary:Knoch":197,"Symbiotic Virus":256,"Pocketwatch":23,"Darkstone Periapt":49,"Replay:PocketPolymizer":162,"reliquary:Boomerang":212,"SacredBark":48,"Mango":220,"Snake Skull":37,"Juzu Bracelet":26,"Incense Burner":40,"hubris:RunicObelisk":291,"Empty Cage":214,"ClockworkSouvenir":37,"Nunchaku":30,"Replay:Bandana":97,"Tough Bandages":126,"Dream Catcher":159,"Emotion Chip":257,"Chameleon Ring":76,"hubris:Icosahedron":255,"Mummified Hand":66,"Pantograph":66,"Gambling Chip":119,"hubris:Stopwatch":274,"Tiny Chest":76,"reliquary:RoseTintedGlasses":262,"Red Mask":11,"Replay:Antivirus Software":182,"Cracked Core":0,"Gremlin Food":41,"BargainBundle":75,"ReplayTheSpireMod:Ninjato":80,"reliquary:LoveEmittingDiode":214,"Guide Book":45,"Quantum Egg":63,"hexamod:Sixitude":210,"Replay:WaspNest":119,"Orichalcum":28,"Odd Mushroom":31,"Medical Kit":150,"White Beast Statue":275,"Mercury Hourglass":181,"Calling Bell":162,"Peace Pipe":209,"reliquary:ExpiredCoupon":303,"Anchor":13,"CaptainsWheel":20,"Pondfish Scales":76,"DataDisk":256,"reliquary:RedPaperclip":306,"reliquary:Craggleroot":230,"hubris:BundleOfHerbs":278,"reliquary:Stiletto":303,"Bag of Marbles":148,"reliquary:TuningFork":269,"Membership Card":26,"reliquary:PurpleTingedLeaf":239,"ReplayTheSpireMod:ShopPack":101},{"TwistedFunnel":283,"Replay:Accelerometer":422,"reliquary:Conveyor":854,"Spirit Poop":625,"Whetstone":237,"Sling":101,"Boot":394,"Old Coin":621,"reliquary:FerryPass":1021,"Replay:Wanted Poster":313,"Blood Vial":971,"Sundial":265,"Replay:Bronze Core":127,"MealTicket":209,"Fusion Hammer":676,"Replay:Bottled Flurry":144,"HandDrill":153,"Kunai":1189,"hubris:RGBLights":1163,"Pear":268,"ReplayTheSpireMod:Ring of Addiction":186,"Counterbalance":534,"Pen Nib":253,"reliquary:WeakTea":1113,"Akabeko":19,"Cables":695,"reliquary:Bookmark":711,"reliquary:SculptingSteel":1113,"Ring of the Serpent":465,"Lantern":731,"Regal Pillow":792,"hubris:Metronome":1005,"Singing Bowl":446,"reliquary:Aerogel":1064,"Painkiller Herb":500,"StoneCalendar":544,"Blue Doll":600,"Bag of Preparation":3,"Replay:Multitool":144,"hubris:EmptyBottle":957,"Ancient Tea Set":54,"Cursed Key":66,"Smiling Mask":346,"Pet Ghost":367,"BranchBurnRelic":118,"Ring of Fangs":186,"Matryoshka":324,"WristBlade":230,"Ninja Scroll":232,"Toolbox":621,"reliquary:Buckler":1152,"WingedGreaves":754,"Chemical X":253,"Ring of Panic":365,"InkBottle":268,"Ring of the Snake":0,"Potion Belt":1117,"Lee\u0027s Waffle":194,"NeowsBlessing":0,"Golden Idol":960,"Circlet":0,"Thread and Needle":137,"betterThird:NestCultRelic":133,"The Courier":186,"PreservedInsect":556,"Omamori":7,"Ring of Greed":621,"Frozen Egg 2":320,"hubris:Towel":883,"MawBank":1,"Nuclear Battery":738,"reliquary:KinkedSpring":903,"sneckomod:BabySnecko":839,"Ornamental Fan":335,"hubris:Spice":920,"betterThird:SlimedRelic":361,"Bloody Idol":915,"Turnip":446,"Art of War":54,"Garlic":486,"ReplayTheSpireMod:Onyx Gauntlets":230,"hexamod:BolsterEngine":809,"Toy Ornithopter":186,"Ice Cream":711,"Divine Protection":573,"reliquary:FeatherDuster":758,"Tiny House":164,"Calipers":948,"Gremlin Horn":570,"reliquary:PartyBalloon":938,"CeramicFish":298,"Vajra":42,"Runic Capacitor":1078,"reliquary:QuartzCube":813,"Centennial Puzzle":78,"Lizard Tail":88,"Replay:Frozen Program":616,"HornCleat":1123,"Strawberry":173,"Honey Jar":408,"Philosopher\u0027s Stone":30,"Prayer Wheel":194,"Toxic Egg 2":394,"Happy Flower":422,"hubris:DuctTape":1093,"ReplayTheSpireMod:CursedCoin":394,"reliquary:Sideboard":758,"Dead Branch":101,"Replay:Grab Bag":230,"Oddly Smooth Stone":381,"Ring of Chaos":332,"Replay:Kaleidoscope":101,"War Paint":477,"WarpedTongs":240,"reliquary:JackalopeAntler":725,"hubris:Zylophone":895,"Replay:Baseball":114,"Bottled Flame":326,"reliquary:PorcupineQuills":711,"ReplayTheSpireMod:Shallot":114,"Shuriken":298,"Bronze Scales":701,"Onion Ring":262,"Simple Rune":598,"Molten Egg 2":880,"hubris:PeanutButter":948,"Black Star":230,"ReplayTheSpireMod:TigerMarble":360,"reliquary:Knoch":725,"Symbiotic Virus":944,"Pocketwatch":83,"Darkstone Periapt":194,"Replay:PocketPolymizer":589,"reliquary:Boomerang":786,"SacredBark":186,"Mango":809,"Snake Skull":137,"Juzu Bracelet":101,"Incense Burner":148,"hubris:RunicObelisk":1113,"Empty Cage":792,"ClockworkSouvenir":137,"Nunchaku":111,"Replay:Bandana":346,"Tough Bandages":437,"Dream Catcher":573,"Emotion Chip":948,"Chameleon Ring":283,"hubris:Icosahedron":941,"Mummified Hand":253,"Pantograph":253,"Gambling Chip":415,"hubris:Stopwatch":1030,"Tiny Chest":283,"reliquary:RoseTintedGlasses":968,"Red Mask":38,"Replay:Antivirus Software":660,"Cracked Core":0,"Gremlin Food":153,"BargainBundle":280,"ReplayTheSpireMod:Ninjato":298,"reliquary:LoveEmittingDiode":792,"Guide Book":173,"Quantum Egg":243,"hexamod:Sixitude":781,"Replay:WaspNest":415,"Orichalcum":106,"Odd Mushroom":114,"Medical Kit":534,"White Beast Statue":1035,"Mercury Hourglass":657,"Calling Bell":589,"Peace Pipe":778,"reliquary:ExpiredCoupon":1159,"Anchor":46,"CaptainsWheel":72,"Pondfish Scales":283,"DataDisk":944,"reliquary:RedPaperclip":1175,"reliquary:Craggleroot":847,"hubris:BundleOfHerbs":1051,"reliquary:Stiletto":1159,"Bag of Marbles":526,"reliquary:TuningFork":1005,"Membership Card":101,"reliquary:PurpleTingedLeaf":880,"ReplayTheSpireMod:ShopPack":360}],"Toy Ornithopter":0,"Pocketwatch":[16]},"card_choices":[{"not_picked":["Coolheaded","Leap"],"picked":"Fusion","floor":1.0},{"not_picked":["Reprogram","Go for the Eyes"],"picked":"Leap","floor":2.0},{"not_picked":["Sweeping Beam","Rebound"],"picked":"Capacitor","floor":6.0},{"not_picked":["Genetic Algorithm","Conserve Battery"],"picked":"Static Discharge","floor":8.0},{"not_picked":["Sweeping Beam","Biased Cognition"],"picked":"Loop","floor":10.0},{"not_picked":["Go for the Eyes","Reprogram"],"picked":"Ball Lightning","floor":12.0},{"not_picked":["Rebound","Recycle"],"picked":"Gash","floor":13.0},{"not_picked":["Coolheaded","Hyperbeam"],"picked":"Sweeping Beam","floor":15.0},{"not_picked":["hubris:Prefetch","Hyperbeam"],"picked":"Rainbow","floor":16.0},{"not_picked":["Redo","Go for the Eyes"],"picked":"Static Discharge","floor":18.0},{"not_picked":["Lockon","Rip and Tear"],"picked":"Steam+1","floor":19.0},{"not_picked":["Blizzard","Gash"],"picked":"Go for the Eyes","floor":23},{"not_picked":["Stack","Hologram"],"picked":"Defragment","floor":24},{"not_picked":["Chaos","Skim"],"picked":"Electrodynamics","floor":25},{"not_picked":["Hologram","Coolheaded"],"picked":"Hello World","floor":29},{"not_picked":["Steam","Coolheaded+1"],"picked":"Undo","floor":31},{"not_picked":["Genetic Algorithm","Sweeping Beam+1"],"picked":"Streamline","floor":32},{"not_picked":["Rainbow","hubris:DoWhile"],"picked":"Fission","floor":33},{"not_picked":["Turbo","Chaos+1"],"picked":"Doom and Gloom+1","floor":35},{"not_picked":["Streamline","Recycle+1"],"picked":"Doom and Gloom+1","floor":36},{"not_picked":["Hologram","Steam"],"picked":"Streamline","floor":37},{"not_picked":["Streamline+1","Redo"],"picked":"Gash+1","floor":44},{"not_picked":["Reprogram+1","FTL"],"picked":"hubris:DoWhile","floor":46}],"player_experience":462983,"relics_obtained":[{"floor":4.0,"key":"Potion Belt"},{"floor":6.0,"key":"HornCleat"},{"floor":8.0,"key":"Pocketwatch"},{"floor":9.0,"key":"Dream Catcher"},{"floor":10.0,"key":"reliquary:LoveEmittingDiode"},{"floor":12.0,"key":"Matryoshka"},{"floor":20.0,"key":"reliquary:Buckler"},{"floor":20.0,"key":"reliquary:Knoch"},{"floor":23,"key":"Bag of Preparation"},{"floor":26,"key":"reliquary:ExpiredCoupon"},{"floor":26,"key":"Lantern"},{"floor":28,"key":"Dead Branch"},{"floor":41,"key":"Toy Ornithopter"},{"floor":43,"key":"Vajra"},{"floor":44,"key":"Kunai"}],"event_choices":[{"damage_healed":0.0,"max_hp_gain":0.0,"max_hp_loss":0.0,"gold_gain":60.0,"event_name":"Golden Wing","player_choice":"Gained Gold","floor":14.0,"gold_loss":0.0,"damage_taken":0.0},{"damage_healed":0.0,"max_hp_gain":66.0,"max_hp_loss":25.0,"gold_gain":0.0,"event_name":"betterAltar:BetterAltar","player_choice":" Idol ","floor":22.0,"potions_obtained":[],"relics_lost":[],"gold_loss":0.0,"damage_taken":41.0,"relics_obtained":["Bloody Idol"]},{"damage_healed":0,"gold_gain":0,"player_choice":"Opened","damage_taken":0,"relics_obtained":["reliquary:Stiletto"],"max_hp_gain":0,"max_hp_loss":0,"event_name":"The Mausoleum","floor":27,"gold_loss":0,"cards_obtained":["Writhe"]},{"cards_removed":["Dualcast"],"damage_healed":0,"gold_gain":0,"player_choice":"Removed Skill","damage_taken":0,"max_hp_gain":0,"max_hp_loss":0,"event_name":"Falling","floor":38,"gold_loss":0},{"damage_healed":0,"gold_gain":0,"player_choice":"Upgraded Two","damage_taken":0,"max_hp_gain":0,"max_hp_loss":0,"event_name":"Designer","floor":42,"gold_loss":40,"cards_upgraded":["Conserve Battery","Streamline"]},{"damage_healed":0,"gold_gain":0,"player_choice":"Paid","damage_taken":0,"relics_obtained":["Red Mask"],"max_hp_gain":0,"max_hp_loss":0,"event_name":"Tomb of Lord Red Mask","floor":48,"gold_loss":86}],"is_beta":false,"boss_relics":[{"not_picked":["SacredBark","reliquary:RedCape"],"picked":"Nuclear Battery"},{"not_picked":["bronze:MakeshiftBattery","hubris:HollowSoul"],"picked":"reliquary:RedPaperclip"}],"items_purged_floors":[],"is_endless":false,"potions_floor_spawned":[1,6,8,23,25,29,31,44,46],"ascension_level":4}}