{"host":"25fn74ijs2305xd4","time":1612457952,"event":{"mods":["AchievementEnabler","BaseMod","Colored Map","Colored Powertips","Dark Map","Minty Spire (QoL Compilation)","Relic Stats","StSLib"],"gold_per_floor":[164,164,178,196,209,241,241,257,257,274,274,286,302,332,332,429,429,444,456,456,472,472,472,503,503,503],"floor_reached":25,"language":"POL","playtime":4482,"items_purged":[],"score":273,"play_id":"10cd872e-110f-4e5e-8f3d-3a98392c619d","local_time":"20210204175912","is_ascension_mode":true,"campfire_choices":[{"data":"Iron Wave","floor":7,"key":"SMITH"},{"floor":11,"key":"REST"},{"floor":15,"key":"REST"},{"floor":23,"key":"REST"}],"circlet_count":0,"master_deck":["Strike_R","Strike_R","Strike_R+1","Strike_R","Defend_R","Defend_R","Defend_R","Defend_R","Bash","Headbutt","Body Slam","Iron Wave+1","Sword Boomerang","Anger","Pommel Strike","Intimidate","Fire Breathing","Anger","Spot Weakness","Pummel","Berserk","Metallicize+1","Power Through","Writhe","Disarm","Bandage Up","Headbutt","Battle Trance","Shrug It Off"],"relics":["Tiny House","InkBottle","Ornamental Fan","Smiling Mask","SacredBark","Turnip","MealTicket"],"acts_visited":["Exordium","TheCity"],"potions_floor_usage":[8,8,16,24,24,25],"damage_taken":[{"damage":0,"enemies":"Small Slimes","floor":1,"turns":3},{"damage":0,"enemies":"Cultist","floor":3,"turns":3},{"damage":4,"enemies":"2 Louse","floor":4,"turns":3},{"damage":6,"enemies":"Looter","floor":5,"turns":3},{"damage":25,"enemies":"Lagavulin","floor":6,"turns":7},{"damage":17,"enemies":"Exordium Thugs","floor":8,"turns":3},{"damage":12,"enemies":"Exordium Wildlife","floor":10,"turns":5},{"damage":4,"enemies":"Blue Slaver","floor":12,"turns":4},{"damage":18,"enemies":"Red Slaver","floor":13,"turns":4},{"damage":11,"enemies":"3 Sentries","floor":14,"turns":6},{"damage":35,"enemies":"Slime Boss","floor":16,"turns":9},{"damage":0,"enemies":"Chosen","floor":18,"turns":4},{"damage":20,"enemies":"Shell Parasite","floor":19,"turns":5},{"damage":38,"enemies":"Shelled Parasite and Fungi","floor":21,"turns":6},{"damage":54,"enemies":"Book of Stabbing","floor":24,"turns":8},{"damage":3,"enemies":"Chosen and Byrds","floor":25,"turns":1}],"seed_played":"-2912516026324064224","potions_obtained":[{"floor":0,"key":"Strength Potion"},{"floor":4,"key":"Fire Potion"},{"floor":6,"key":"DuplicationPotion"},{"floor":8,"key":"Energy Potion"},{"floor":14,"key":"DuplicationPotion"},{"floor":16,"key":"Explosive Potion"}],"is_trial":false,"path_per_floor":["M","?","M","M","M","E","R","M","T","M","R","M","M","E","R","B",null,"M","M","?","M","?","R","E","M"],"character_chosen":"IRONCLAD","items_purchased":[],"campfire_rested":3,"item_purchase_floors":[],"current_hp_per_floor":[85,85,85,81,75,50,50,33,33,21,46,42,24,13,38,3,85,85,65,65,27,27,52,2,0,0],"gold":503,"neow_bonus":"BOSS_RELIC","is_daily":false,"chose_seed":false,"campfire_upgraded":1,"win_rate":0.0,"timestamp":1612457952,"path_taken":["M","?","M","M","M","E","R","M","T","M","R","M","M","E","R","BOSS","M","?","?","M","?","R","E","?"],"items_purchased_type":[],"build_version":"2020-12-22","purchased_purges":0,"victory":false,"max_hp_per_floor":[85,85,85,85,85,85,85,85,85,85,85,85,85,85,85,85,85,85,85,85,85,85,85,85,85,85],"relic_stats":{"counters":[16,74],"Ornamental Fan":[88],"MealTicket":0,"Turnip":[2],"Smiling Mask":0,"obtain_stats":[{"Tiny House":0,"Ornamental Fan":9,"SacredBark":17,"MealTicket":24,"Turnip":20,"Smiling Mask":14,"Burning Blood":0,"InkBottle":6},{"Tiny House":0,"Ornamental Fan":6,"SacredBark":11,"MealTicket":15,"Turnip":13,"Smiling Mask":10,"Burning Blood":0,"InkBottle":5},{"Tiny House":0,"Ornamental Fan":22,"SacredBark":50,"MealTicket":73,"Turnip":59,"Smiling Mask":41,"Burning Blood":0,"InkBottle":19}],"InkBottle":[14]},"card_choices":[{"not_picked":["Sentinel","Havoc"],"picked":"Headbutt","floor":0},{"not_picked":["Clash","Armaments"],"picked":"Body Slam","floor":1},{"not_picked":["Intimidate","Dark Embrace"],"picked":"Sword Boomerang","floor":3},{"not_picked":["Flex","Twin Strike"],"picked":"Anger","floor":4},{"not_picked":["Second Wind","Thunderclap"],"picked":"Pommel Strike","floor":5},{"not_picked":["Dark Embrace","Twin Strike"],"picked":"Intimidate","floor":6},{"not_picked":["Sever Soul","Double Tap"],"picked":"Fire Breathing","floor":8},{"not_picked":["Sentinel","Body Slam"],"picked":"Anger","floor":10},{"not_picked":["Shrug It Off","Rage"],"picked":"Spot Weakness","floor":12},{"not_picked":["Dropkick","Infernal Blade","Combust"],"picked":"SKIP","floor":13},{"not_picked":["Carnage","Limit Break"],"picked":"Pummel","floor":14},{"not_picked":["Exhume","Fiend Fire"],"picked":"Berserk","floor":16},{"not_picked":["Blood for Blood+1","Perfected Strike+1"],"picked":"Metallicize+1","floor":18},{"not_picked":["Thunderclap","Cleave"],"picked":"Power Through","floor":19},{"not_picked":["Sever Soul","Inflame"],"picked":"Disarm","floor":21},{"not_picked":["Warcry+1","Battle Trance+1"],"picked":"Shrug It Off","floor":24}],"player_experience":88633,"relics_obtained":[{"floor":6,"key":"InkBottle"},{"floor":9,"key":"Ornamental Fan"},{"floor":14,"key":"Smiling Mask"},{"floor":24,"key":"MealTicket"}],"event_choices":[{"damage_healed":0,"gold_gain":0,"cards_transformed":["Strike_R"],"player_choice":"Transformed","damage_taken":0,"max_hp_gain":0,"max_hp_loss":0,"event_name":"Transmorgrifier","floor":2,"gold_loss":0,"cards_obtained":["Iron Wave"]},{"damage_healed":0,"gold_gain":0,"player_choice":"Opened","damage_taken":0,"relics_obtained":["Turnip"],"max_hp_gain":0,"max_hp_loss":0,"event_name":"The Mausoleum","floor":20,"gold_loss":0,"cards_obtained":["Writhe"]},{"damage_healed":0,"gold_gain":0,"player_choice":"3 cards matched","damage_taken":0,"max_hp_gain":0,"max_hp_loss":0,"event_name":"Match and Keep!","floor":22,"gold_loss":0,"cards_obtained":["Bandage Up","Headbutt","Battle Trance"]}],"is_beta":false,"boss_relics":[{"not_picked":["Runic Cube","Fusion Hammer"],"picked":"SacredBark"}],"items_purged_floors":[],"is_endless":false,"potions_floor_spawned":[4,6,8,14,16,19],"killed_by":"Chosen and Byrds","ascension_level":3}}