{"host":"jqa9y4qkalbx8qgz","time":1612470582,"event":{"mods":["Act Like it!","BaseMod","BetterRewards","Downfall","Gensokyo","Marisa????????","Minty Spire (QoL Compilation)","Permanent Neow","Relic Stats","Replay The Spire","StSLib","Wandering Minibosses"],"gold_per_floor":[117,10,21,39,55,89,89,89,89,89,89,89,69,83,97,130,130,232,232,248,248,158,173,187,220,220,238,238,338,364,364,432,458,458,563,563,577,592,605,618,631,662,673,706,706,731,17,48,67,67,67,67,67,67,33,58,58],"floor_reached":58,"language":"ENG","playtime":10137,"items_purged":["Parasite","Strike_P"],"score":1163,"play_id":"21d849e3-1a4a-4a35-8388-ae5210d0fb7d","local_time":"20210204232942","is_ascension_mode":true,"campfire_choices":[{"data":"Eruption","floor":7.0,"key":"SMITH"},{"data":"LikeWater","floor":12.0,"key":"SMITH"},{"data":"Tantrum","floor":17.0,"key":"SMITH"},{"data":"RitualDagger","floor":26.0,"key":"SMITH"},{"data":"Omniscience","floor":31.0,"key":"SMITH"},{"data":"Collect","floor":34.0,"key":"SMITH"},{"floor":51.0,"key":"RECALL"}],"circlet_count":0,"master_deck":["Strike_P","Strike_P","Defend_P+1","Defend_P","Defend_P","Defend_P","Eruption+1","Vigilance","ReplayTheSpireMod:Trickstab","Vengeance","LikeWater","FlyingSleeves","EmptyFist","CutThroughFate","FollowUp","InnerPeace","LikeWater+1","Tantrum+1","Perseverance","SashWhip","Omniscience+1","Halt+1","RitualDagger+1","DeceiveReality","Sanctity+1","FearNoEvil","FlurryOfBlows","ClearTheMind","Collect+1","AbeCurse","SpiritShield","Protect","Crescendo+1","Wireheading","Replay:Vibes+1","Establishment","Nirvana","WindmillStrike","Fasting2"],"relics":["PureWater","ReplayTheSpireMod:CursedCoin","Darkstone Periapt","Durian","StoneCalendar","bronze:MakeshiftBattery","Divine Protection","PreservedInsect","Peace Pipe","Bottled Tornado","Replay:Mystery Machine","Pear","Replay:Ringing Soul","Busted Crown","Replay:Wax Seal","Garlic","Chameleon Ring","Toy Ornithopter","Ornamental Fan","Replay:Kaleidoscope","Blood Vial"],"acts_visited":["Exordium","TheCity","TheBeyond","TheEnding"],"potions_floor_usage":[57,57,57],"damage_taken":[{"damage":0.0,"enemies":"2 Louse","floor":1.0,"turns":3.0},{"damage":1.0,"enemies":"Jaw Worm","floor":3.0,"turns":3.0},{"damage":1.0,"enemies":"Cultist","floor":4.0,"turns":3.0},{"damage":8.0,"enemies":"Large Slime","floor":5.0,"turns":2.0},{"damage":26.0,"enemies":"Lagavulin","floor":6.0,"turns":6.0},{"damage":2.0,"enemies":"2 Fungi Beasts","floor":14.0,"turns":2.0},{"damage":0.0,"enemies":"Lots of Slimes","floor":15.0,"turns":2.0},{"damage":6.0,"enemies":"Replay:BlueRogue","floor":16.0,"turns":5.0},{"damage":15.0,"enemies":"Hexaghost","floor":18.0,"turns":8.0},{"damage":0.0,"enemies":"Spheric Guardian","floor":20.0,"turns":3.0},{"damage":6.0,"enemies":"2 Thieves","floor":23.0,"turns":3.0},{"damage":8.0,"enemies":"Sentry and Sphere","floor":24.0,"turns":5.0},{"damage":13.0,"enemies":"Gremlin Leader","floor":25.0,"turns":7.0},{"damage":7.0,"enemies":"Snake Plant","floor":27.0,"turns":7.0},{"damage":0.0,"enemies":"Colosseum Slavers","floor":29.0,"turns":5.0},{"damage":12.0,"enemies":"Colosseum Nobs","floor":29.0,"turns":4.0},{"damage":10.0,"enemies":"Book of Stabbing","floor":30.0,"turns":7.0},{"damage":0.0,"enemies":"Replay:Snechameleon","floor":33.0,"turns":5.0},{"damage":18.0,"enemies":"Pondfish","floor":35.0,"turns":15.0},{"damage":0.0,"enemies":"3 Darklings","floor":37.0,"turns":7.0},{"damage":0.0,"enemies":"Orb Walker","floor":38.0,"turns":5.0},{"damage":26.0,"enemies":"Writhing Mass","floor":39.0,"turns":7.0},{"damage":0.0,"enemies":"4 Shapes","floor":40.0,"turns":7.0},{"damage":19.0,"enemies":"Jaw Worm Horde","floor":41.0,"turns":3.0},{"damage":8.0,"enemies":"R_Hoarder","floor":42.0,"turns":8.0},{"damage":0.0,"enemies":"Sphere and 2 Shapes","floor":43.0,"turns":6.0},{"damage":0.0,"enemies":"Giant Head","floor":44.0,"turns":7.0},{"damage":24.0,"enemies":"Nemesis","floor":46.0,"turns":11.0},{"damage":0.0,"enemies":"Giant Head","floor":48.0,"turns":4.0},{"damage":0.0,"enemies":"Maw","floor":49.0,"turns":6.0},{"damage":6.0,"enemies":"Replay:Hell Engine","floor":52.0,"turns":10.0},{"damage":29,"enemies":"Shield and Spear","floor":56,"turns":5},{"damage":101,"enemies":"The Heart","floor":57,"turns":12}],"seed_played":"-6268971553224912015","potions_obtained":[{"floor":3.0,"key":"Weak Potion"},{"floor":5.0,"key":"Dexterity Potion"},{"floor":6.0,"key":"Fruit Juice"},{"floor":13.0,"key":"Fire Potion"},{"floor":23.0,"key":"Elixir"},{"floor":24.0,"key":"champ:CounterPotion"},{"floor":29.0,"key":"Fire Potion"},{"floor":30.0,"key":"hexamod:SoulburnPotion"},{"floor":35.0,"key":"sneckomod:MuddlingPotion"},{"floor":39.0,"key":"PowerPotion"},{"floor":42.0,"key":"Dexterity Potion"},{"floor":44.0,"key":"StancePotion"},{"floor":46.0,"key":"Toxic Potion"},{"floor":54.0,"key":"Regen Potion"},{"floor":54.0,"key":"BlessingOfTheForge"}],"is_trial":false,"path_per_floor":["M","$","M","M","M","E","R","PTL","PTL","?","T","R","?","M","M","E","R","B",null,"M","?","?","M","M","E","R","M","T","?","E","R","T","E","R","B",null,"M","M","M","M","M","E","M","E","T","E","$","E","M","?","R","B",null,"R","$","E","B",null],"character_chosen":"WATCHER","items_purchased":["ReplayTheSpireMod:CursedCoin","LikeWater","FlyingSleeves","EmptyFist","Toy Ornithopter","Ornamental Fan","DuplicationPotion","Nirvana","WindmillStrike","Fasting2"],"campfire_rested":0,"item_purchase_floors":[2,2,2,2,47,47,47,47,47,55],"current_hp_per_floor":[72,69,68,67,59,33,33,33,33,33,38,38,43,41,41,35,35,20,79,79,73,73,67,59,46,46,39,39,27,17,17,27,27,27,18,98,101,101,78,81,62,54,57,60,60,36,39,39,39,39,39,43,116,116,119,90,33],"gold":58,"neow_bonus":"COLORLESS_CARD","is_daily":false,"chose_seed":false,"campfire_upgraded":6,"win_rate":0.0,"timestamp":1612470582,"path_taken":["M","$","M","M","M","E","R","PTL","PTL","?","T","R","?","?","M","E","R","BOSS","M","?","?","?","M","E","R","M","T","?","E","R","?","E","R","BOSS","M","?","M","M","M","E","M","E","T","E","$","E","M","?","R","BOSS","R","$","E","BOSS"],"items_purchased_type":["Relic","Card","Card","Card","Relic","Relic","Potion","Card","Card","Card"],"build_version":"2020-12-22","purchased_purges":2,"victory":true,"max_hp_per_floor":[72,69,69,69,69,69,69,69,69,69,74,74,79,79,79,79,79,79,79,79,79,79,79,79,79,79,79,79,79,79,79,89,89,89,98,98,101,101,104,107,107,107,110,113,113,113,116,116,116,116,116,116,116,116,119,119,119],"relic_stats":{"Darkstone Periapt":6,"Peace Pipe":0,"Blood Vial":2,"Busted Crown":24,"counters":[248,1367],"Ornamental Fan":[60],"StoneCalendar":[366],"PreservedInsect":573,"obtain_stats":[{"Golden Egg":54,"Replay:Accelerometer":24,"infinitespire:Cubic Diamond":105,"Ginger":9,"Whetstone":37,"Bottled Tornado":29,"Boot":13,"Sling":0,"Old Coin":44,"CCEMRelics:DerglesHeadphones":0,"Blood Vial":76,"Replay:Ringing Soul":71,"infinitespire:ShieldingShard":112,"Sundial":44,"MealTicket":93,"Fusion Hammer":68,"CCEMRelics:Sandal":54,"HandDrill":53,"Kunai":30,"Replay:Wax Seal":44,"Replay:Bottled Steam":9,"Pear":43,"Counterbalance":0,"Blue Candle":69,"Eternal Feather":26,"Pen Nib":43,"Guardian:PocketSentry":15,"infinitespire:Magic Flask":95,"SlaversCollar":17,"infinitespire:Lychee Nut":42,"infinitespire:Broken Mirror":50,"MutagenicStrength":19,"Bird Faced Urn":65,"Unceasing Top":13,"Abe\u0027s Treasure":17,"infinitespire:PuzzleCube":40,"Lantern":46,"Regal Pillow":43,"Torii":39,"Singing Bowl":98,"Replay:Purple Gloves":0,"Blue Doll":0,"StoneCalendar":0,"Replay:Multitool":47,"Bag of Preparation":86,"Ancient Tea Set":6,"Smiling Mask":42,"Cursed Key":34,"Pet Ghost":42,"Replay:Rubber Ducky":40,"Shovel":14,"Matryoshka":67,"Ring of Peace":90,"Toolbox":40,"WingedGreaves":61,"Chemical X":81,"Replay:Bottled Eggs":46,"CCEMRelics:OrganicArmor":0,"Potion Belt":23,"Replay:M_StaffOfTheSnake":4,"Damaru":23,"Thread and Needle":0,"infinitespire:Joker Card":37,"PreservedInsect":108,"The Courier":26,"Omamori":72,"Ring of Greed":44,"infinitespire:Lucky Rock":84,"Frozen Egg 2":43,"MawBank":46,"GoldenEye":42,"Replay:Arrowhead":31,"sneckomod:BabySnecko":28,"Busted Crown":51,"Ornamental Fan":7,"Ring of Misfortune":44,"Garlic":42,"Durian":0,"Art of War":47,"Slimebound:AbsorbEndCombat":105,"ReplayTheSpireMod:Lightbulb":29,"Toy Ornithopter":41,"wanderingMiniBosses:Inkheart":31,"infinitespire:Midas Blood":95,"Ice Cream":98,"Divine Protection":54,"Calipers":61,"Gremlin Horn":27,"CeramicFish":40,"Vajra":21,"Sozu":34,"Centennial Puzzle":0,"HornCleat":53,"Honey Jar":34,"Prayer Wheel":41,"Iron Hammer":54,"Toxic Egg 2":41,"Girya":0,"Happy Flower":43,"wanderingMiniBosses:ThiefScarf":38,"ReplayTheSpireMod:CursedCoin":4,"Replay:Grab Bag":34,"Dead Branch":108,"Oddly Smooth Stone":38,"Ring of Chaos":17,"Replay:Kaleidoscope":44,"War Paint":0,"Question Card":72,"OrangePellets":0,"Replay:Baseball":65,"ReplayTheSpireMod:Shallot":106,"Bronze Scales":11,"Simple Rune":27,"Onion Ring":58,"Black Star":34,"Nloth\u0027s Gift":28,"ReplayTheSpireMod:TigerMarble":43,"infinitespire:EmpoweringShard":78,"Grinning Jar":11,"Mirror":42,"bronze:MakeshiftBattery":19,"Pocketwatch":0,"NlothsMask":2,"Meat on the Bone":95,"ReplayFunnel":42,"Darkstone Periapt":6,"Replay:PocketPolymizer":30,"Melange":38,"CloakClasp":0,"Incense Burner":0,"Juzu Bracelet":47,"TeardropLocket":19,"Replay:Mystery Machine":45,"ClockworkSouvenir":0,"Frozen Eye":62,"Replay:Bandana":39,"Nunchaku":45,"Dream Catcher":13,"TheAbacus":0,"Chameleon Ring":9,"Mummified Hand":27,"Pantograph":45,"Tiny Chest":25,"Red Mask":25,"Replay:Bottled Snecko":7,"Runic Pyramid":91,"Gremlin Food":46,"ReplayTheSpireMod:Ninjato":53,"infinitespire:CursedDice":93,"Quantum Egg":25,"Guide Book":53,"infinitespire:FocusingShard":67,"Orichalcum":48,"Medical Kit":50,"Mercury Hourglass":58,"CCEMRelics:SpiritsEdge":37,"Peace Pipe":29,"Strange Spoon":0,"Anchor":9,"CaptainsWheel":0,"Pondfish Scales":92,"infinitespire:Satchel":29,"HolyWater":56,"Ring of Fury":90,"CCEMRelics:GrindingGear":24,"Snack Pack":0,"Coffee Dripper":17,"Bag of Marbles":76,"Membership Card":69,"PureWater":0,"FossilizedHelix":8,"TungstenRod":98},{"Golden Egg":27,"Replay:Accelerometer":70,"infinitespire:Cubic Diamond":179,"Ginger":120,"Whetstone":200,"Bottled Tornado":231,"Boot":36,"Sling":55,"Old Coin":79,"CCEMRelics:DerglesHeadphones":208,"Blood Vial":164,"Replay:Ringing Soul":162,"infinitespire:ShieldingShard":182,"Sundial":108,"MealTicket":174,"Fusion Hammer":161,"CCEMRelics:Sandal":207,"HandDrill":26,"Kunai":196,"Replay:Wax Seal":79,"Replay:Bottled Steam":33,"Pear":203,"Counterbalance":83,"Blue Candle":161,"Eternal Feather":137,"Pen Nib":22,"Guardian:PocketSentry":7,"infinitespire:Magic Flask":175,"SlaversCollar":8,"infinitespire:Lychee Nut":146,"infinitespire:Broken Mirror":149,"MutagenicStrength":39,"Bird Faced Urn":159,"Unceasing Top":63,"Abe\u0027s Treasure":131,"infinitespire:PuzzleCube":145,"Lantern":109,"Regal Pillow":146,"Torii":143,"Singing Bowl":176,"Replay:Purple Gloves":113,"Blue Doll":55,"StoneCalendar":113,"Replay:Multitool":81,"Bag of Preparation":169,"Ancient Tea Set":86,"Smiling Mask":145,"Cursed Key":198,"Pet Ghost":107,"Replay:Rubber Ducky":20,"Shovel":7,"Matryoshka":160,"Ring of Peace":171,"Toolbox":144,"WingedGreaves":158,"Chemical X":167,"Replay:Bottled Eggs":24,"CCEMRelics:OrganicArmor":208,"Potion Belt":42,"Replay:M_StaffOfTheSnake":57,"Damaru":13,"Thread and Needle":183,"infinitespire:Joker Card":142,"PreservedInsect":181,"The Courier":193,"Omamori":163,"Ring of Greed":79,"infinitespire:Lucky Rock":168,"Frozen Egg 2":107,"MawBank":24,"GoldenEye":107,"Replay:Arrowhead":15,"sneckomod:BabySnecko":14,"Busted Crown":150,"Ornamental Fan":3,"Ring of Misfortune":79,"Garlic":22,"Durian":28,"Art of War":54,"Slimebound:AbsorbEndCombat":179,"ReplayTheSpireMod:Lightbulb":72,"Toy Ornithopter":51,"wanderingMiniBosses:Inkheart":74,"infinitespire:Midas Blood":175,"Ice Cream":176,"Divine Protection":112,"Calipers":157,"Gremlin Horn":193,"CeramicFish":20,"Vajra":11,"Sozu":102,"Centennial Puzzle":83,"HornCleat":26,"Honey Jar":75,"Prayer Wheel":79,"Iron Hammer":27,"Toxic Egg 2":51,"Girya":183,"Happy Flower":79,"wanderingMiniBosses:ThiefScarf":143,"ReplayTheSpireMod:CursedCoin":84,"Replay:Grab Bag":102,"Dead Branch":181,"Oddly Smooth Stone":77,"Ring of Chaos":38,"Replay:Kaleidoscope":108,"War Paint":183,"Question Card":163,"OrangePellets":28,"Replay:Baseball":160,"ReplayTheSpireMod:Shallot":179,"Bronze Scales":5,"Simple Rune":97,"Onion Ring":155,"Black Star":16,"Nloth\u0027s Gift":43,"ReplayTheSpireMod:TigerMarble":52,"infinitespire:EmpoweringShard":166,"Grinning Jar":61,"Mirror":145,"bronze:MakeshiftBattery":224,"Pocketwatch":28,"NlothsMask":84,"Meat on the Bone":174,"ReplayFunnel":22,"Darkstone Periapt":220,"Replay:PocketPolymizer":45,"Melange":77,"CloakClasp":0,"Incense Burner":28,"Juzu Bracelet":54,"TeardropLocket":190,"Replay:Mystery Machine":53,"ClockworkSouvenir":28,"Frozen Eye":158,"Replay:Bandana":19,"Nunchaku":80,"Dream Catcher":89,"TheAbacus":183,"Chameleon Ring":185,"Mummified Hand":71,"Pantograph":53,"Tiny Chest":14,"Red Mask":43,"Replay:Bottled Snecko":119,"Runic Pyramid":171,"Gremlin Food":147,"ReplayTheSpireMod:Ninjato":206,"infinitespire:CursedDice":173,"Quantum Egg":96,"Guide Book":206,"infinitespire:FocusingShard":160,"Orichalcum":110,"Medical Kit":149,"Mercury Hourglass":155,"CCEMRelics:SpiritsEdge":200,"Peace Pipe":231,"Strange Spoon":113,"Anchor":3,"CaptainsWheel":113,"Pondfish Scales":172,"infinitespire:Satchel":138,"HolyWater":153,"Ring of Fury":171,"CCEMRelics:GrindingGear":192,"Snack Pack":28,"Coffee Dripper":65,"Bag of Marbles":164,"Membership Card":161,"PureWater":0,"FossilizedHelix":120,"TungstenRod":175},{"Golden Egg":172,"Replay:Accelerometer":347,"infinitespire:Cubic Diamond":978,"Ginger":739,"Whetstone":1086,"Bottled Tornado":1242,"Boot":206,"Sling":288,"Old Coin":380,"CCEMRelics:DerglesHeadphones":1145,"Blood Vial":914,"Replay:Ringing Soul":908,"infinitespire:ShieldingShard":984,"Sundial":675,"MealTicket":956,"Fusion Hammer":904,"CCEMRelics:Sandal":1136,"HandDrill":164,"Kunai":1067,"Replay:Wax Seal":380,"Replay:Bottled Steam":198,"Pear":1110,"Counterbalance":394,"Blue Candle":904,"Eternal Feather":804,"Pen Nib":133,"Guardian:PocketSentry":41,"infinitespire:Magic Flask":960,"SlaversCollar":53,"infinitespire:Lychee Nut":840,"infinitespire:Broken Mirror":851,"MutagenicStrength":220,"Bird Faced Urn":892,"Unceasing Top":314,"Abe\u0027s Treasure":780,"infinitespire:PuzzleCube":836,"Lantern":680,"Regal Pillow":840,"Torii":825,"Singing Bowl":965,"Replay:Purple Gloves":706,"Blue Doll":288,"StoneCalendar":706,"Replay:Multitool":386,"Bag of Preparation":938,"Ancient Tea Set":404,"Smiling Mask":836,"Cursed Key":1081,"Pet Ghost":663,"Replay:Rubber Ducky":122,"Shovel":41,"Matryoshka":896,"Ring of Peace":944,"Toolbox":830,"WingedGreaves":886,"Chemical X":932,"Replay:Bottled Eggs":147,"CCEMRelics:OrganicArmor":1145,"Potion Belt":227,"Replay:M_StaffOfTheSnake":292,"Damaru":79,"Thread and Needle":985,"infinitespire:Joker Card":820,"PreservedInsect":983,"The Courier":1049,"Omamori":911,"Ring of Greed":380,"infinitespire:Lucky Rock":934,"Frozen Egg 2":663,"MawBank":147,"GoldenEye":663,"Replay:Arrowhead":90,"sneckomod:BabySnecko":86,"Busted Crown":857,"Ornamental Fan":19,"Ring of Misfortune":380,"Garlic":133,"Durian":181,"Art of War":281,"Slimebound:AbsorbEndCombat":978,"ReplayTheSpireMod:Lightbulb":356,"Toy Ornithopter":260,"wanderingMiniBosses:Inkheart":364,"infinitespire:Midas Blood":960,"Ice Cream":965,"Divine Protection":700,"Calipers":880,"Gremlin Horn":1049,"CeramicFish":122,"Vajra":70,"Sozu":635,"Centennial Puzzle":394,"HornCleat":164,"Honey Jar":371,"Prayer Wheel":380,"Iron Hammer":172,"Toxic Egg 2":260,"Girya":985,"Happy Flower":380,"wanderingMiniBosses:ThiefScarf":825,"ReplayTheSpireMod:CursedCoin":398,"Replay:Grab Bag":635,"Dead Branch":983,"Oddly Smooth Stone":375,"Ring of Chaos":217,"Replay:Kaleidoscope":675,"War Paint":985,"Question Card":911,"OrangePellets":181,"Replay:Baseball":896,"ReplayTheSpireMod:Shallot":978,"Bronze Scales":28,"Simple Rune":610,"Onion Ring":873,"Black Star":98,"Nloth\u0027s Gift":229,"ReplayTheSpireMod:TigerMarble":267,"infinitespire:EmpoweringShard":928,"Grinning Jar":309,"Mirror":836,"bronze:MakeshiftBattery":1208,"Pocketwatch":181,"NlothsMask":398,"Meat on the Bone":956,"ReplayFunnel":133,"Darkstone Periapt":1191,"Replay:PocketPolymizer":237,"Melange":375,"CloakClasp":0,"Incense Burner":181,"Juzu Bracelet":281,"TeardropLocket":1030,"Replay:Mystery Machine":274,"ClockworkSouvenir":181,"Frozen Eye":886,"Replay:Bandana":115,"Nunchaku":383,"Dream Catcher":416,"TheAbacus":985,"Chameleon Ring":992,"Mummified Hand":351,"Pantograph":274,"Tiny Chest":86,"Red Mask":229,"Replay:Bottled Snecko":733,"Runic Pyramid":944,"Gremlin Food":845,"ReplayTheSpireMod:Ninjato":1134,"infinitespire:CursedDice":952,"Quantum Egg":607,"Guide Book":1134,"infinitespire:FocusingShard":896,"Orichalcum":686,"Medical Kit":851,"Mercury Hourglass":873,"CCEMRelics:SpiritsEdge":1086,"Peace Pipe":1242,"Strange Spoon":706,"Anchor":19,"CaptainsWheel":706,"Pondfish Scales":947,"infinitespire:Satchel":806,"HolyWater":868,"Ring of Fury":944,"CCEMRelics:GrindingGear":1040,"Snack Pack":181,"Coffee Dripper":327,"Bag of Marbles":914,"Membership Card":904,"PureWater":0,"FossilizedHelix":739,"TungstenRod":960}],"Toy Ornithopter":25},"card_choices":[{"not_picked":["Halt","Swivel"],"picked":"Vengeance","floor":1.0},{"not_picked":["JustLucky","Collect"],"picked":"CutThroughFate","floor":3.0},{"not_picked":["FlyingSleeves","Prostrate"],"picked":"FollowUp","floor":4.0},{"not_picked":["Replay:Hum","FollowUp"],"picked":"InnerPeace","floor":5.0},{"not_picked":["FlyingSleeves","Consecrate"],"picked":"LikeWater","floor":6.0},{"not_picked":["InnerPeace","Replay:Vibes"],"picked":"Tantrum","floor":14.0},{"not_picked":["FlurryOfBlows","Fasting2"],"picked":"Perseverance","floor":15.0},{"not_picked":["Replay:ManipulateFuture","Conclude"],"picked":"SashWhip","floor":16.0},{"not_picked":["Replay:LoomingThreat","Wish"],"picked":"Omniscience","floor":18.0},{"not_picked":["Crescendo","EmptyMind"],"picked":"Halt+1","floor":20.0},{"not_picked":["FlyingSleeves+1","Replay:Cycle"],"picked":"DeceiveReality","floor":23.0},{"not_picked":["SashWhip","PathToVictory+1"],"picked":"Sanctity+1","floor":24.0},{"not_picked":["BattleHymn+1","FollowUp"],"picked":"FearNoEvil","floor":25.0},{"not_picked":["CutThroughFate","Wallop"],"picked":"FlurryOfBlows","floor":27.0},{"not_picked":["Halt","SashWhip+1"],"picked":"ClearTheMind","floor":29.0},{"not_picked":["PathToVictory","FlyingSleeves+1"],"picked":"Collect","floor":30.0},{"not_picked":["Brilliance","WaveOfTheHand","CrushJoints"],"picked":"SKIP","floor":33.0},{"not_picked":["DeusExMachina","Brilliance"],"picked":"SpiritShield","floor":35.0},{"not_picked":[],"picked":"Protect","floor":37.0},{"not_picked":["PathToVictory+1"],"picked":"SKIP","floor":38.0},{"not_picked":[],"picked":"Crescendo+1","floor":39.0},{"not_picked":[],"picked":"Wireheading","floor":40.0},{"not_picked":["SashWhip"],"picked":"SKIP","floor":41.0},{"not_picked":["Replay:Hum"],"picked":"SKIP","floor":42.0},{"not_picked":[],"picked":"Replay:Vibes+1","floor":43.0},{"not_picked":[],"picked":"Establishment","floor":44.0},{"not_picked":["Crescendo"],"picked":"SKIP","floor":46.0},{"not_picked":["Worship"],"picked":"SKIP","floor":48.0},{"not_picked":["ReachHeaven"],"picked":"SKIP","floor":49.0},{"not_picked":["SashWhip"],"picked":"SKIP","floor":56}],"player_experience":344513,"relics_obtained":[{"floor":6.0,"key":"Darkstone Periapt"},{"floor":11.0,"key":"Durian"},{"floor":16.0,"key":"StoneCalendar"},{"floor":25.0,"key":"Divine Protection"},{"floor":28.0,"key":"PreservedInsect"},{"floor":29.0,"key":"Peace Pipe"},{"floor":29.0,"key":"Bottled Tornado"},{"floor":30.0,"key":"Replay:Mystery Machine"},{"floor":32.0,"key":"Pear"},{"floor":33.0,"key":"Replay:Ringing Soul"},{"floor":42.0,"key":"Replay:Wax Seal"},{"floor":44.0,"key":"Garlic"},{"floor":46.0,"key":"Chameleon Ring"},{"floor":48.0,"key":"Replay:Kaleidoscope"},{"floor":56,"key":"Blood Vial"}],"event_choices":[{"damage_healed":0.0,"max_hp_gain":0.0,"max_hp_loss":0.0,"gold_gain":0.0,"event_name":"Liars Game","player_choice":"Ignored","floor":10.0,"gold_loss":0.0,"damage_taken":0.0},{"damage_healed":0.0,"max_hp_gain":0.0,"max_hp_loss":0.0,"gold_gain":0.0,"event_name":"The Woman in Blue","player_choice":"Bought 1 Potion","floor":13.0,"gold_loss":0.0,"damage_taken":0.0},{"damage_healed":0.0,"max_hp_gain":0.0,"max_hp_loss":0.0,"gold_gain":0.0,"event_name":"Nest","player_choice":"Joined the Cult","floor":21.0,"gold_loss":0.0,"damage_taken":6.0,"cards_obtained":["RitualDagger"]},{"cards_removed":["Strike_P"],"damage_healed":0.0,"max_hp_gain":0.0,"max_hp_loss":0.0,"gold_gain":0.0,"event_name":"Designer","player_choice":"Upgrade and Remove","floor":22.0,"gold_loss":90.0,"damage_taken":0.0,"cards_upgraded":["Defend_P"]},{"damage_healed":0.0,"max_hp_gain":0.0,"max_hp_loss":0.0,"gold_gain":0.0,"event_name":"Colosseum","player_choice":"Fight","floor":29.0,"gold_loss":0.0,"damage_taken":0.0},{"damage_healed":0.0,"max_hp_gain":0.0,"max_hp_loss":0.0,"gold_gain":0.0,"event_name":"Colosseum","player_choice":"Fought Nobs","floor":29.0,"gold_loss":0.0,"damage_taken":0.0},{"damage_healed":0.0,"max_hp_gain":0.0,"max_hp_loss":0.0,"gold_gain":0.0,"event_name":"Tomb of Lord Red Mask","player_choice":"Ignored","floor":50.0,"gold_loss":0.0,"damage_taken":0.0}],"is_beta":false,"boss_relics":[{"not_picked":["Black Star","Astrolabe"],"picked":"bronze:MakeshiftBattery"},{"not_picked":["Kintsugi","Pandora\u0027s Box"],"picked":"Busted Crown"}],"items_purged_floors":[2,47],"is_endless":false,"potions_floor_spawned":[3,5,6,23,24,29,30,35,39,42,44,46,48,49],"ascension_level":1}}