{"host":"04hh9gplt9wkfmr1","time":1612471481,"event":{"mods":["AchievementEnabler","BaseMod","Colored Map","KOR Keyword Fix","Minty Spire (QoL Compilation)","Rare Cards Sparkle","SuperFastMode"],"gold_per_floor":[118,137,157,168,12,12,41,41,122,122,138,148,163,190,190,293,293,304,229,239,239,256,256,281,281,281,281,306,324,324,336,336,434,434,444,444,454,471,482,482,498,524,524,524,47,47,82,101,101,101],"floor_reached":51,"language":"KOR","playtime":1778,"items_purged":["Strike_B","Strike_B"],"score":1099,"play_id":"76a13b66-10c8-4ab0-8526-97d200b39ae9","local_time":"20210205054441","is_ascension_mode":true,"campfire_choices":[{"data":"Genetic Algorithm","floor":6.0,"key":"SMITH"},{"data":"Dualcast","floor":8.0,"key":"SMITH"},{"data":"Zap","floor":10.0,"key":"SMITH"},{"floor":15.0,"key":"REST"},{"data":"Chaos","floor":23.0,"key":"SMITH"},{"data":"Double Energy","floor":25.0,"key":"SMITH"},{"data":"Defragment","floor":30.0,"key":"SMITH"},{"data":"Electrodynamics","floor":32.0,"key":"SMITH"},{"data":"Meteor Strike","floor":40.0,"key":"SMITH"},{"data":"Stack","floor":44.0,"key":"SMITH"},{"data":"Panache","floor":46,"key":"SMITH"},{"data":"Machine Learning","floor":49,"key":"SMITH"}],"circlet_count":0,"master_deck":["Strike_B","Strike_B","Defend_B","Defend_B","Defend_B","Defend_B","Zap+1","Dualcast+1","Force Field","Double Energy+1","Genetic Algorithm+1","Ball Lightning","Stack+1","Chaos+1","Electrodynamics+1","Self Repair","Ghostly","Ghostly","Ghostly","Ghostly","Ghostly","Force Field+1","BootSequence+1","Defragment+1","Storm+1","Meteor Strike+1","Cold Snap","Aggregate+1","Loop+1","Chill","Cold Snap","Panache+1","White Noise","Machine Learning+1"],"relics":["Cracked Core","Runic Capacitor","FossilizedHelix","HornCleat","Blood Vial","Nuclear Battery","Strawberry","WingedGreaves","Oddly Smooth Stone","Inserter","Anchor","Bottled Tornado","Happy Flower"],"acts_visited":["Exordium","TheCity","TheBeyond"],"potions_floor_usage":[50,50],"damage_taken":[{"damage":1.0,"enemies":"Cultist","floor":1.0,"turns":4.0},{"damage":3.0,"enemies":"Small Slimes","floor":2.0,"turns":3.0},{"damage":3.0,"enemies":"2 Louse","floor":3.0,"turns":3.0},{"damage":15.0,"enemies":"Exordium Wildlife","floor":4.0,"turns":5.0},{"damage":14.0,"enemies":"Gremlin Nob","floor":7.0,"turns":4.0},{"damage":0.0,"enemies":"Looter","floor":11.0,"turns":3.0},{"damage":0.0,"enemies":"2 Fungi Beasts","floor":12.0,"turns":4.0},{"damage":0.0,"enemies":"Red Slaver","floor":13.0,"turns":4.0},{"damage":19.0,"enemies":"3 Sentries","floor":14.0,"turns":7.0},{"damage":40.0,"enemies":"Slime Boss","floor":16.0,"turns":14.0},{"damage":0.0,"enemies":"Spheric Guardian","floor":18.0,"turns":4.0},{"damage":15.0,"enemies":"Shell Parasite","floor":20.0,"turns":7.0},{"damage":0.0,"enemies":"3 Cultists","floor":22.0,"turns":5.0},{"damage":1.0,"enemies":"Gremlin Leader","floor":24.0,"turns":7.0},{"damage":0.0,"enemies":"Book of Stabbing","floor":28.0,"turns":8.0},{"damage":0.0,"enemies":"Snake Plant","floor":29.0,"turns":7.0},{"damage":0.0,"enemies":"Snecko","floor":31.0,"turns":6.0},{"damage":46.0,"enemies":"Champ","floor":33.0,"turns":12.0},{"damage":0.0,"enemies":"Orb Walker","floor":35.0,"turns":4.0},{"damage":0.0,"enemies":"3 Shapes","floor":37.0,"turns":6.0},{"damage":0.0,"enemies":"Transient","floor":38.0,"turns":5.0},{"damage":0.0,"enemies":"Sphere and 2 Shapes","floor":39.0,"turns":4.0},{"damage":0.0,"enemies":"3 Darklings","floor":41.0,"turns":6.0},{"damage":13,"enemies":"Nemesis","floor":47,"turns":7},{"damage":0,"enemies":"4 Shapes","floor":48,"turns":2},{"damage":37,"enemies":"Time Eater","floor":50,"turns":11}],"seed_played":"1918673892000415687","potions_obtained":[{"floor":2.0,"key":"ColorlessPotion"},{"floor":4.0,"key":"SpeedPotion"},{"floor":12.0,"key":"Fruit Juice"},{"floor":13.0,"key":"SkillPotion"},{"floor":18.0,"key":"BlessingOfTheForge"},{"floor":20.0,"key":"Energy Potion"},{"floor":24.0,"key":"AttackPotion"},{"floor":37.0,"key":"PowerPotion"}],"is_trial":false,"path_per_floor":["M","M","M","M","$","R","E","R","T","R","M","M","M","E","R","B",null,"M","$","M","?","M","R","E","R","T","?","E","M","R","M","R","B",null,"M","?","M","M","M","R","M","T","T","R","$","R","E","M","R","B",null],"character_chosen":"DEFECT","items_purchased":["Runic Capacitor","Chill","Cold Snap","Panache","White Noise"],"campfire_rested":1,"item_purchase_floors":[5,45,45,45,45],"current_hp_per_floor":[74,71,68,53,53,53,39,39,39,39,39,39,39,25,51,13,69,71,71,65,43,43,43,50,50,50,42,51,55,55,55,55,16,45,54,54,55,55,55,55,55,55,55,55,55,55,49,51,51,23],"gold":101,"neow_bonus":"TEN_PERCENT_HP_BONUS","is_daily":false,"chose_seed":false,"campfire_upgraded":11,"win_rate":0.0,"timestamp":1612471481,"path_taken":["M","M","M","M","?","R","E","R","T","R","M","M","?","E","R","BOSS","M","$","M","?","M","R","E","R","T","?","E","M","R","M","R","BOSS","M","?","M","M","M","R","M","?","T","R","$","R","E","M","R","BOSS"],"items_purchased_type":["Relic","Card","Card","Card","Card"],"build_version":"2020-12-22","purchased_purges":2,"victory":true,"max_hp_per_floor":[82,82,82,82,82,82,82,82,82,82,82,82,82,87,87,87,87,87,87,87,43,43,43,50,50,50,55,55,55,55,55,55,55,55,55,55,55,55,55,55,55,55,55,55,55,55,55,55,55,55],"card_choices":[{"not_picked":["Beam Cell","Stack"],"picked":"Force Field","floor":1.0},{"not_picked":["Static Discharge","Sweeping Beam"],"picked":"Double Energy","floor":2.0},{"not_picked":["Doom and Gloom","Steam","Skim"],"picked":"SKIP","floor":3.0},{"not_picked":["Coolheaded","Force Field"],"picked":"Genetic Algorithm","floor":4.0},{"not_picked":["Stack","Turbo"],"picked":"Ball Lightning","floor":7.0},{"not_picked":["Go for the Eyes","Recycle"],"picked":"Stack","floor":11.0},{"not_picked":["Doom and Gloom","Skim"],"picked":"Chaos","floor":12.0},{"not_picked":["Sweeping Beam","Go for the Eyes","Redo"],"picked":"SKIP","floor":13.0},{"not_picked":["Sweeping Beam","Recycle","Streamline"],"picked":"SKIP","floor":14.0},{"not_picked":["Machine Learning","Seek"],"picked":"Electrodynamics","floor":16.0},{"not_picked":["Leap","Force Field"],"picked":"Self Repair","floor":18.0},{"not_picked":["Steam","Compile Driver+1","Barrage"],"picked":"SKIP","floor":20.0},{"not_picked":["Stack","Recycle+1"],"picked":"Force Field+1","floor":22.0},{"not_picked":["Heatsinks","Self Repair"],"picked":"BootSequence+1","floor":24.0},{"not_picked":["Turbo+1","Sweeping Beam","Recycle"],"picked":"SKIP","floor":28.0},{"not_picked":["Self Repair","Doom and Gloom"],"picked":"Defragment","floor":29.0},{"not_picked":["Coolheaded","Blizzard"],"picked":"Storm+1","floor":31.0},{"not_picked":["Creative AI","Core Surge"],"picked":"Meteor Strike","floor":33.0},{"not_picked":["Auto Shields","Compile Driver+1","Storm"],"picked":"SKIP","floor":35.0},{"not_picked":["Auto Shields","Gash+1","Streamline"],"picked":"SKIP","floor":37.0},{"not_picked":["Hologram","Rip and Tear+1"],"picked":"Cold Snap","floor":38.0},{"not_picked":["Hologram","Rebound+1"],"picked":"Aggregate+1","floor":39.0},{"not_picked":["Gash","Cold Snap"],"picked":"Loop+1","floor":41.0},{"not_picked":["Leap","Steam+1"],"picked":"Machine Learning","floor":47},{"not_picked":["Aggregate","Self Repair+1","Compile Driver"],"picked":"SKIP","floor":48}],"player_experience":128003,"relics_obtained":[{"floor":7.0,"key":"FossilizedHelix"},{"floor":9.0,"key":"HornCleat"},{"floor":14.0,"key":"Blood Vial"},{"floor":24.0,"key":"Strawberry"},{"floor":26.0,"key":"WingedGreaves"},{"floor":28.0,"key":"Oddly Smooth Stone"},{"floor":42.0,"key":"Anchor"},{"floor":43.0,"key":"Bottled Tornado"},{"floor":47,"key":"Happy Flower"}],"event_choices":[{"damage_healed":0.0,"max_hp_gain":0.0,"max_hp_loss":44.0,"gold_gain":0.0,"event_name":"Ghosts","player_choice":"Became a Ghost","floor":21.0,"gold_loss":0.0,"damage_taken":0.0,"cards_obtained":["Ghostly","Ghostly","Ghostly","Ghostly","Ghostly"]},{"damage_healed":0.0,"max_hp_gain":5.0,"max_hp_loss":0.0,"gold_gain":0.0,"event_name":"Forgotten Altar","player_choice":"Shed Blood","floor":27.0,"gold_loss":0.0,"damage_taken":13.0},{"damage_healed":0.0,"max_hp_gain":0.0,"max_hp_loss":0.0,"gold_gain":0.0,"event_name":"Tomb of Lord Red Mask","player_choice":"Ignored","floor":36.0,"gold_loss":0.0,"damage_taken":0.0}],"is_beta":false,"boss_relics":[{"not_picked":["Cursed Key","Philosopher\u0027s Stone"],"picked":"Nuclear Battery"},{"not_picked":["SlaversCollar","Runic Dome"],"picked":"Inserter"}],"items_purged_floors":[19,45],"is_endless":false,"potions_floor_spawned":[2,4,12,13,18,20,24,37,38,47],"ascension_level":9}}