{"host":"8a72fthmlk1o8pdb","time":1612478095,"event":{"mods":["AchievementEnabler","Aspiration","Astrologer","Bard","BaseMod","Beaked The Cultist","Better Sensory Stone","Better Skull","Better Third Choice","ChefMod","Colored Map","Colored Powertips","Dark Map","Downfall","Evolution","Friendly Minions","GifTheSpireLib","Googly Eyes","Gremlin Mod","Hermit","JesterMod","Jorbs\u0027s Wanderer Trilogy","Marisa????????","Minty Spire (QoL Compilation)","Permanent Neow","Random Character Button","Rare Cards Sparkle","Relic Stats","Reliquary","Robot Space Explorer","Shade Mod","Shop Mod","Somnambulant","StSLib","The Alterego","The Animator","The Blue Laboratory","The Construct","The Cursed","The Disciple","The Hayseed","The Hierophant","The Marked","The Necromancer","The Poker Player","The Problem Sleuth","The Runesmith","thorton"],"gold_per_floor":[114,128,190,209,14,14,28,28,28,59,59,125,125,141,141,239,239,255,273,24,74,124,124,174,206,251,251,8,8,69,89,89,188,188,188,188],"floor_reached":35,"language":"ENG","playtime":19301,"items_purged":["TheCursedMod:Strike_TheCursed","TheCursedMod:Strike_TheCursed"],"score":425,"play_id":"4ce30011-f420-476d-8109-ed02aec45e98","local_time":"20210204143455","is_ascension_mode":false,"campfire_choices":[{"data":"TheCursedMod:CursedWand","floor":6.0,"key":"SMITH"},{"data":"TheCursedMod:LuckyCharm","floor":8.0,"key":"SMITH"},{"data":"TheCursedMod:CursedSpellbook","floor":13.0,"key":"SMITH"},{"floor":15.0,"key":"RECALL"},{"data":"TheCursedMod:HellsGateOpen","floor":23.0,"key":"SMITH"},{"floor":27.0,"key":"REST"},{"data":"TheCursedMod:DemonSword","floor":29.0,"key":"SMITH"},{"data":"TheCursedMod:WearCloak","floor":32,"key":"SMITH"}],"circlet_count":0,"master_deck":["TheCursedMod:Strike_TheCursed","TheCursedMod:Defend_TheCursed","TheCursedMod:Defend_TheCursed","TheCursedMod:Defend_TheCursed","TheCursedMod:Defend_TheCursed","TheCursedMod:CursedWand+1","TheCursedMod:CleanUpWorkshop+1","TheCursedMod:Dregs","TheCursedMod:SoulCrush","TheCursedMod:LuckyCharm+1","TheCursedMod:CursedAmulet","TheCursedMod:CursedSpellbook+1","TheCursedMod:StunningStrike","TheCursedMod:SpitefulStrike","TheCursedMod:SmokeScreen","TheCursedMod:AntiAging","TheCursedMod:CursedBlade","TheCursedMod:ShockAndAwe","TheCursedMod:HellsGateOpen+1","TheCursedMod:Obscuration","TheCursedMod:DemonSword+1","TheCursedMod:WearCloak+1","TheCursedMod:VoidForm"],"relics":["TheCursedMod:BlackMagicAdvanced","EVO:Axolotl","Letter Opener","SsserpentHead","TheCursedMod:OminousMark","alterego_mod:FleetingLove","Sundial","Bag of Preparation"],"acts_visited":["Exordium","TheCity","TheBeyond"],"potions_floor_usage":[33],"damage_taken":[{"damage":0.0,"enemies":"Cultist","floor":1.0,"turns":5.0},{"damage":1.0,"enemies":"2 Louse","floor":2.0,"turns":3.0},{"damage":2.0,"enemies":"Jaw Worm","floor":4.0,"turns":2.0},{"damage":0.0,"enemies":"Blue Slaver","floor":7.0,"turns":4.0},{"damage":13.0,"enemies":"Gremlin Nob","floor":10.0,"turns":6.0},{"damage":4.0,"enemies":"Lots of Slimes","floor":12.0,"turns":5.0},{"damage":7.0,"enemies":"2 Fungi Beasts","floor":14.0,"turns":4.0},{"damage":0.0,"enemies":"The Guardian","floor":16.0,"turns":15.0},{"damage":3.0,"enemies":"Chosen","floor":18.0,"turns":6.0},{"damage":1.0,"enemies":"3 Byrds","floor":19.0,"turns":6.0},{"damage":43.0,"enemies":"Slavers","floor":25.0,"turns":6.0},{"damage":0.0,"enemies":"Snake Plant","floor":30.0,"turns":4.0},{"damage":13,"enemies":"Sentry and Sphere","floor":31,"turns":4},{"damage":49,"enemies":"Champ","floor":33,"turns":12},{"damage":0,"enemies":"3 Shapes","floor":35,"turns":1}],"seed_played":"-2905055932356733472","potions_obtained":[{"floor":2.0,"key":"Fire Potion"},{"floor":4.0,"key":"blueLaboratory:EnragingPotion"},{"floor":12.0,"key":"BlessingOfTheForge"},{"floor":14.0,"key":"blueLaboratory:ForbiddenFruitJuice"},{"floor":19.0,"key":"blueLaboratory:BubblePotion"},{"floor":33,"key":"BlessingOfTheForge"}],"is_trial":false,"path_per_floor":["M","M","?","M","$","R","M","R","T","E","?","M","R","M","R","B",null,"M","M","$","?","?","R","?","E","T","R","$","R","M","M","R","B",null,"M"],"character_chosen":"THE_CURSED","items_purchased":["TheCursedMod:LuckyCharm","TheCursedMod:CursedAmulet","TheCursedMod:ShockAndAwe","TheCursedMod:HellsGateOpen","TheCursedMod:Obscuration","TheCursedMod:DemonSword"],"campfire_rested":1,"item_purchase_floors":[5,5,20,20,20,28],"current_hp_per_floor":[75,74,74,72,72,72,72,72,72,59,59,55,55,48,48,48,75,74,75,75,75,75,75,75,34,34,58,58,58,60,49,49,77,77,77,77],"gold":188,"neow_bonus":"UPGRADE_CARD","is_daily":false,"chose_seed":false,"campfire_upgraded":6,"win_rate":0.0,"timestamp":1612478095,"path_taken":["M","?","?","M","$","R","M","R","T","E","?","?","R","M","R","BOSS","M","M","$","?","?","R","?","E","T","R","$","R","?","M","R","BOSS","M"],"items_purchased_type":["Card","Card","Card","Card","Card","Card"],"build_version":"2020-12-22","purchased_purges":2,"victory":false,"max_hp_per_floor":[75,75,75,75,75,75,75,75,75,75,75,75,75,75,75,75,75,77,79,79,79,79,79,79,81,81,81,81,81,83,85,85,77,77,77,77],"relic_stats":{"SsserpentHead":250,"counters":[15,83],"Sundial":[2],"Bag of Preparation":[8],"Letter Opener":[98],"obtain_stats":[{"TheCursedMod:BlackMagic101":0,"SsserpentHead":11,"alterego_mod:FleetingLove":21,"TheCursedMod:OminousMark":17,"TheCursedMod:BlackMagicAdvanced":34,"Sundial":25,"Bag of Preparation":26,"EVO:Axolotl":0,"Letter Opener":10},{"TheCursedMod:BlackMagic101":0,"SsserpentHead":5,"alterego_mod:FleetingLove":10,"TheCursedMod:OminousMark":8,"TheCursedMod:BlackMagicAdvanced":14,"Sundial":11,"Bag of Preparation":11,"EVO:Axolotl":0,"Letter Opener":5},{"TheCursedMod:BlackMagic101":0,"SsserpentHead":20,"alterego_mod:FleetingLove":56,"TheCursedMod:OminousMark":44,"TheCursedMod:BlackMagicAdvanced":82,"Sundial":62,"Bag of Preparation":62,"EVO:Axolotl":0,"Letter Opener":20}]},"card_choices":[{"not_picked":["TheCursedMod:Stigma","TheCursedMod:CursedBlade"],"picked":"TheCursedMod:SoulCrush","floor":1.0},{"not_picked":["TheCursedMod:Stigma","TheCursedMod:CircleOfFlame","TheCursedMod:CircleOfBlood"],"picked":"SKIP","floor":2.0},{"not_picked":["TheCursedMod:Obscuration","TheCursedMod:DoubleShield","TheCursedMod:EmpowerCircles"],"picked":"SKIP","floor":4.0},{"not_picked":["TheCursedMod:CircleOfFlame","TheCursedMod:LuckyCharm"],"picked":"TheCursedMod:CursedSpellbook","floor":7.0},{"not_picked":["TheCursedMod:CursedBoomerang","TheCursedMod:CircleOfAbyss"],"picked":"TheCursedMod:StunningStrike","floor":10.0},{"not_picked":["TheCursedMod:CircleOfFlame","TheCursedMod:CursedShiv"],"picked":"TheCursedMod:SpitefulStrike","floor":12.0},{"not_picked":["TheCursedMod:Stretching","TheCursedMod:DoubleShield"],"picked":"TheCursedMod:SmokeScreen","floor":14.0},{"not_picked":["TheCursedMod:DarkBarrier","TheCursedMod:OutForBlood"],"picked":"TheCursedMod:AntiAging","floor":16.0},{"not_picked":["TheCursedMod:Stigma","TheCursedMod:CursedShiv"],"picked":"TheCursedMod:CursedBlade","floor":18.0},{"not_picked":["TheCursedMod:Torture","TheCursedMod:VitalStrike","TheCursedMod:FleshFromBone"],"picked":"SKIP","floor":19.0},{"not_picked":["TheCursedMod:Evocation","TheCursedMod:WearCloak","TheCursedMod:PrepareRite+1"],"picked":"SKIP","floor":25.0},{"not_picked":["TheCursedMod:SoulReap","TheCursedMod:CursedBlade"],"picked":"TheCursedMod:WearCloak","floor":30},{"not_picked":["TheCursedMod:Hemoplague","TheCursedMod:SaltUponWound+1","TheCursedMod:CircleOfFocus"],"picked":"SKIP","floor":31},{"not_picked":["TheCursedMod:CircleOfAbyss","TheCursedMod:UltimatePain"],"picked":"TheCursedMod:VoidForm","floor":33}],"player_experience":118968,"relics_obtained":[{"floor":10.0,"key":"Letter Opener"},{"floor":25.0,"key":"Sundial"},{"floor":26.0,"key":"Bag of Preparation"}],"event_choices":[{"damage_healed":0.0,"max_hp_gain":0.0,"max_hp_loss":0.0,"gold_gain":62.0,"event_name":"Golden Wing","player_choice":"Gained Gold","floor":3.0,"gold_loss":0.0,"damage_taken":0.0},{"damage_healed":0.0,"max_hp_gain":0.0,"max_hp_loss":0.0,"gold_gain":0.0,"event_name":"FaceTrader","player_choice":"Trade","floor":11.0,"gold_loss":0.0,"damage_taken":0.0,"relics_obtained":["SsserpentHead"]},{"damage_healed":0.0,"max_hp_gain":0.0,"max_hp_loss":0.0,"gold_gain":0.0,"event_name":"Secret Garden","player_choice":"Choice 1","floor":21.0,"gold_loss":0.0,"damage_taken":0.0,"relics_obtained":["alterego_mod:FleetingLove"]},{"cards_removed":["TheCursedMod:Strike_TheCursed"],"damage_healed":0.0,"max_hp_gain":0.0,"max_hp_loss":0.0,"gold_gain":0.0,"event_name":"Purifier","player_choice":"Purged","floor":24.0,"gold_loss":0.0,"damage_taken":0.0}],"is_beta":false,"boss_relics":[{"not_picked":["Sozu","Velvet Choker"],"picked":"TheCursedMod:OminousMark"},{"not_picked":["bronze:MakeshiftBattery","jesterMod:MachoBrace"],"picked":"TheCursedMod:BlackMagicAdvanced"}],"items_purged_floors":[5,28],"is_endless":false,"potions_floor_spawned":[2,4,12,14,19,33],"killed_by":"3 Shapes","ascension_level":0}}