{"host":"9n6i2vl93jt4o42q","time":1612427749,"event":{"mods":["BaseMod","Minty Spire (QoL Compilation)","Relic Stats"],"gold_per_floor":[213,229,229,65,77,77,402,402,402,427,427,454,464,564,564,642,642,652,652,652],"floor_reached":19,"language":"ENG","playtime":2111,"items_purged":[],"score":370,"play_id":"0573cfe7-4349-47ff-9a6a-f7f8abf30915","local_time":"20210204093549","is_ascension_mode":true,"campfire_choices":[{"data":"Barricade","floor":6.0,"key":"SMITH"},{"floor":8.0,"key":"REST"},{"floor":11.0,"key":"REST"},{"floor":15,"key":"REST"}],"circlet_count":0,"master_deck":["AscendersBane","Strike_R","Strike_R","Strike_R","Strike_R","Defend_R","Defend_R","Defend_R","Defend_R","Bash+1","Thunderclap","Battle Trance","Barricade+1","Power Through","True Grit","Cleave","Shrug It Off","Carnage","Body Slam+1","Dropkick","Feed"],"relics":["Burning Blood","Old Coin","Torii","Kunai","Whetstone","Runic Dome"],"acts_visited":["Exordium","TheCity"],"potions_floor_usage":[12],"damage_taken":[{"damage":7.0,"enemies":"Jaw Worm","floor":1.0,"turns":3.0},{"damage":7.0,"enemies":"2 Louse","floor":2.0,"turns":3.0},{"damage":3.0,"enemies":"Cultist","floor":5.0,"turns":5.0},{"damage":60.0,"enemies":"Gremlin Nob","floor":7.0,"turns":5.0},{"damage":20.0,"enemies":"3 Sentries","floor":10.0,"turns":16.0},{"damage":32,"enemies":"Gremlin Nob","floor":12,"turns":4},{"damage":1,"enemies":"Looter","floor":13,"turns":3},{"damage":24,"enemies":"Slime Boss","floor":16,"turns":13},{"damage":22,"enemies":"Chosen","floor":18,"turns":4},{"damage":57,"enemies":"Masked Bandits","floor":19,"turns":3}],"seed_played":"-9192956378901872967","potions_obtained":[{"floor":5.0,"key":"Energy Potion"},{"floor":7.0,"key":"SkillPotion"},{"floor":10.0,"key":"GamblersBrew"}],"is_trial":false,"path_per_floor":["M","M","?","$","M","R","E","R","T","E","R","E","M","?","R","B",null,"M","?"],"character_chosen":"IRONCLAD","items_purchased":["Power Through","True Grit","Cleave"],"campfire_rested":3,"item_purchase_floors":[4,4,4],"current_hp_per_floor":[67,66,66,66,69,69,15,37,37,23,45,19,24,24,46,28,63,47,0,0],"gold":652,"neow_bonus":"HUNDRED_GOLD","is_daily":false,"chose_seed":false,"campfire_upgraded":1,"win_rate":0.0,"timestamp":1612427749,"path_taken":["M","M","?","$","M","R","E","R","T","E","R","E","M","?","R","BOSS","M","?"],"items_purchased_type":["Card","Card","Card"],"build_version":"2020-12-22","purchased_purges":0,"victory":false,"max_hp_per_floor":[75,75,75,75,75,75,75,75,75,75,75,75,75,75,75,75,75,75,78,78],"relic_stats":{"Torii":6,"counters":[10,59],"Kunai":[6],"Whetstone":["Body Slam","Bash"],"obtain_stats":[{"Runic Dome":17,"Torii":9,"Kunai":10,"Whetstone":12,"Burning Blood":0,"Old Coin":7},{"Runic Dome":8,"Torii":4,"Kunai":5,"Whetstone":6,"Burning Blood":0,"Old Coin":4},{"Runic Dome":52,"Torii":16,"Kunai":32,"Whetstone":36,"Burning Blood":0,"Old Coin":16}],"Burning Blood":54},"card_choices":[{"not_picked":["Havoc","Heavy Blade"],"picked":"Thunderclap","floor":1.0},{"not_picked":["Infernal Blade","Armaments"],"picked":"Battle Trance","floor":2.0},{"not_picked":["Havoc","Flame Barrier"],"picked":"Shrug It Off","floor":5.0},{"not_picked":["Clash","Thunderclap","Cleave"],"picked":"SKIP","floor":7.0},{"not_picked":["Pommel Strike","Warcry"],"picked":"Carnage","floor":10.0},{"not_picked":["Cleave","Wild Strike"],"picked":"Body Slam","floor":12},{"not_picked":["Feed","Perfected Strike"],"picked":"Dropkick","floor":13},{"not_picked":["Brutality","Bludgeon"],"picked":"Feed","floor":16},{"not_picked":["Clothesline","Fire Breathing","Dual Wield"],"picked":"SKIP","floor":18}],"player_experience":2419259,"relics_obtained":[{"floor":7.0,"key":"Old Coin"},{"floor":9.0,"key":"Torii"},{"floor":10.0,"key":"Kunai"},{"floor":12,"key":"Whetstone"}],"event_choices":[{"damage_healed":0.0,"max_hp_gain":0.0,"max_hp_loss":0.0,"gold_gain":0.0,"cards_transformed":["Strike_R"],"event_name":"Living Wall","player_choice":"Change","floor":3.0,"gold_loss":0.0,"damage_taken":0.0,"cards_obtained":["Barricade"]},{"damage_healed":0,"gold_gain":100,"player_choice":"Gold","damage_taken":0,"max_hp_gain":0,"max_hp_loss":0,"event_name":"Wheel of Change","floor":14,"gold_loss":0},{"damage_healed":0,"gold_gain":0,"player_choice":"Fought Bandits","damage_taken":0,"max_hp_gain":0,"max_hp_loss":0,"event_name":"Masked Bandits","floor":19,"gold_loss":0}],"is_beta":false,"boss_relics":[{"not_picked":["Velvet Choker","SlaversCollar"],"picked":"Runic Dome"}],"items_purged_floors":[],"is_endless":false,"potions_floor_spawned":[5,7,10],"killed_by":"Masked Bandits","ascension_level":20}}