{"host":"mi0eibewekhugwl1","time":1612413694,"event":{"mods":["AchievementEnabler","BaseMod","Colored Map","Colored Powertips","DeckTracker","Keyboard Shortcuts","Minty Spire (QoL Compilation)","Quick Restart","Rare Cards Sparkle","Relic Stats","StSLib","SuperFastMode","everything is the same but u backflip on backflip"],"gold_per_floor":[116,41,41,41,41,72,90,145,168,168,179,208,221,66,66,66,66],"floor_reached":16,"language":"KOR","playtime":251,"items_purged":["Strike_R"],"score":266,"play_id":"e9b04cae-2668-455f-a95e-94c1ec6305b9","local_time":"20210204134134","is_ascension_mode":true,"campfire_choices":[{"data":"Whirlwind","floor":10,"key":"SMITH"},{"floor":15,"key":"REST"}],"circlet_count":0,"master_deck":["AscendersBane","Strike_R+1","Strike_R+1","Strike_R","Defend_R","Defend_R","Defend_R","Defend_R","Bash","Twin Strike","Whirlwind+1","Wild Strike","Burning Pact","Double Tap"],"relics":["Burning Blood","NeowsBlessing","Matryoshka","Anchor","InkBottle","Oddly Smooth Stone","Akabeko","Boot","Vajra"],"acts_visited":["Exordium"],"potions_floor_usage":[12,12],"damage_taken":[{"damage":0,"enemies":"2 Louse","floor":1,"turns":1},{"damage":0,"enemies":"Gremlin Nob","floor":6,"turns":1},{"damage":0,"enemies":"Jaw Worm","floor":7,"turns":1},{"damage":24,"enemies":"3 Sentries","floor":8,"turns":8},{"damage":0,"enemies":"Small Slimes","floor":11,"turns":2},{"damage":40,"enemies":"Lagavulin","floor":12,"turns":7},{"damage":16,"enemies":"Exordium Wildlife","floor":13,"turns":3},{"damage":62,"enemies":"Slime Boss","floor":16,"turns":10}],"seed_played":"2570377494467663612","potions_obtained":[{"floor":7,"key":"Block Potion"},{"floor":8,"key":"Dexterity Potion"},{"floor":12,"key":"FairyPotion"}],"is_trial":false,"path_per_floor":["M","?","?","T","T","E","M","?","T","R","M","E","M","$","R","B"],"character_chosen":"IRONCLAD","items_purchased":["Double Tap"],"campfire_rested":1,"item_purchase_floors":[14],"current_hp_per_floor":[74,74,51,51,51,57,63,45,45,45,51,17,7,7,29,0,0],"gold":66,"neow_bonus":"THREE_ENEMY_KILL","is_daily":false,"chose_seed":false,"campfire_upgraded":1,"win_rate":0.0,"timestamp":1612413694,"path_taken":["M","?","?","?","?","E","M","?","T","R","?","E","M","$","R","BOSS"],"items_purchased_type":["Card"],"build_version":"2020-12-22","purchased_purges":1,"victory":false,"max_hp_per_floor":[75,75,75,75,75,75,75,75,75,75,75,75,75,75,75,75,75],"relic_stats":{"counters":[8,33],"Boot":[4],"obtain_stats":[{"Anchor":5,"Matryoshka":4,"NeowsBlessing":0,"Oddly Smooth Stone":6,"Vajra":12,"Boot":9,"Burning Blood":0,"InkBottle":5,"Akabeko":8},{"Anchor":1,"Matryoshka":1,"NeowsBlessing":0,"Oddly Smooth Stone":2,"Vajra":6,"Boot":4,"Burning Blood":0,"InkBottle":1,"Akabeko":3},{"Anchor":1,"Matryoshka":1,"NeowsBlessing":0,"Oddly Smooth Stone":2,"Vajra":20,"Boot":11,"Burning Blood":0,"InkBottle":1,"Akabeko":3}],"Burning Blood":42,"InkBottle":[6]},"card_choices":[{"not_picked":["Flex","Anger"],"picked":"Twin Strike","floor":1},{"not_picked":["Heavy Blade","Rage"],"picked":"Whirlwind","floor":6},{"not_picked":["Anger","Body Slam"],"picked":"Wild Strike","floor":7},{"not_picked":["Clothesline","Battle Trance"],"picked":"Burning Pact","floor":11},{"not_picked":["Perfected Strike","Havoc","Wild Strike"],"picked":"SKIP","floor":12},{"not_picked":["Wild Strike","Uppercut","Clash"],"picked":"SKIP","floor":13}],"player_experience":1779055,"relics_obtained":[{"floor":4,"key":"Matryoshka"},{"floor":5,"key":"Anchor"},{"floor":5,"key":"InkBottle"},{"floor":6,"key":"Oddly Smooth Stone"},{"floor":9,"key":"Boot"},{"floor":12,"key":"Vajra"}],"event_choices":[{"cards_removed":["Strike_R"],"damage_healed":0,"gold_gain":0,"player_choice":"Card Removal","damage_taken":0,"max_hp_gain":0,"max_hp_loss":0,"event_name":"The Cleric","floor":2,"gold_loss":75},{"damage_healed":0,"gold_gain":0,"player_choice":"Entered Light","damage_taken":23,"max_hp_gain":0,"max_hp_loss":0,"event_name":"Shining Light","floor":3,"gold_loss":0,"cards_upgraded":["Strike_R","Strike_R"]},{"damage_healed":0,"gold_gain":0,"player_choice":"Searched \u00272\u0027 times","damage_taken":0,"relics_obtained":["Akabeko"],"max_hp_gain":0,"max_hp_loss":0,"event_name":"Dead Adventurer","floor":8,"gold_loss":0}],"is_beta":false,"boss_relics":[],"items_purged_floors":[14],"is_endless":false,"potions_floor_spawned":[7,8,12],"killed_by":"Slime Boss","ascension_level":20}}