{"host":"8rqsnaeml9gxb0kp","time":1612429235,"event":{"mods":["AchievementEnabler","BaseMod","Dark Map","Minty Spire (QoL Compilation)","Relic Stats","StSLib","slay the spire mod where everything is the same but ironclad has a cowboy hat"],"gold_per_floor":[119,139,155,172,189,222,222,257,257,257,268,295,308,320,320,397,397,413,162,179,0,0,0],"floor_reached":22,"language":"ENG","playtime":1022,"items_purged":["Strike_R"],"score":399,"play_id":"6b843bdb-038b-492c-b15e-1d0f02c47a9a","local_time":"20210204010035","is_ascension_mode":true,"campfire_choices":[{"floor":7,"key":"REST"},{"data":"Barricade","floor":10,"key":"SMITH"},{"floor":15,"key":"REST"}],"circlet_count":0,"master_deck":["AscendersBane","Strike_R","Strike_R+1","Strike_R","Strike_R","Defend_R","Defend_R","Defend_R","Defend_R","Bash+1","Metallicize","Iron Wave","Carnage","Barricade+1","Body Slam","Pummel","Second Wind","Body Slam","Immolate","Flame Barrier","Shockwave","Reaper","Wild Strike","True Grit","Havoc"],"relics":["Cursed Key","Torii","Shuriken","Smiling Mask","Velvet Choker","Whetstone"],"acts_visited":["Exordium","TheCity"],"potions_floor_usage":[8,12,13,20],"damage_taken":[{"damage":2,"enemies":"Jaw Worm","floor":1,"turns":3},{"damage":0,"enemies":"2 Louse","floor":2,"turns":3},{"damage":0,"enemies":"Cultist","floor":3,"turns":3},{"damage":0,"enemies":"2 Fungi Beasts","floor":4,"turns":3},{"damage":5,"enemies":"3 Louse","floor":5,"turns":4},{"damage":27,"enemies":"Gremlin Nob","floor":6,"turns":4},{"damage":9,"enemies":"3 Sentries","floor":8,"turns":7},{"damage":6,"enemies":"Exordium Wildlife","floor":11,"turns":5},{"damage":1,"enemies":"Lagavulin","floor":12,"turns":6},{"damage":1,"enemies":"Lots of Slimes","floor":13,"turns":3},{"damage":6,"enemies":"2 Fungi Beasts","floor":14,"turns":2},{"damage":46,"enemies":"Slime Boss","floor":16,"turns":10},{"damage":13,"enemies":"Spheric Guardian","floor":18,"turns":5},{"damage":6,"enemies":"3 Byrds","floor":20,"turns":3},{"damage":47,"enemies":"Snake Plant","floor":22,"turns":4}],"seed_played":"-7899340747934566637","potions_obtained":[{"floor":3,"key":"BlessingOfTheForge"},{"floor":6,"key":"SkillPotion"},{"floor":8,"key":"Explosive Potion"},{"floor":14,"key":"LiquidBronze"},{"floor":18,"key":"Ancient Potion"}],"is_trial":false,"path_per_floor":["M","M","M","M","M","E","R","E","T","R","M","E","M","M","R","B",null,"M","$","M","?","M"],"character_chosen":"IRONCLAD","items_purchased":["True Grit","Whetstone"],"campfire_rested":2,"item_purchase_floors":[19,19],"current_hp_per_floor":[66,66,66,66,61,34,56,47,47,47,41,40,39,33,55,9,59,46,46,40,40,0,0],"gold":0,"neow_bonus":"BOSS_RELIC","is_daily":false,"chose_seed":false,"campfire_upgraded":1,"win_rate":0.0,"timestamp":1612429235,"path_taken":["M","M","M","M","M","E","R","E","T","R","M","E","M","M","R","BOSS","M","$","M","?","M"],"items_purchased_type":["Card","Relic"],"build_version":"2020-12-22","purchased_purges":1,"victory":false,"max_hp_per_floor":[75,75,75,75,75,75,75,75,75,75,75,75,75,75,75,75,75,75,75,75,75,75,75],"relic_stats":{"Torii":14,"counters":[15,65],"Shuriken":[7],"Whetstone":["Bash","Strike_R"],"Cursed Key":0,"Smiling Mask":25,"obtain_stats":[{"Torii":6,"Shuriken":8,"Velvet Choker":17,"Whetstone":19,"Cursed Key":0,"Smiling Mask":12,"Burning Blood":0},{"Torii":6,"Shuriken":7,"Velvet Choker":12,"Whetstone":13,"Cursed Key":0,"Smiling Mask":9,"Burning Blood":0},{"Torii":20,"Shuriken":27,"Velvet Choker":53,"Whetstone":58,"Cursed Key":0,"Smiling Mask":38,"Burning Blood":0}]},"card_choices":[{"not_picked":["Headbutt","Warcry"],"picked":"Metallicize","floor":1},{"not_picked":["Flex","Evolve"],"picked":"Iron Wave","floor":2},{"not_picked":["Shrug It Off","Clothesline"],"picked":"Carnage","floor":3},{"not_picked":["Flex","Heavy Blade"],"picked":"Barricade","floor":4},{"not_picked":["Twin Strike","Clothesline"],"picked":"Body Slam","floor":5},{"not_picked":["Sever Soul","Flex"],"picked":"Pummel","floor":6},{"not_picked":["Heavy Blade","Sentinel"],"picked":"Second Wind","floor":8},{"not_picked":["Perfected Strike","Uppercut"],"picked":"Body Slam","floor":11},{"not_picked":["Thunderclap","Rupture"],"picked":"Immolate","floor":12},{"not_picked":["Shrug It Off","Wild Strike"],"picked":"Flame Barrier","floor":13},{"not_picked":["Flex","Burning Pact"],"picked":"Shockwave","floor":14},{"not_picked":["Double Tap","Immolate"],"picked":"Reaper","floor":16},{"not_picked":["Flex","Clothesline"],"picked":"Wild Strike","floor":18},{"not_picked":["Anger","Cleave"],"picked":"Havoc","floor":20}],"player_experience":182019,"relics_obtained":[{"floor":6,"key":"Torii"},{"floor":8,"key":"Shuriken"},{"floor":12,"key":"Smiling Mask"}],"event_choices":[{"damage_healed":0,"gold_gain":0,"player_choice":"Paid Fearfully","damage_taken":0,"max_hp_gain":0,"max_hp_loss":0,"event_name":"Masked Bandits","floor":21,"gold_loss":179}],"is_beta":false,"boss_relics":[{"not_picked":["Empty Cage","Fusion Hammer"],"picked":"Velvet Choker"}],"items_purged_floors":[19],"is_endless":false,"potions_floor_spawned":[3,6,8,14,18],"killed_by":"Snake Plant","ascension_level":18}}