{"host":"f9mdfzi4ns4wieu7","time":1612417838,"event":{"mods":["Arknights","BaseMod","Better Note","Better Skull","Better Third Choice","Colored Powertips","Curses Come First","DeckTracker","GungeonMod","Hermit","Infinite Spire","Minty Spire (QoL Compilation)","Quick Restart","Random Character Button","Rare Cards Sparkle","Relic Sorter","Reliquary","Robot Space Explorer","Shade Mod","Smile Girya","StSLib","The Poker Player","The Saiyan","The Servant 0.9.4","TheBandit","WarShipGirlsR/????R mod","Yuyuko"],"gold_per_floor":[118,118,138,154,167,194,222,222,301,301,317,327,327,327,327,327,327],"floor_reached":16,"language":"ENG","playtime":811,"items_purged":[],"score":102,"play_id":"f1936ab7-36ad-4a0f-84cf-5099436a2ed7","local_time":"20210203225038","is_ascension_mode":false,"campfire_choices":[{"data":"Neutralize","floor":8,"key":"SMITH"},{"data":"Dagger Spray","floor":15,"key":"SMITH"}],"circlet_count":0,"master_deck":["Strike_G","Strike_G","Strike_G","Strike_G","Defend_G","Defend_G","Defend_G","Defend_G","Survivor","Neutralize+1","Slice","Footwork","Heel Hook","Sucker Punch","Adrenaline","Footwork","Dagger Spray+1"],"relics":["ats:Sanity","NeowsBlessing","Happy Flower","Odd Mushroom","Ninja Scroll","infinitespire:Cubic Diamond","reliquary:QuartzCube"],"acts_visited":["Exordium"],"potions_floor_usage":[5,6,16],"damage_taken":[{"damage":0,"enemies":"2 Louse","floor":1,"turns":1},{"damage":0,"enemies":"Cultist","floor":3,"turns":1},{"damage":0,"enemies":"Jaw Worm","floor":4,"turns":1},{"damage":0,"enemies":"3 Louse","floor":5,"turns":5},{"damage":16,"enemies":"Lagavulin","floor":6,"turns":8},{"damage":15,"enemies":"The Mushroom Lair","floor":7,"turns":5},{"damage":0,"enemies":"2 Fungi Beasts","floor":11,"turns":3},{"damage":10,"enemies":"Large Slime","floor":12,"turns":6},{"damage":26,"enemies":"Hexaghost","floor":16,"turns":10}],"seed_played":"-4159231728664678178","potions_obtained":[{"floor":1,"key":"AttackPotion"},{"floor":3,"key":"DemoMod:LeadSkinPotion"},{"floor":12,"key":"CunningPotion"}],"is_trial":false,"path_per_floor":["M","?","M","M","M","E","?","R","T","?","M","M","?","T","R","B"],"character_chosen":"THE_SILENT","items_purchased":[],"campfire_rested":0,"item_purchase_floors":[],"current_hp_per_floor":[70,70,70,70,70,54,39,39,39,39,39,29,29,29,29,3,3],"gold":327,"neow_bonus":"THREE_ENEMY_KILL","is_daily":false,"chose_seed":false,"campfire_upgraded":2,"win_rate":0.0,"timestamp":1612417838,"path_taken":["M","?","M","?","M","E","?","R","T","?","M","M","?","?","R","BOSS"],"items_purchased_type":[],"build_version":"2020-12-22","purchased_purges":0,"victory":false,"max_hp_per_floor":[70,70,70,70,70,70,70,70,70,70,70,70,70,70,70,70,70],"card_choices":[{"not_picked":["Dash","Outmaneuver"],"picked":"Slice","floor":1},{"not_picked":["Skewer","Prepared"],"picked":"Footwork","floor":3},{"not_picked":["Flying Knee","Prepared"],"picked":"Heel Hook","floor":4},{"not_picked":["Deadly Poison","PiercingWail"],"picked":"Sucker Punch","floor":5},{"not_picked":["Acrobatics","Slice"],"picked":"Adrenaline","floor":6},{"not_picked":["Sucker Punch","Deflect"],"picked":"Footwork","floor":11},{"not_picked":["PiercingWail","Tactician"],"picked":"Dagger Spray","floor":12}],"player_experience":6828,"relics_obtained":[{"floor":6,"key":"Happy Flower"},{"floor":7,"key":"Odd Mushroom"},{"floor":9,"key":"Ninja Scroll"},{"floor":14,"key":"reliquary:QuartzCube"}],"event_choices":[{"cards_removed":["Strike_G"],"damage_healed":0,"gold_gain":0,"player_choice":"Offered Basic","damage_taken":0,"max_hp_gain":0,"max_hp_loss":0,"event_name":"Bonfire Elementals","floor":2,"gold_loss":0},{"damage_healed":0,"gold_gain":0,"player_choice":"Fought Mushrooms","damage_taken":0,"max_hp_gain":0,"max_hp_loss":0,"event_name":"Mushrooms","floor":7,"gold_loss":0}],"is_beta":false,"boss_relics":[],"items_purged_floors":[],"is_endless":false,"potions_floor_spawned":[1,3,12],"killed_by":"Hexaghost","ascension_level":0}}