{"host":"0kk91h4bq4kgfj0u","time":1612458115,"event":{"mods":["BaseMod","Minty Spire (QoL Compilation)","StSLib"],"gold_per_floor":[113,113,113,127,147,147,179,193,238,270,8,25,40,52,52,157,207,222,234,244,6,6,6,23,35,89,89,118,118,0,15,15,15,15],"floor_reached":33,"language":"ENG","playtime":1294,"items_purged":[],"score":365,"play_id":"a30eeaba-2b15-40ff-bc3b-021407adff57","local_time":"20210204120155","is_ascension_mode":true,"campfire_choices":[{"floor":6.0,"key":"REST"},{"floor":15.0,"key":"REST"},{"floor":23.0,"key":"REST"},{"floor":27.0,"key":"REST"},{"floor":32,"key":"REST"}],"circlet_count":0,"master_deck":["Strike_G","Strike_G+1","Strike_G+1","Strike_G","Strike_G","Defend_G","Defend_G","Defend_G","Defend_G","Defend_G","Survivor+1","Neutralize","Prepared","Cloak And Dagger","Caltrops","Skewer","Flying Knee","After Image","Apotheosis+1","Accuracy","Backflip+1","Poisoned Stab","Blade Dance","Corpse Explosion","Slice","Flying Knee+1","Blade Dance","Deadly Poison","Caltrops","Dagger Spray","Dodge and Roll","Infinite Blades+1","Necronomicurse","Caltrops+1"],"relics":["Ring of the Snake","Eternal Feather","Lantern","Nunchaku","Tiny House","Potion Belt","Centennial Puzzle","Tiny Chest","Necronomicon"],"acts_visited":["Exordium","TheCity"],"potions_floor_usage":[28],"damage_taken":[{"damage":3.0,"enemies":"2 Louse","floor":1.0,"turns":3.0},{"damage":2.0,"enemies":"Jaw Worm","floor":4.0,"turns":4.0},{"damage":1.0,"enemies":"Cultist","floor":5.0,"turns":3.0},{"damage":24.0,"enemies":"3 Sentries","floor":7.0,"turns":11.0},{"damage":6.0,"enemies":"Red Slaver","floor":8.0,"turns":4.0},{"damage":16.0,"enemies":"Gremlin Nob","floor":10.0,"turns":3.0},{"damage":1.0,"enemies":"Lots of Slimes","floor":12.0,"turns":4.0},{"damage":1.0,"enemies":"3 Louse","floor":13.0,"turns":4.0},{"damage":17.0,"enemies":"Gremlin Gang","floor":14.0,"turns":3.0},{"damage":22.0,"enemies":"Slime Boss","floor":16.0,"turns":9.0},{"damage":12.0,"enemies":"Chosen","floor":18.0,"turns":4.0},{"damage":11.0,"enemies":"3 Byrds","floor":19.0,"turns":3.0},{"damage":32.0,"enemies":"Snecko","floor":20.0,"turns":6.0},{"damage":18.0,"enemies":"Snake Plant","floor":24.0,"turns":4.0},{"damage":0.0,"enemies":"Centurion and Healer","floor":25.0,"turns":2.0},{"damage":23,"enemies":"Book of Stabbing","floor":28,"turns":4},{"damage":4,"enemies":"Snecko","floor":31,"turns":3},{"damage":95,"enemies":"Collector","floor":33,"turns":7}],"seed_played":"1897671312898951302","potions_obtained":[{"floor":1.0,"key":"LiquidMemories"},{"floor":3.0,"key":"Fruit Juice"},{"floor":3.0,"key":"CunningPotion"},{"floor":3.0,"key":"DuplicationPotion"},{"floor":5.0,"key":"SkillPotion"},{"floor":7.0,"key":"Fire Potion"},{"floor":12.0,"key":"Swift Potion"},{"floor":13.0,"key":"Explosive Potion"},{"floor":14.0,"key":"SkillPotion"},{"floor":17.0,"key":"DuplicationPotion"},{"floor":20.0,"key":"FearPotion"},{"floor":24.0,"key":"Ancient Potion"},{"floor":31,"key":"DuplicationPotion"}],"is_trial":false,"path_per_floor":["M","?","?","M","M","R","E","M","T","E","$","M","M","M","R","B",null,"M","M","M","$","?","R","M","M","T","R","E","?","?","M","R","B"],"character_chosen":"THE_SILENT","items_purchased":["Apotheosis","Accuracy","Potion Belt","Caltrops","AttackPotion"],"campfire_rested":5,"item_purchase_floors":[11,11,21,21,21],"current_hp_per_floor":[60,46,51,49,48,70,46,40,40,24,24,23,22,5,39,17,66,54,43,11,11,11,50,32,32,32,74,51,35,35,31,73,0,0],"gold":15,"neow_bonus":"UPGRADE_CARD","is_daily":false,"chose_seed":false,"campfire_upgraded":0,"win_rate":0.0,"timestamp":1612458115,"path_taken":["M","?","?","M","M","R","E","?","T","E","?","M","?","M","R","BOSS","M","M","?","$","?","R","M","?","T","R","E","?","?","M","R","BOSS"],"items_purchased_type":["Card","Card","Relic","Card","Potion"],"build_version":"2020-12-22","purchased_purges":0,"victory":false,"max_hp_per_floor":[70,70,75,75,75,75,75,75,75,75,75,75,75,75,75,75,80,80,80,80,80,80,80,80,80,80,80,80,80,80,80,80,80,80],"card_choices":[{"not_picked":["Flechettes","Dodge and Roll"],"picked":"Prepared","floor":1.0},{"not_picked":["Masterful Stab","Dagger Spray"],"picked":"Cloak And Dagger","floor":4.0},{"not_picked":["Acrobatics","Blade Dance"],"picked":"Caltrops","floor":5.0},{"not_picked":["Night Terror","Cloak And Dagger"],"picked":"Skewer","floor":7.0},{"not_picked":["Choke","Backflip"],"picked":"Flying Knee","floor":8.0},{"not_picked":["Caltrops","Acrobatics"],"picked":"After Image","floor":10.0},{"not_picked":["Eviscerate","Cloak And Dagger"],"picked":"Backflip","floor":12.0},{"not_picked":["Deflect","Backflip"],"picked":"Poisoned Stab","floor":13.0},{"not_picked":["Backstab","Slice"],"picked":"Blade Dance","floor":14.0},{"not_picked":["Wraith Form v2","Unload"],"picked":"Corpse Explosion","floor":16.0},{"not_picked":["Noxious Fumes","Dodge and Roll"],"picked":"Slice","floor":17.0},{"not_picked":["Dodge and Roll","Underhanded Strike"],"picked":"Flying Knee+1","floor":18.0},{"not_picked":["Unload","Backflip"],"picked":"Blade Dance","floor":19.0},{"not_picked":["Slice","PiercingWail"],"picked":"Deadly Poison","floor":20.0},{"not_picked":["Well Laid Plans","Caltrops"],"picked":"Dagger Spray","floor":24.0},{"not_picked":["Endless Agony","Concentrate"],"picked":"Dodge and Roll","floor":25.0},{"not_picked":["Poisoned Stab+1","Blade Dance"],"picked":"Infinite Blades+1","floor":28},{"not_picked":["Blade Dance+1","Deadly Poison"],"picked":"Caltrops+1","floor":31}],"player_experience":843983,"relics_obtained":[{"floor":7.0,"key":"Eternal Feather"},{"floor":9.0,"key":"Lantern"},{"floor":10.0,"key":"Nunchaku"},{"floor":26.0,"key":"Centennial Puzzle"},{"floor":28,"key":"Tiny Chest"},{"floor":29,"key":"Necronomicon"}],"event_choices":[{"damage_healed":0.0,"max_hp_gain":0.0,"max_hp_loss":0.0,"gold_gain":0.0,"event_name":"Shining Light","player_choice":"Entered Light","floor":2.0,"gold_loss":0.0,"damage_taken":14.0,"cards_upgraded":["Strike_G","Strike_G"]},{"damage_healed":0.0,"max_hp_gain":0.0,"max_hp_loss":0.0,"gold_gain":0.0,"event_name":"Lab","player_choice":"Got Potions","floor":3.0,"gold_loss":0.0,"damage_taken":0.0},{"damage_healed":0.0,"max_hp_gain":0.0,"max_hp_loss":0.0,"gold_gain":0.0,"event_name":"Accursed Blacksmith","player_choice":"Forge","floor":22.0,"gold_loss":0.0,"damage_taken":0.0,"cards_upgraded":["Apotheosis"]},{"damage_healed":0,"gold_gain":0,"player_choice":"Obtained Book","damage_taken":16,"max_hp_gain":0,"max_hp_loss":0,"event_name":"Cursed Tome","floor":29,"gold_loss":0},{"damage_healed":0,"gold_gain":0,"player_choice":"Paid Fearfully","damage_taken":0,"max_hp_gain":0,"max_hp_loss":0,"event_name":"Masked Bandits","floor":30,"gold_loss":118}],"is_beta":false,"boss_relics":[{"not_picked":["Sozu","Pandora\u0027s Box"],"picked":"Tiny House"}],"items_purged_floors":[],"is_endless":false,"potions_floor_spawned":[1,5,7,12,13,14,20,24,31],"killed_by":"Collector","ascension_level":6}}