{"host":"8is2j71l4wmybkoi","time":1612432588,"event":{"mods":["AchievementEnabler","BaseMod","Colored Map","Minty Spire (QoL Compilation)","Rare Cards Sparkle","StSLib","SuperFastMode"],"gold_per_floor":[113,129,139,151,226,226,251,267,294,38,51,51,86,98,110,196,208,240,252,284,315,327,327],"floor_reached":22,"language":"KOR","playtime":738,"items_purged":["Strike_B"],"score":390,"play_id":"573cb5bf-b9cf-4f14-91ed-13aa98e98085","local_time":"20210204185628","is_ascension_mode":true,"campfire_choices":[{"data":"Dualcast","floor":6,"key":"SMITH"},{"data":"Creative AI","floor":15,"key":"SMITH"}],"circlet_count":0,"master_deck":["AscendersBane","Strike_B","Strike_B","Defend_B","Defend_B","Defend_B","Defend_B","Zap","Dualcast+1","Doom and Gloom","Sunder","BootSequence","Beam Cell","Ball Lightning","Undo","Defragment","Capacitor","Creative AI+1","Core Surge","FTL","Skim","Compile Driver"],"relics":["Cracked Core","Lantern","Pen Nib","TheAbacus","MawBank","Nuclear Battery"],"acts_visited":["Exordium","TheCity"],"potions_floor_usage":[7,13,18,18,21],"damage_taken":[{"damage":1,"enemies":"Cultist","floor":1,"turns":3},{"damage":9,"enemies":"Jaw Worm","floor":2,"turns":3},{"damage":0,"enemies":"2 Louse","floor":3,"turns":1},{"damage":2,"enemies":"Exordium Wildlife","floor":4,"turns":5},{"damage":18,"enemies":"Gremlin Nob","floor":7,"turns":3},{"damage":0,"enemies":"3 Louse","floor":8,"turns":1},{"damage":0,"enemies":"Exordium Thugs","floor":11,"turns":3},{"damage":0,"enemies":"3 Sentries","floor":13,"turns":5},{"damage":14,"enemies":"Hexaghost","floor":16,"turns":9},{"damage":20,"enemies":"3 Byrds","floor":18,"turns":6},{"damage":8,"enemies":"Shell Parasite","floor":20,"turns":6},{"damage":15,"enemies":"Shelled Parasite and Fungi","floor":21,"turns":3},{"damage":19,"enemies":"Snecko","floor":22,"turns":3}],"seed_played":"-4320995717371617877","potions_obtained":[{"floor":1,"key":"FearPotion"},{"floor":3,"key":"Swift Potion"},{"floor":7,"key":"EntropicBrew"},{"floor":11,"key":"AttackPotion"},{"floor":13,"key":"Block Potion"}],"is_trial":false,"path_per_floor":["M","M","M","M","?","R","E","M","T","$","M","?","E","$","R","B",null,"M","?","M","M","M"],"character_chosen":"DEFECT","items_purchased":["Defragment","TheAbacus"],"campfire_rested":0,"item_purchase_floors":[10,10],"current_hp_per_floor":[63,54,54,52,41,41,23,23,23,23,23,23,23,23,23,9,56,36,36,28,13,0,0],"gold":327,"neow_bonus":"REMOVE_CARD","is_daily":false,"chose_seed":false,"campfire_upgraded":2,"win_rate":0.0,"timestamp":1612432588,"path_taken":["M","M","?","?","?","R","E","M","T","$","M","?","E","?","R","BOSS","M","?","M","M","M"],"items_purchased_type":["Card","Relic"],"build_version":"2020-12-22","purchased_purges":1,"victory":false,"max_hp_per_floor":[71,71,71,71,71,71,71,71,71,71,71,71,71,71,71,71,71,71,71,71,71,71,71],"card_choices":[{"not_picked":["Steam","Darkness"],"picked":"Doom and Gloom","floor":1},{"not_picked":["Stack","Conserve Battery"],"picked":"Sunder","floor":2},{"not_picked":["Cold Snap","Conserve Battery"],"picked":"BootSequence","floor":3},{"not_picked":["Chaos","Barrage"],"picked":"Beam Cell","floor":4},{"not_picked":["Melter","Hologram"],"picked":"Ball Lightning","floor":7},{"not_picked":["Heatsinks","White Noise"],"picked":"Undo","floor":8},{"not_picked":["Compile Driver","Barrage"],"picked":"Capacitor","floor":11},{"not_picked":["Go for the Eyes","Hello World"],"picked":"Creative AI","floor":13},{"not_picked":["Echo Form","Amplify"],"picked":"Core Surge","floor":16},{"not_picked":["Cold Snap","Beam Cell"],"picked":"FTL","floor":18},{"not_picked":["Hello World+1","Cold Snap"],"picked":"Skim","floor":20},{"not_picked":["Reprogram","Scrape"],"picked":"Compile Driver","floor":21}],"player_experience":954463,"relics_obtained":[{"floor":7,"key":"Lantern"},{"floor":9,"key":"Pen Nib"},{"floor":13,"key":"MawBank"}],"event_choices":[{"damage_healed":0,"gold_gain":75,"player_choice":"Gather Gold","damage_taken":11,"max_hp_gain":0,"max_hp_loss":0,"event_name":"World of Goop","floor":5,"gold_loss":0},{"damage_healed":0,"gold_gain":0,"player_choice":"Ignored","damage_taken":0,"max_hp_gain":0,"max_hp_loss":0,"event_name":"Liars Game","floor":12,"gold_loss":0},{"damage_healed":0,"gold_gain":0,"player_choice":"Ignored","damage_taken":0,"max_hp_gain":0,"max_hp_loss":0,"event_name":"Vampires","floor":19,"gold_loss":0}],"is_beta":false,"boss_relics":[{"not_picked":["FrozenCore","SacredBark"],"picked":"Nuclear Battery"}],"items_purged_floors":[10],"is_endless":false,"potions_floor_spawned":[1,3,7,11,13],"killed_by":"Snecko","ascension_level":15}}