{"host":"d9m9v0h6vo0edadb","time":1612436531,"event":{"mods":["BaseMod","Hermit","Keyboard Shortcuts","Minty Spire (QoL Compilation)","StSLib","SuperFastMode","The Cursed"],"gold_per_floor":[112,187,21,38,38,71,71,98,122,122,47,57,76,56,56,56,56],"floor_reached":16,"language":"KOR","playtime":175,"items_purged":[],"score":266,"play_id":"418ce8c2-4722-42a5-a59c-4c4e2667d112","local_time":"20210204200211","is_ascension_mode":true,"campfire_choices":[{"data":"Dualcast","floor":7.0,"key":"SMITH"},{"data":"Defragment","floor":10.0,"key":"SMITH"},{"data":"Zap","floor":15.0,"key":"SMITH"}],"circlet_count":0,"master_deck":["AscendersBane","Strike_B","Strike_B","Strike_B","Defend_B","Defend_B","Defend_B","Defend_B","Zap+1","Dualcast+1","Go for the Eyes","Compile Driver","Chill","Gash","Go for the Eyes","Gash","Defragment+1","Heatsinks"],"relics":["Cracked Core","NeowsBlessing","Orrery","Juzu Bracelet","Art of War","Dream Catcher"],"acts_visited":["Exordium"],"potions_floor_usage":[16],"damage_taken":[{"damage":0.0,"enemies":"Jaw Worm","floor":1.0,"turns":1.0},{"damage":0.0,"enemies":"Small Slimes","floor":4.0,"turns":1.0},{"damage":0.0,"enemies":"Gremlin Nob","floor":6.0,"turns":1.0},{"damage":3.0,"enemies":"Lagavulin","floor":8.0,"turns":7.0},{"damage":2.0,"enemies":"Cultist","floor":12.0,"turns":3.0},{"damage":0.0,"enemies":"Lots of Slimes","floor":13.0,"turns":2.0},{"damage":53,"enemies":"Slime Boss","floor":16,"turns":10}],"seed_played":"-295661612682557136","potions_obtained":[{"floor":4.0,"key":"Swift Potion"},{"floor":6.0,"key":"ColorlessPotion"},{"floor":13.0,"key":"BlessingOfTheForge"},{"floor":14.0,"key":"Energy Potion"}],"is_trial":false,"path_per_floor":["M","?","$","M","$","E","R","E","T","R","?","M","M","?","R","B"],"character_chosen":"DEFECT","items_purchased":["Orrery"],"campfire_rested":0,"item_purchase_floors":[3],"current_hp_per_floor":[64,53,53,53,53,53,53,50,50,50,50,48,48,48,48,0,0],"gold":56,"neow_bonus":"THREE_ENEMY_KILL","is_daily":false,"chose_seed":false,"campfire_upgraded":3,"win_rate":0.0,"timestamp":1612436531,"path_taken":["M","?","$","M","$","E","R","E","T","R","?","M","M","?","R","BOSS"],"items_purchased_type":["Relic"],"build_version":"2020-12-22","purchased_purges":0,"victory":false,"max_hp_per_floor":[71,71,71,71,71,71,71,71,71,71,71,71,71,71,71,71,71],"card_choices":[{"not_picked":["Steam","Blizzard"],"picked":"Go for the Eyes","floor":1.0},{"not_picked":["Loop","Beam Cell"],"picked":"Compile Driver","floor":3.0},{"not_picked":["Compile Driver","White Noise"],"picked":"Chill","floor":3.0},{"not_picked":["Force Field","Undo"],"picked":"Gash","floor":3.0},{"not_picked":["Conserve Battery","Storm"],"picked":"Go for the Eyes","floor":4.0},{"not_picked":["Seek","Beam Cell"],"picked":"Gash","floor":6.0},{"not_picked":["Conserve Battery","Barrage"],"picked":"Defragment","floor":8.0},{"not_picked":["Go for the Eyes","Machine Learning","Redo"],"picked":"SKIP","floor":12.0},{"not_picked":["Ball Lightning","Stack"],"picked":"Heatsinks","floor":13.0}],"player_experience":1003896,"relics_obtained":[{"floor":6.0,"key":"Juzu Bracelet"},{"floor":8.0,"key":"Art of War"},{"floor":9.0,"key":"Dream Catcher"}],"event_choices":[{"damage_healed":0.0,"max_hp_gain":0.0,"max_hp_loss":0.0,"gold_gain":75.0,"event_name":"World of Goop","player_choice":"Gather Gold","floor":2.0,"gold_loss":0.0,"damage_taken":11.0},{"cards_removed":["Strike_B"],"damage_healed":0.0,"max_hp_gain":0.0,"max_hp_loss":0.0,"gold_gain":0.0,"event_name":"The Cleric","player_choice":"Card Removal","floor":11.0,"gold_loss":75.0,"damage_taken":0.0},{"damage_healed":0.0,"max_hp_gain":0.0,"max_hp_loss":0.0,"gold_gain":0.0,"event_name":"The Woman in Blue","player_choice":"Bought 1 Potion","floor":14.0,"gold_loss":0.0,"damage_taken":0.0}],"is_beta":false,"boss_relics":[],"items_purged_floors":[],"is_endless":false,"potions_floor_spawned":[4,6,13],"killed_by":"Slime Boss","ascension_level":20}}