{"host":"nwd160me4iqdtr8u","time":1612431811,"event":{"mods":["AchievementEnabler","Act Like it!","BaseMod","Colored Map","DeckTracker","Hallownest","Keyboard Shortcuts","Minty Spire (QoL Compilation)","Quick Restart","Rare Cards Sparkle","Smile Girya","StSLib","SuperFastMode","The Bug Knight","everything is the same but u backflip on backflip"],"gold_per_floor":[117,117,117,134,146,146,146,181,181,192,192,43,77,104,104,209,209,231,231,231,250,270,309,360,360,417,451,451,489,489,500,500,611,611,626,213,239,38,57,57,84,84,84,128,208,208,228,228,228,228],"floor_reached":51,"language":"KOR","playtime":3504,"items_purged":["Injury"],"score":806,"play_id":"9ebf4547-3b4c-4d78-bcb4-0378ff2f7a67","local_time":"20210204184331","is_ascension_mode":true,"campfire_choices":[{"data":"HollowMod:MawleksShell","floor":6.0,"key":"SMITH"},{"data":"HollowMod:HuntersJournal","floor":11.0,"key":"SMITH"},{"data":"HollowMod:DungDefenderAura","floor":15.0,"key":"SMITH"},{"data":"HollowMod:PureNailStrike","floor":25.0,"key":"SMITH"},{"data":"HollowMod:ShapeofUnn","floor":28.0,"key":"SMITH"},{"data":"HollowMod:MonarchWings","floor":30.0,"key":"SMITH"},{"floor":32.0,"key":"REST"},{"data":"HollowMod:LifebloodCore","floor":40.0,"key":"SMITH"},{"data":"HollowMod:HowlingWraiths","floor":42.0,"key":"SMITH"},{"data":"HollowMod:VoidDash","floor":46,"key":"SMITH"},{"floor":49,"key":"REST"}],"circlet_count":0,"master_deck":["HollowMod:NailStrikeStart","HollowMod:NailStrikeStart","HollowMod:QuickDashStart","HollowMod:QuickDashStart","HollowMod:QuickDashStart","HollowMod:QuickDashStart","HollowMod:PogoStrike","HollowMod:HuntersJournal+1","HollowMod:MawleksShell+1","HollowMod:GreatSlash","HollowMod:PureNailStrike+1","HollowMod:ShapeofUnn+1","HollowMod:DungDefenderAura+1","HollowMod:Weaversong","HollowMod:Grubsong","HollowMod:DoubleDash","HollowMod:SoulSplash+1","HollowMod:SoulStrike+1","HollowMod:HornetsHelp","HollowMod:QuirrelsAssistance+1","HollowMod:MonarchWings+1","HollowMod:LifebloodCore+1","HollowMod:VoidDash+1","HollowMod:DoubleDash","Deep Breath","HollowMod:HowlingWraiths+1","HollowMod:PerfectDash+1","HollowMod:SoulVessel+1","HollowMod:Hiveblood"],"relics":["HollowMod:KingsSoulRelic","Akabeko","Hallownest:TeacherSealRelic","StrikeDummy","Eternal Feather","HollowMod:PaleOreRelic","CeramicFish","Cursed Key","HollowMod:KingsBrand","Bronze Scales","Lantern","Vajra","Ornamental Fan","Du-Vu Doll"],"acts_visited":["Hallownest:Greenpath","Hallownest:CityofTears","Hallownest:KingdomsEdge"],"potions_floor_usage":[47],"damage_taken":[{"damage":0.0,"enemies":"Hallownest:monsterHuskWarrior","floor":1.0,"turns":2.0},{"damage":3.0,"enemies":"Hallownest:2_Tiktiks_and_1_Crawlid","floor":4.0,"turns":3.0},{"damage":2.0,"enemies":"Hallownest:2_MossCreeps","floor":5.0,"turns":5.0},{"damage":11.0,"enemies":"Hallownest:eliteVengeflyKing","floor":8.0,"turns":22.0},{"damage":0.0,"enemies":"Hallownest:MossCreep_and_Mosskin","floor":10.0,"turns":2.0},{"damage":12.0,"enemies":"Hallownest:eliteMossKnight","floor":13.0,"turns":7.0},{"damage":4.0,"enemies":"Hallownest:Guard_and_Warrior","floor":14.0,"turns":4.0},{"damage":40.0,"enemies":"Hallownest:BossFalseKnight","floor":16.0,"turns":11.0},{"damage":7.0,"enemies":"Hallownest:2_Mistakes","floor":18.0,"turns":4.0},{"damage":2.0,"enemies":"Hallownest:Flukemon_and_Top","floor":21.0,"turns":4.0},{"damage":4.0,"enemies":"Hallownest:monsterShrumalOgre","floor":22.0,"turns":4.0},{"damage":14.0,"enemies":"Hallownest:eliteWatcherKnight","floor":23.0,"turns":12.0},{"damage":23.0,"enemies":"Hallownest:Glutton_and_Coward","floor":24.0,"turns":4.0},{"damage":3.0,"enemies":"Hallownest:eliteSoulWarrior","floor":27.0,"turns":5.0},{"damage":19.0,"enemies":"Hallownest:eliteWatcherKnight","floor":29.0,"turns":10.0},{"damage":29.0,"enemies":"Hallownest:Master_and_Novice","floor":31.0,"turns":4.0},{"damage":28.0,"enemies":"Hallownest:BossGrimm","floor":33.0,"turns":11.0},{"damage":1.0,"enemies":"Hallownest:Shield_Heavy","floor":35.0,"turns":3.0},{"damage":0.0,"enemies":"Hallownest:2_Littles","floor":37.0,"turns":4.0},{"damage":0.0,"enemies":"Hallownest:2_Great","floor":39.0,"turns":5.0},{"damage":27.0,"enemies":"Hallownest:2_Soldiers_and_1_Guardian","floor":41.0,"turns":4.0},{"damage":42.0,"enemies":"Hallownest:eliteCollector","floor":44.0,"turns":14.0},{"damage":0,"enemies":"Hallownest:eliteCollector","floor":45,"turns":4},{"damage":0,"enemies":"Hallownest:eliteCollector","floor":45,"turns":2},{"damage":9,"enemies":"Hallownest:Xero_Hu_Marmu","floor":47,"turns":7},{"damage":103,"enemies":"Hallownest:BossHollowKnight","floor":50,"turns":22}],"seed_played":"3340351232142367483","potions_obtained":[{"floor":5.0,"key":"DuplicationPotion"},{"floor":8.0,"key":"Regen Potion"},{"floor":10.0,"key":"SkillPotion"},{"floor":22.0,"key":"LiquidBronze"},{"floor":23.0,"key":"Swift Potion"},{"floor":24.0,"key":"AttackPotion"},{"floor":31.0,"key":"Explosive Potion"},{"floor":35.0,"key":"Dexterity Potion"},{"floor":39.0,"key":"GamblersBrew"},{"floor":44.0,"key":"Energy Potion"}],"is_trial":false,"path_per_floor":["M","?","?","M","M","R","?","E","T","M","R","$","E","M","R","B",null,"M","?","?","M","M","E","M","R","T","E","R","E","R","M","R","B",null,"M","$","M","$","M","R","M","R","T","E","?","R","M","?","R","B",null],"character_chosen":"THE_BUGKNIGHT","items_purchased":["HollowMod:PaleOreRelic","Ornamental Fan","HollowMod:VoidDash","Deep Breath","HollowMod:HowlingWraiths"],"campfire_rested":2,"item_purchase_floors":[12,36,36,38,38],"current_hp_per_floor":[75,75,75,72,75,75,75,70,70,70,75,75,69,65,74,34,75,68,64,64,62,58,44,21,30,30,27,39,35,47,18,52,24,75,74,74,74,74,74,75,48,63,63,21,21,36,27,27,64,16],"gold":228,"neow_bonus":"RANDOM_COMMON_RELIC","is_daily":false,"chose_seed":false,"campfire_upgraded":9,"win_rate":0.0,"timestamp":1612431811,"path_taken":["M","?","?","M","M","R","?","E","T","M","R","?","E","M","R","BOSS","M","?","?","M","M","E","M","R","T","E","R","E","R","M","R","BOSS","M","$","M","$","M","R","M","R","T","E","?","R","M","?","R","BOSS"],"items_purchased_type":["Relic","Relic","Card","Card","Card"],"build_version":"2020-12-22","purchased_purges":1,"victory":true,"max_hp_per_floor":[75,75,75,75,75,75,75,75,75,75,75,75,75,75,75,75,75,75,75,75,75,75,75,75,75,75,75,75,75,75,75,75,75,75,75,75,75,75,75,75,75,75,75,75,75,75,75,75,75,75],"card_choices":[{"not_picked":["HollowMod:InfectedAttack","HollowMod:MothsMistake","HollowMod:SharpenedNail"],"picked":"SKIP","floor":1.0},{"not_picked":["HollowMod:Grubsong","HollowMod:MawleksShell"],"picked":"HollowMod:HuntersJournal","floor":4.0},{"not_picked":["HollowMod:BaldurShell","HollowMod:HowlingWraiths"],"picked":"HollowMod:MawleksShell","floor":5.0},{"not_picked":["HollowMod:InfectedCysts","HollowMod:DungDefenderAura"],"picked":"HollowMod:GreatSlash","floor":8.0},{"not_picked":["HollowMod:ChannelNail","HollowMod:SiblingsSouls"],"picked":"HollowMod:PureNailStrike","floor":10.0},{"not_picked":["HollowMod:NewJinnsSoul","HollowMod:FastStrike"],"picked":"HollowMod:ShapeofUnn","floor":13.0},{"not_picked":["HollowMod:DescendingDark","HollowMod:FastStrike"],"picked":"HollowMod:DungDefenderAura","floor":14.0},{"not_picked":["HollowMod:PureVessel","HollowMod:LordofShades"],"picked":"HollowMod:Weaversong","floor":16.0},{"not_picked":["HollowMod:WraithStrike","HollowMod:InfectionAssault"],"picked":"HollowMod:Grubsong","floor":18.0},{"not_picked":["HollowMod:ShadowDash+1","HollowMod:SharpenedNail"],"picked":"HollowMod:DoubleDash","floor":21.0},{"not_picked":["HollowMod:CycloneSlash+1","HollowMod:SoulEater"],"picked":"HollowMod:SoulSplash+1","floor":22.0},{"not_picked":["HollowMod:DashSlash","HollowMod:DreamGate+1"],"picked":"HollowMod:SoulStrike+1","floor":23.0},{"not_picked":["HollowMod:ChannelNail","HollowMod:InfectedAttack"],"picked":"HollowMod:HornetsHelp","floor":24.0},{"not_picked":["HollowMod:DoubleDash+1","HollowMod:CornifersMapStart"],"picked":"HollowMod:QuirrelsAssistance+1","floor":27.0},{"not_picked":["HollowMod:SharpenedNail","HollowMod:CloakDash"],"picked":"HollowMod:MonarchWings","floor":29.0},{"not_picked":["HollowMod:InfectedCysts+1","HollowMod:DashSlash","HollowMod:CycloneSlash"],"picked":"SKIP","floor":31.0},{"not_picked":["HollowMod:LordofShades","HollowMod:NewInfectedGuardian"],"picked":"HollowMod:LifebloodCore","floor":33.0},{"not_picked":["HollowMod:DashSlash+1","HollowMod:InfectionAssault+1","HollowMod:GoodIntentions"],"picked":"SKIP","floor":35.0},{"not_picked":["HollowMod:VengefulVoid+1","HollowMod:GreatSlash"],"picked":"HollowMod:DoubleDash","floor":37.0},{"not_picked":["HollowMod:FastStrike+1","HollowMod:CornifersMapStart"],"picked":"HollowMod:PerfectDash+1","floor":39.0},{"not_picked":["HollowMod:LifebloodCocoon","HollowMod:NewJinnsSoul+1"],"picked":"HollowMod:SoulVessel+1","floor":41.0},{"not_picked":["HollowMod:BrokenVessel","HollowMod:DoubleDash"],"picked":"HollowMod:Hiveblood","floor":44.0},{"not_picked":["HollowMod:GrimmsGift","HollowMod:LifebloodCocoon+1","HollowMod:WraithStrike+1"],"picked":"SKIP","floor":47}],"player_experience":413044,"relics_obtained":[{"floor":8.0,"key":"StrikeDummy"},{"floor":9.0,"key":"Eternal Feather"},{"floor":13.0,"key":"CeramicFish"},{"floor":23.0,"key":"HollowMod:KingsBrand"},{"floor":26.0,"key":"Bronze Scales"},{"floor":27.0,"key":"Lantern"},{"floor":29.0,"key":"Vajra"},{"floor":44.0,"key":"Du-Vu Doll"}],"event_choices":[],"is_beta":false,"boss_relics":[{"not_picked":["Sozu","SlaversCollar"],"picked":"Cursed Key"},{"not_picked":["Black Star","Astrolabe"],"picked":"HollowMod:KingsSoulRelic"}],"items_purged_floors":[38],"is_endless":false,"potions_floor_spawned":[5,8,10,22,23,24,31,35,39,44],"ascension_level":2}}