{"host":"yn5u65xaxuhqfd3k","time":1612398322,"event":{"mods":["BaseMod","Downfall","Minty Spire (QoL Compilation)","Relic Stats","StSLib"],"gold_per_floor":[99,109,20,20,30,30,76,76,76,89,101,101,1,12,27,129,129,129,148,161,180,27,57,83,83,83,98,116,16,28,28,45,45,45,45],"floor_reached":33,"language":"ENG","playtime":3924,"items_purged":[],"score":286,"play_id":"d738cc6e-1db0-40e2-a13c-38dbaf22f7df","local_time":"20210203192522","is_ascension_mode":false,"campfire_choices":[{"data":"Guardian:TwinSlam","floor":1,"key":"SMITH"},{"data":"Guardian:CrystalBeam","floor":6,"key":"SMITH"},{"floor":9,"key":"REST"},{"data":"Guardian:RollAttack","floor":13,"key":"SMITH"},{"floor":18,"key":"RECALL"},{"floor":26,"key":"REST"},{"floor":29,"key":"REST"}],"circlet_count":0,"master_deck":["Guardian:Strike_Guardian","Guardian:Strike_Guardian","Guardian:Strike_Guardian","Guardian:Strike_Guardian","Guardian:Defend_Guardian","Guardian:CurlUp","Guardian:TwinSlam+1","Guardian:RollAttack+1","Guardian:CrystalBeam+1","Guardian:Planning","Guardian:WalkerClaw","Guardian:RevengeProtocol","Guardian:TemporalStrike+1","Guardian:TemporalShield+1","Guardian:Emergency+1","Guardian:BronzeArmor+1","Guardian:BodySlam+1","Guardian:SpikerProtocol","Guardian:ArmoredProtocol","Guardian:CrystalBeam","Guardian:StasisStrike","Guardian:ChargeCore+1","Guardian:Gem_Red","Guardian:ChargeCore","Guardian:TemporalShield+1"],"relics":["Guardian:ModeShifter","Question Card","Potion Belt","downfall:HeartBlessingBlue","Astrolabe","Blue Candle","Dream Catcher","downfall:HeartBlessingRed"],"acts_visited":["Exordium","TheCity"],"potions_floor_usage":[10,16,19,20,23,23,27,28,33],"damage_taken":[{"damage":6,"enemies":"Small Slimes","floor":2,"turns":4},{"damage":0,"enemies":"downfall:FleeingMerchant","floor":3,"turns":4},{"damage":11,"enemies":"Jaw Worm","floor":5,"turns":2},{"damage":0,"enemies":"Cultist","floor":10,"turns":3},{"damage":8,"enemies":"Blue Slaver","floor":11,"turns":3},{"damage":13,"enemies":"Red Slaver","floor":14,"turns":5},{"damage":11,"enemies":"3 Louse","floor":15,"turns":3},{"damage":16,"enemies":"SI_SHIV_ARCHETYPE","floor":16,"turns":6},{"damage":11,"enemies":"Shell Parasite","floor":19,"turns":5},{"damage":12,"enemies":"3 Byrds","floor":20,"turns":5},{"damage":8,"enemies":"Centurion and Healer","floor":21,"turns":8},{"damage":1,"enemies":"downfall:FleeingMerchant","floor":22,"turns":4},{"damage":52,"enemies":"Gremlin Leader","floor":23,"turns":9},{"damage":11,"enemies":"Snake Plant","floor":27,"turns":3},{"damage":20,"enemies":"Cultist and Chosen","floor":28,"turns":6},{"damage":26,"enemies":"Centurion and Healer","floor":30,"turns":5},{"damage":6,"enemies":"3 Cultists","floor":32,"turns":4},{"damage":13,"enemies":"IC_MUSHROOM_ARCHETYPE","floor":33,"turns":1}],"seed_played":"1031316818379484864","potions_obtained":[{"floor":2,"key":"PowerPotion"},{"floor":5,"key":"Weak Potion"},{"floor":14,"key":"LiquidBronze"},{"floor":16,"key":"Guardian:DefensiveModePotion"},{"floor":23,"key":"Block Potion"},{"floor":27,"key":"Weak Potion"},{"floor":28,"key":"FearPotion"},{"floor":32,"key":"champ:CounterPotion"}],"is_trial":false,"path_per_floor":["R","M","$","?","M","R","T","T","R","M","M","?","R","M","M","B",null,"R","M","M","M","$","E","T","?","R","M","M","R","M","?","M","B"],"character_chosen":"GUARDIAN","items_purchased":["Guardian:CrystalBeam","Block Potion","Guardian:Gem_Lightblue","Guardian:SpikerProtocol","Fire Potion"],"campfire_rested":3,"item_purchase_floors":[3,3,22,22,22],"current_hp_per_floor":[88,82,82,82,71,71,71,71,88,88,80,80,90,77,66,50,98,98,87,75,67,66,14,14,14,43,32,12,41,15,15,9,0,0,0],"gold":45,"neow_bonus":"TEN_PERCENT_HP_BONUS","is_daily":false,"chose_seed":false,"campfire_upgraded":3,"win_rate":0.0,"timestamp":1612398322,"path_taken":["R","M","$","?","M","R","T","?","R","M","?","?","R","M","M","BOSS","R","M","M","M","?","E","T","?","R","M","M","R","M","?","M","BOSS"],"items_purchased_type":["Card","Potion","Card","Card","Potion"],"build_version":"2020-12-22","purchased_purges":0,"victory":false,"max_hp_per_floor":[88,88,88,88,88,88,88,88,88,88,88,88,98,98,98,98,98,98,98,98,98,98,98,98,98,98,98,98,98,98,98,98,98,98,98],"relic_stats":{"Dream Catcher":2,"counters":[18,80],"Astrolabe":["Guardian:TemporalStrike","Guardian:TemporalShield","Guardian:Emergency"],"Blue Candle":[1],"Question Card":17,"obtain_stats":[{"Potion Belt":7,"Dream Catcher":24,"downfall:HeartBlessingRed":29,"downfall:HeartBlessingBlue":13,"Astrolabe":17,"Blue Candle":23,"Guardian:ModeShifter":0,"Question Card":4},{"Potion Belt":3,"Dream Catcher":13,"downfall:HeartBlessingRed":15,"downfall:HeartBlessingBlue":5,"Astrolabe":8,"Blue Candle":13,"Guardian:ModeShifter":0,"Question Card":2},{"Potion Belt":10,"Dream Catcher":61,"downfall:HeartBlessingRed":70,"downfall:HeartBlessingBlue":16,"Astrolabe":30,"Blue Candle":61,"Guardian:ModeShifter":0,"Question Card":8}]},"card_choices":[{"not_picked":["Guardian:Gem_Cyan","Guardian:ShieldCharger"],"picked":"Guardian:Gem_Crimson","floor":2},{"not_picked":["Guardian:PrimingBeam","Guardian:Gem_Fragmented"],"picked":"Guardian:RollAttack","floor":3},{"not_picked":["Guardian:RollAttack","Guardian:TemporalStrike","Guardian:Incinerate"],"picked":"Guardian:Gem_Green","floor":5},{"not_picked":["Guardian:Gem_Red","Guardian:BodySlam","Guardian:Reroute"],"picked":"Guardian:Gem_Blue","floor":10},{"not_picked":["Guardian:BronzeOrb","Guardian:RollAttack","Guardian:CrystalBeam"],"picked":"Guardian:Planning","floor":11},{"not_picked":["Guardian:Reroute","Guardian:ConstructionForm","Guardian:TemporalStrike"],"picked":"Guardian:WalkerClaw","floor":14},{"not_picked":["Guardian:DecasProtection","Guardian:GuardianWhirl","Guardian:TemporalStrike"],"picked":"Guardian:Gem_Red","floor":15},{"not_picked":["Guardian:TimeSifter","Guardian:AncientConstruct","Guardian:FastForward"],"picked":"Guardian:RevengeProtocol","floor":16},{"not_picked":["Guardian:PrimingBeam+1","Guardian:BronzeOrb+1","Guardian:TimeCapacitor"],"picked":"Guardian:Gem_Red","floor":19},{"not_picked":["Guardian:Planning","Guardian:ArmoredProtocol+1","Guardian:WalkerClaw"],"picked":"Guardian:BronzeArmor+1","floor":20},{"not_picked":["Guardian:FloatingOrbs+1","Guardian:Emergency","Guardian:PiercingHide"],"picked":"Guardian:BodySlam+1","floor":21},{"not_picked":["Guardian:BodySlam","Guardian:Gem_Fragmented","Guardian:CrystalBeam+1"],"picked":"Guardian:Gem_Lightblue","floor":22},{"not_picked":["Guardian:TemporalShield","Guardian:GuardianWhirl","Guardian:TimeCapacitor"],"picked":"Guardian:ArmoredProtocol","floor":23},{"not_picked":["Guardian:Recover","Guardian:PolyBeam","Guardian:Suspension+1"],"picked":"Guardian:CrystalBeam","floor":26},{"not_picked":["Guardian:RefractedBeam","Guardian:Emergency","Guardian:Gem_Cyan"],"picked":"Guardian:StasisStrike","floor":27},{"not_picked":["Guardian:Incinerate","Guardian:PrimingBeam","Guardian:Reroute"],"picked":"Guardian:ChargeCore+1","floor":28},{"not_picked":["Guardian:WalkerClaw","Guardian:TemporalShield+1","Guardian:MultiBeam"],"picked":"Guardian:Gem_Red","floor":29},{"not_picked":["Guardian:Gem_Crimson","Guardian:Planning","Guardian:RefractedBeam"],"picked":"Guardian:ChargeCore","floor":30},{"not_picked":["Guardian:FastForward","Guardian:Preprogram+1","Guardian:WalkerClaw"],"picked":"Guardian:TemporalShield+1","floor":32}],"player_experience":1034349,"relics_obtained":[{"floor":7,"key":"Potion Belt"},{"floor":23,"key":"Blue Candle"},{"floor":24,"key":"Dream Catcher"}],"event_choices":[{"damage_healed":0,"gold_gain":0,"player_choice":"Box","damage_taken":0,"relics_obtained":["Question Card"],"max_hp_gain":0,"max_hp_loss":0,"event_name":"Big Fish","floor":4,"gold_loss":0,"cards_obtained":["Regret"]}],"is_beta":false,"boss_relics":[{"not_picked":["Tiny House","Runic Dome"],"picked":"Astrolabe"}],"items_purged_floors":[],"is_endless":false,"potions_floor_spawned":[2,5,14,16,23,27,28,32],"killed_by":"IC_MUSHROOM_ARCHETYPE","ascension_level":0}}