{"host":"1xo5g347e5o4auts","time":1612434934,"event":{"mods":["BaseMod","Minty Spire (QoL Compilation)","Permanent Neow","StSLib"],"gold_per_floor":[214,214,214,214,225,225,239,314,369,2,18,18,18,46,46,123,123,143,143,143],"floor_reached":19,"language":"ENG","playtime":1105,"items_purged":[],"score":330,"play_id":"21c04ca5-2596-4c70-9d40-67b2c04faf17","local_time":"20210204123534","is_ascension_mode":true,"campfire_choices":[{"data":"Dagger Throw","floor":6.0,"key":"SMITH"},{"data":"Crippling Poison","floor":13.0,"key":"SMITH"},{"data":"Footwork","floor":15.0,"key":"SMITH"}],"circlet_count":0,"master_deck":["AscendersBane","Survivor","Neutralize+1","Footwork+1","Dagger Throw+1","Dagger Spray","Footwork+1","Crippling Poison+1","Night Terror","Bullet Time","Blade Dance","Night Terror","Finisher","Malaise","Night Terror","Concentrate","Reflex","Distraction","Predator","Deflect+1"],"relics":["Ring of the Snake","Akabeko","Gambling Chip","Sundial","Pandora\u0027s Box"],"acts_visited":["Exordium","TheCity"],"potions_floor_usage":[16],"damage_taken":[{"damage":2.0,"enemies":"Jaw Worm","floor":1.0,"turns":6.0},{"damage":0.0,"enemies":"2 Louse","floor":5.0,"turns":4.0},{"damage":0.0,"enemies":"Cultist","floor":7.0,"turns":4.0},{"damage":0.0,"enemies":"2 Fungi Beasts","floor":11.0,"turns":1.0},{"damage":10.0,"enemies":"3 Sentries","floor":14.0,"turns":4.0},{"damage":13,"enemies":"Hexaghost","floor":16,"turns":14},{"damage":26,"enemies":"Shell Parasite","floor":18,"turns":5},{"damage":0,"enemies":"Chosen","floor":19,"turns":3}],"seed_played":"-4132710034499064936","potions_obtained":[{"floor":5.0,"key":"Block Potion"},{"floor":14.0,"key":"SpeedPotion"},{"floor":18,"key":"SpeedPotion"}],"is_trial":false,"path_per_floor":["M","?","?","?","M","R","M","?","T","$","M","?","R","E","R","B",null,"M","M"],"character_chosen":"THE_SILENT","items_purchased":["Gambling Chip","Footwork"],"campfire_rested":0,"item_purchase_floors":[10,10],"current_hp_per_floor":[57,37,59,59,59,59,59,48,48,48,48,48,48,38,38,25,56,30,30,30],"gold":143,"neow_bonus":"HUNDRED_GOLD","is_daily":false,"chose_seed":false,"campfire_upgraded":3,"win_rate":0.0,"timestamp":1612434934,"path_taken":["M","?","?","?","M","R","?","?","T","$","M","?","R","E","R","BOSS","M","M"],"items_purchased_type":["Relic","Card"],"build_version":"2020-12-22","purchased_purges":0,"victory":false,"max_hp_per_floor":[66,66,66,66,66,66,66,66,66,66,66,66,66,66,66,66,66,66,66,66],"card_choices":[{"not_picked":["Backflip","Deflect"],"picked":"Footwork","floor":1.0},{"not_picked":["Acrobatics","Slice"],"picked":"Dagger Throw","floor":5.0},{"not_picked":["Footwork","Bane"],"picked":"Dagger Spray","floor":7.0},{"not_picked":["Tactician","Outmaneuver"],"picked":"Crippling Poison","floor":11.0},{"not_picked":["Slice","Bane"],"picked":"Night Terror","floor":14.0},{"not_picked":["Storm of Steel","A Thousand Cuts"],"picked":"Bullet Time","floor":16},{"not_picked":["Dagger Spray","Dodge and Roll"],"picked":"Deflect+1","floor":18}],"player_experience":1434416,"relics_obtained":[{"floor":9.0,"key":"Akabeko"},{"floor":14.0,"key":"Sundial"}],"event_choices":[{"damage_healed":0.0,"max_hp_gain":0.0,"max_hp_loss":0.0,"gold_gain":0.0,"event_name":"Shining Light","player_choice":"Entered Light","floor":2.0,"gold_loss":0.0,"damage_taken":20.0,"cards_upgraded":["Footwork","Strike_G"]},{"damage_healed":22.0,"max_hp_gain":0.0,"max_hp_loss":0.0,"gold_gain":0.0,"event_name":"Big Fish","player_choice":"Banana","floor":3.0,"gold_loss":0.0,"damage_taken":0.0},{"damage_healed":0.0,"max_hp_gain":0.0,"max_hp_loss":0.0,"gold_gain":0.0,"event_name":"Upgrade Shrine","player_choice":"Upgraded","floor":4.0,"gold_loss":0.0,"damage_taken":0.0,"cards_upgraded":["Neutralize"]},{"damage_healed":0.0,"max_hp_gain":0.0,"max_hp_loss":0.0,"gold_gain":75.0,"event_name":"World of Goop","player_choice":"Gather Gold","floor":8.0,"gold_loss":0.0,"damage_taken":11.0},{"cards_removed":["Strike_G"],"damage_healed":0.0,"max_hp_gain":0.0,"max_hp_loss":0.0,"gold_gain":0.0,"event_name":"Purifier","player_choice":"Purged","floor":12.0,"gold_loss":0.0,"damage_taken":0.0}],"is_beta":false,"boss_relics":[{"not_picked":["Tiny House","Fusion Hammer"],"picked":"Pandora\u0027s Box"}],"items_purged_floors":[],"is_endless":false,"potions_floor_spawned":[5,14,18],"killed_by":"Chosen","ascension_level":20}}