{"host":"l5zfpd2l2htson6l","time":1612416339,"event":{"mods":["AchievementEnabler","BaseMod","Colored Map","Colored Powertips","Minty Spire (QoL Compilation)","Permanent Neow","Quick Restart","Rare Cards Sparkle","Relic Stats","SuperFastMode"],"gold_per_floor":[218,231,231,231,249,279,429,429,500,27,40,65,30,46,46,124,124,74,89,101,101,57,57,92,92,92,109,123,123,17,45,45,116,116,133,147,166,166,216,216,231,250,250,263,291,305,322,352,352,352,352],"floor_reached":50,"language":"ENG","playtime":7032,"items_purged":["Doubt"],"score":1255,"play_id":"70462375-4286-4b3d-badc-fe554593837f","local_time":"20210203212539","is_ascension_mode":true,"campfire_choices":[{"floor":8,"key":"REST"},{"data":"Armaments","floor":15,"key":"SMITH"},{"data":"Intimidate","floor":23,"key":"SMITH"},{"floor":29,"key":"REST"},{"floor":32,"key":"REST"},{"floor":40,"key":"REST"},{"floor":49,"key":"RECALL"}],"circlet_count":0,"master_deck":["AscendersBane","Bash","Carnage","Shrug It Off","Headbutt","Intimidate+1","Armaments+1","Offering","Exhume","Metallicize+1","Disarm","Shockwave","Shrug It Off","Blood for Blood","Corruption","Havoc","Body Slam","Brutality","Intimidate","Twin Strike","Clash","Uppercut","Entrench","Feel No Pain","Dark Embrace","Clothesline+1","Parasite","Spot Weakness+1","Burning Pact"],"relics":["Burning Blood","Blood Vial","Bag of Marbles","Self Forming Clay","Incense Burner","White Beast Statue","Snecko Eye","CultistMask","Unceasing Top","Eternal Feather","Anchor","Pandora\u0027s Box","FossilizedHelix","Omamori","Mummified Hand"],"acts_visited":["Exordium","TheCity","TheBeyond"],"potions_floor_usage":[12,16,16,20,20,27,27,31,33,33,50,50],"damage_taken":[{"damage":2,"enemies":"2 Louse","floor":1,"turns":4},{"damage":7,"enemies":"Jaw Worm","floor":2,"turns":3},{"damage":4,"enemies":"Small Slimes","floor":5,"turns":5},{"damage":54,"enemies":"3 Sentries","floor":6,"turns":15},{"damage":8,"enemies":"3 Louse","floor":11,"turns":4},{"damage":1,"enemies":"Gremlin Nob","floor":12,"turns":3},{"damage":3,"enemies":"Looter","floor":14,"turns":3},{"damage":15,"enemies":"The Guardian","floor":16,"turns":10},{"damage":41,"enemies":"2 Thieves","floor":18,"turns":5},{"damage":12,"enemies":"Shell Parasite","floor":19,"turns":3},{"damage":6,"enemies":"Snake Plant","floor":20,"turns":3},{"damage":25,"enemies":"Gremlin Leader","floor":24,"turns":5},{"damage":6,"enemies":"Sentry and Sphere","floor":27,"turns":7},{"damage":16,"enemies":"Centurion and Healer","floor":28,"turns":6},{"damage":16,"enemies":"Book of Stabbing","floor":31,"turns":6},{"damage":78,"enemies":"Automaton","floor":33,"turns":14},{"damage":24,"enemies":"3 Shapes","floor":35,"turns":4},{"damage":19,"enemies":"3 Darklings","floor":36,"turns":7},{"damage":13,"enemies":"Transient","floor":37,"turns":6},{"damage":21,"enemies":"2 Orb Walkers","floor":39,"turns":5},{"damage":2,"enemies":"Sphere and 2 Shapes","floor":41,"turns":5},{"damage":8,"enemies":"Writhing Mass","floor":42,"turns":4},{"damage":1,"enemies":"Jaw Worm Horde","floor":44,"turns":3},{"damage":8,"enemies":"Reptomancer","floor":45,"turns":4},{"damage":11,"enemies":"Maw","floor":46,"turns":7},{"damage":4,"enemies":"3 Darklings","floor":47,"turns":5},{"damage":16,"enemies":"Nemesis","floor":48,"turns":7},{"damage":79,"enemies":"Donu and Deca","floor":50,"turns":9}],"seed_played":"3379753651401346954","potions_obtained":[{"floor":1,"key":"Energy Potion"},{"floor":12,"key":"Ancient Potion"},{"floor":14,"key":"PowerPotion"},{"floor":16,"key":"BlessingOfTheForge"},{"floor":18,"key":"GamblersBrew"},{"floor":19,"key":"ColorlessPotion"},{"floor":20,"key":"BlessingOfTheForge"},{"floor":24,"key":"HeartOfIron"},{"floor":27,"key":"GamblersBrew"},{"floor":28,"key":"Energy Potion"},{"floor":31,"key":"Energy Potion"},{"floor":33,"key":"LiquidBronze"},{"floor":35,"key":"ColorlessPotion"},{"floor":36,"key":"FearPotion"},{"floor":37,"key":"DuplicationPotion"},{"floor":41,"key":"GamblersBrew"}],"is_trial":false,"path_per_floor":["M","M","?","?","M","E","?","R","T","$","M","E","?","M","R","B",null,"M","M","M","?","$","R","E","?","T","M","M","R","$","E","R","B",null,"M","M","M","?","?","R","M","M","T","M","E","M","M","E","R","B"],"character_chosen":"IRONCLAD","items_purchased":["Incense Burner","FearPotion","Disarm","Shrug It Off","Blood for Blood"],"campfire_rested":4,"item_purchase_floors":[10,10,22,30,30],"current_hp_per_floor":[72,71,76,50,54,8,8,32,32,32,32,39,59,64,64,57,74,41,37,39,39,39,39,22,22,22,24,16,52,52,44,80,8,62,46,35,30,30,17,56,62,62,62,69,69,66,70,62,77,0,0],"gold":352,"neow_bonus":"HUNDRED_GOLD","is_daily":false,"chose_seed":false,"campfire_upgraded":2,"win_rate":0.0,"timestamp":1612416339,"path_taken":["M","M","?","?","?","E","?","R","T","$","M","E","?","M","R","BOSS","M","M","M","?","?","R","E","?","T","?","M","R","$","E","R","BOSS","M","M","M","?","?","R","M","M","T","M","E","M","M","E","R","BOSS"],"items_purchased_type":["Relic","Potion","Card","Card","Card"],"build_version":"2020-12-22","purchased_purges":1,"victory":false,"max_hp_per_floor":[75,75,80,80,80,80,80,80,80,80,80,80,80,80,80,80,80,80,80,80,80,80,80,80,80,80,80,80,80,80,80,80,80,80,80,80,80,80,80,80,80,80,80,80,80,80,80,80,80,80,80],"relic_stats":{"Blood Vial":50,"counters":[28,161],"Self Forming Clay":[276],"Mummified Hand":[9],"Snecko Eye":[237,220,232,278],"Eternal Feather":54,"Pandora\u0027s Box":["Havoc","Havoc","Body Slam","Brutality","Intimidate","Twin Strike","Clash","Uppercut"],"obtain_stats":[{"Self Forming Clay":9,"Eternal Feather":26,"Incense Burner":10,"Omamori":45,"Burning Blood":0,"White Beast Statue":12,"Blood Vial":4,"Anchor":31,"Mummified Hand":48,"Snecko Eye":17,"Pandora\u0027s Box":34,"CultistMask":21,"Bag of Marbles":6,"Unceasing Top":24,"FossilizedHelix":39},{"Self Forming Clay":4,"Eternal Feather":12,"Incense Burner":4,"Omamori":24,"Burning Blood":0,"White Beast Statue":6,"Blood Vial":2,"Anchor":15,"Mummified Hand":27,"Snecko Eye":8,"Pandora\u0027s Box":16,"CultistMask":11,"Bag of Marbles":4,"Unceasing Top":12,"FossilizedHelix":20},{"Self Forming Clay":27,"Eternal Feather":63,"Incense Burner":27,"Omamori":134,"Burning Blood":0,"White Beast Statue":34,"Blood Vial":7,"Anchor":82,"Mummified Hand":153,"Snecko Eye":47,"Pandora\u0027s Box":96,"CultistMask":58,"Bag of Marbles":27,"Unceasing Top":63,"FossilizedHelix":118}],"Burning Blood":162,"Unceasing Top":[0]},"card_choices":[{"not_picked":["Thunderclap","Iron Wave"],"picked":"Carnage","floor":1},{"not_picked":["Power Through","Wild Strike"],"picked":"Shrug It Off","floor":2},{"not_picked":["Clothesline","Warcry"],"picked":"Headbutt","floor":5},{"not_picked":["Feel No Pain","Pommel Strike"],"picked":"Intimidate","floor":6},{"not_picked":["Clothesline","Body Slam","Flex"],"picked":"SKIP","floor":11},{"not_picked":["Clothesline","Body Slam","Flex"],"picked":"SKIP","floor":11},{"not_picked":["Warcry","Body Slam"],"picked":"Armaments","floor":12},{"not_picked":["Armaments","Flex"],"picked":"Offering","floor":14},{"not_picked":["Berserk","Barricade"],"picked":"Exhume","floor":16},{"not_picked":["Rampage","Warcry","Twin Strike"],"picked":"SKIP","floor":18},{"not_picked":["Anger","Flex"],"picked":"Metallicize+1","floor":19},{"not_picked":["Sword Boomerang","Armaments","Body Slam"],"picked":"SKIP","floor":20},{"not_picked":["Clothesline","Rupture","Iron Wave"],"picked":"SKIP","floor":24},{"not_picked":["Hemokinesis","Pommel Strike"],"picked":"Shockwave","floor":27},{"not_picked":["Rupture","Body Slam","Pommel Strike"],"picked":"SKIP","floor":28},{"not_picked":["Hemokinesis","Sword Boomerang","Second Wind"],"picked":"SKIP","floor":31},{"not_picked":["Immolate","Barricade"],"picked":"Corruption","floor":33},{"not_picked":["Evolve","Warcry"],"picked":"Entrench","floor":35},{"not_picked":["Pummel","Spot Weakness+1"],"picked":"Feel No Pain","floor":36},{"not_picked":["Twin Strike","True Grit+1"],"picked":"Dark Embrace","floor":37},{"not_picked":["Cleave","Clothesline+1","Perfected Strike"],"picked":"SKIP","floor":41},{"not_picked":["Cleave","Perfected Strike"],"picked":"Clothesline+1","floor":41},{"not_picked":["Anger","Sword Boomerang+1","Body Slam"],"picked":"SKIP","floor":42},{"not_picked":["Seeing Red","Ghostly Armor"],"picked":"Spot Weakness+1","floor":44},{"not_picked":["True Grit","Sever Soul","Rupture"],"picked":"SKIP","floor":45},{"not_picked":["Combust","Intimidate"],"picked":"Burning Pact","floor":46},{"not_picked":["Sword Boomerang","Shockwave","Wild Strike"],"picked":"SKIP","floor":47},{"not_picked":["Wild Strike+1","Heavy Blade","Perfected Strike"],"picked":"SKIP","floor":48}],"player_experience":853096,"relics_obtained":[{"floor":6,"key":"Bag of Marbles"},{"floor":9,"key":"Self Forming Clay"},{"floor":12,"key":"White Beast Statue"},{"floor":24,"key":"Unceasing Top"},{"floor":26,"key":"Eternal Feather"},{"floor":31,"key":"Anchor"},{"floor":39,"key":"FossilizedHelix"},{"floor":45,"key":"Omamori"},{"floor":48,"key":"Mummified Hand"}],"event_choices":[{"damage_healed":0,"gold_gain":0,"player_choice":"Donut","damage_taken":0,"max_hp_gain":5,"max_hp_loss":0,"event_name":"Big Fish","floor":3,"gold_loss":0},{"damage_healed":0,"gold_gain":0,"player_choice":"Success","damage_taken":26,"relics_obtained":["Blood Vial"],"max_hp_gain":0,"max_hp_loss":0,"event_name":"Scrap Ooze","floor":4,"gold_loss":0},{"damage_healed":0,"gold_gain":150,"player_choice":"AGREE","damage_taken":0,"max_hp_gain":0,"max_hp_loss":0,"event_name":"Liars Game","floor":7,"gold_loss":0,"cards_obtained":["Doubt"]},{"damage_healed":20,"gold_gain":0,"player_choice":"Healed","damage_taken":0,"max_hp_gain":0,"max_hp_loss":0,"event_name":"The Cleric","floor":13,"gold_loss":35},{"damage_healed":0,"gold_gain":0,"player_choice":"Trade","damage_taken":0,"relics_obtained":["CultistMask"],"max_hp_gain":0,"max_hp_loss":0,"event_name":"FaceTrader","floor":21,"gold_loss":0},{"cards_removed":["Strike_R"],"damage_healed":0,"gold_gain":0,"player_choice":"Purged","damage_taken":0,"max_hp_gain":0,"max_hp_loss":0,"event_name":"Purifier","floor":25,"gold_loss":0},{"cards_removed":["Havoc"],"damage_healed":0,"gold_gain":0,"player_choice":"Removed Skill","damage_taken":0,"max_hp_gain":0,"max_hp_loss":0,"event_name":"Falling","floor":38,"gold_loss":0},{"damage_healed":0,"gold_gain":0,"player_choice":"Fight","damage_taken":0,"max_hp_gain":0,"max_hp_loss":0,"event_name":"Mysterious Sphere","floor":39,"gold_loss":0}],"is_beta":false,"boss_relics":[{"not_picked":["Runic Dome","Busted Crown"],"picked":"Snecko Eye"},{"not_picked":["Philosopher\u0027s Stone","Runic Pyramid"],"picked":"Pandora\u0027s Box"}],"items_purged_floors":[10],"is_endless":false,"potions_floor_spawned":[1,12,14,16,18,19,20,24,27,28,31,33,35,36,37,39,41,42,44,45,46,47,48],"killed_by":"Donu and Deca","ascension_level":19}}