{"host":"flm17o2q7bfjyna6","time":1612457213,"event":{"mods":["2.2 Compatiblity","Act Like it!","BaseMod","Better Altar","Better Match","Better Note","Better Sensory Stone","Better Skull","Better Third Choice","Better Vampires","Colored Map","Colored Powertips","DeckTracker","Evolution","Fox Events","Hermit","Minty Spire (QoL Compilation)","Quick Restart","Reliquary","Replay The Spire","Reworked Bosses","Spicy Shops","StSLib","TheSwordswoman","Wandering Minibosses"],"gold_per_floor":[117,117,131,123,48,48,11,45,68,68,78,78,78,73,73,157,157,152,169,19,21,21,21,46,52,52,77,13,13,24,42,42,117,117,127,49,49,869,869,869,896,926,951,951,961,994,1005,439,439,439],"floor_reached":51,"language":"ENG","playtime":3400,"items_purged":["blazmod:Strike","blazmod:Strike"],"score":820,"play_id":"694b86ba-3371-4389-8df7-ef7f73ef0200","local_time":"20210204114653","is_ascension_mode":false,"campfire_choices":[{"data":"blazmod:ButterflyEffect","floor":6,"key":"SMITH"},{"data":"blazmod:FocusThroughFalls","floor":10,"key":"SMITH"},{"data":"blazmod:StanceChange","floor":12,"key":"SMITH"},{"floor":15,"key":"DIG"},{"data":"blazmod:FleetingDawn","floor":23,"key":"SMITH"},{"floor":29,"key":"REST"},{"floor":32,"key":"REST"},{"floor":40,"key":"REST"},{"data":"blazmod:EightLifePilgrimage","floor":44,"key":"SMITH"},{"floor":49,"key":"REST"}],"circlet_count":0,"master_deck":["blazmod:FortifiedVigor+1","blazmod:FortifiedVigor","blazmod:Defend","blazmod:Defend","blazmod:Defend+1","blazmod:Kyokasuigetsu+1","blazmod:MoonlightBlossoms","ReplayTheSpireMod:Private Reserves+1","blazmod:FocusThroughFalls+1","blazmod:ApexLegends","blazmod:BlindingFlash","blazmod:FleetOfFoot+1","blazmod:StanceChange+1","blazmod:BoulderFlash+1","blazmod:FleetingDawn+1","blazmod:Crosscut+1","blazmod:Crosscut+1","blazmod:GlasswingWaltz","blazmod:TrueOfHeart+1","blazmod:LoveAndHonor+1","blazmod:RevolvingPhoenix+1","blazmod:DrippingWaterHollowsStone+1","blazmod:EightLifePilgrimage+1","blazmod:PhysicalEndurance+1","Madness","Madness","ReplayTheSpireMod:Splinters","blazmod:SeismicSlash","blazmod:Swordstorm+1","blazmod:TrueOfHeart+1","blazmod:LoveAndHonor+1","ReplayTheSpireMod:Restless Dread","Swift Strike","blazmod:TravelJournal"],"relics":["blazmod:SoshuMasabe","EVO:Axolotl","Blood Vial","reliquary:PartyBalloon","Regal Pillow","Ring of Misfortune","Question Card","Whetstone","Gremlin Food","PreservedInsect","Replay:Ringing Soul","Replay:Bottled Snecko","Empty Cage","Vajra","wanderingMiniBosses:MasterThiefsPresence","Lantern","Potion Belt","StoneCalendar","Membership Card","ReplayTheSpireMod:CursedCoin","Anchor","Snack Pack","InkBottle","Darkstone Periapt"],"acts_visited":["Exordium","TheCity","TheBeyond"],"potions_floor_usage":[8,18,27],"damage_taken":[{"damage":2,"enemies":"2 Louse","floor":1,"turns":2},{"damage":1,"enemies":"Cultist","floor":3,"turns":3},{"damage":1,"enemies":"Jaw Worm","floor":4,"turns":6},{"damage":13,"enemies":"Gremlin Nob","floor":8,"turns":3},{"damage":13,"enemies":"Exordium Wildlife","floor":11,"turns":3},{"damage":0,"enemies":"2 Fungi Beasts","floor":14,"turns":5},{"damage":6,"enemies":"Hexaghost","floor":16,"turns":8},{"damage":4,"enemies":"Spheric Guardian","floor":18,"turns":8},{"damage":9,"enemies":"3 Byrds","floor":19,"turns":3},{"damage":6,"enemies":"Snecko","floor":21,"turns":4},{"damage":18,"enemies":"Slavers","floor":24,"turns":4},{"damage":14,"enemies":"Snake Plant","floor":25,"turns":5},{"damage":6,"enemies":"Gremlin Leader","floor":27,"turns":5},{"damage":0,"enemies":"3 Cultists","floor":30,"turns":3},{"damage":10,"enemies":"Cultist and Chosen","floor":31,"turns":4},{"damage":16,"enemies":"bossMod:newChamp","floor":33,"turns":7},{"damage":10,"enemies":"Orb Walker","floor":35,"turns":5},{"damage":12,"enemies":"3 Shapes","floor":38,"turns":5},{"damage":6,"enemies":"R_Hoarder","floor":42,"turns":5},{"damage":69,"enemies":"Sphere and 2 Shapes","floor":45,"turns":4},{"damage":0,"enemies":"Reptomancer","floor":46,"turns":6},{"damage":2,"enemies":"3 Darklings","floor":47,"turns":2},{"damage":12,"enemies":"Time Eater","floor":50,"turns":7}],"seed_played":"-5122690906489797824","potions_obtained":[{"floor":4,"key":"Toxic Potion"},{"floor":11,"key":"Milkshake"},{"floor":14,"key":"FairyPotion"},{"floor":16,"key":"Adrenaline Potion"},{"floor":19,"key":"LiquidMemories"},{"floor":24,"key":"EntropicBrew"},{"floor":27,"key":"Swift Potion"},{"floor":35,"key":"LiquidMemories"},{"floor":41,"key":"FairyPotion"},{"floor":46,"key":"Elixir"}],"is_trial":false,"path_per_floor":["M","?","M","M","$","R","$","E","T","R","M","R","?","M","R_BF","B",null,"M","M","$","M","?","R","E","M","T","E","?","R","M","M","R","B",null,"M","$","?","M","?","R","?","E","T","R","M","E","M","$","R","B",null],"character_chosen":"THE_SWORDSWOMAN","items_purchased":["blazmod:BlindingFlash","blazmod:FleetOfFoot+1","Whetstone","Vajra","Membership Card","ReplayTheSpireMod:CursedCoin","Anchor","Snack Pack","InkBottle","Darkstone Periapt","Swift Strike","blazmod:TravelJournal","Energy Potion"],"campfire_rested":4,"item_purchase_floors":[5,7,20,36,48,48,48,48,48,48,48,48,48],"current_hp_per_floor":[38,38,39,39,39,39,39,27,27,27,16,16,16,18,18,14,40,69,62,62,58,58,58,42,30,30,29,29,66,71,66,82,69,85,83,83,83,76,68,91,94,91,91,91,35,48,56,59,105,106],"gold":439,"neow_bonus":"RANDOM_COMMON_RELIC","is_daily":false,"chose_seed":false,"campfire_upgraded":5,"win_rate":0.0,"timestamp":1612457213,"path_taken":["M","?","M","M","$","R","?","E","T","R","M","R","?","?","R_BF","BOSS","M","M","$","M","?","R","E","?","T","E","?","R","?","M","R","BOSS","M","$","?","M","?","R","?","E","T","R","M","E","M","$","R","BOSS"],"items_purchased_type":["Card","Card","Relic","Relic","Relic","Relic","Relic","Relic","Relic","Relic","Card","Card","Potion"],"build_version":"2020-12-22","purchased_purges":2,"victory":true,"max_hp_per_floor":[40,40,40,40,40,40,40,40,40,40,40,40,40,40,40,40,40,73,73,73,73,73,73,73,73,73,76,76,76,79,82,82,85,85,85,85,85,88,91,91,94,97,97,97,100,103,103,106,106,106],"card_choices":[{"not_picked":["blazmod:FlashRock","blazmod:StanceChange"],"picked":"blazmod:MoonlightBlossoms","floor":1},{"not_picked":["Poisoned Strike","Replay:Bootleg Shield Generator"],"picked":"ReplayTheSpireMod:Private Reserves","floor":2},{"not_picked":["blazmod:FlashRock","blazmod:Valiance"],"picked":"blazmod:FocusThroughFalls","floor":3},{"not_picked":["blazmod:FleetOfFoot","blazmod:Valiance"],"picked":"blazmod:ApexLegends","floor":4},{"not_picked":["blazmod:KatanaStrike","blazmod:QuickBlade"],"picked":"blazmod:StanceChange","floor":8},{"not_picked":["blazmod:FortifiedVigor","blazmod:Trasient"],"picked":"blazmod:BoulderFlash","floor":11},{"not_picked":["blazmod:MentalFocus","blazmod:BoulderFlash"],"picked":"blazmod:FleetingDawn","floor":14},{"not_picked":["blazmod:TrueSelf","blazmod:ButterflyBlade","blazmod:SeismicSlash"],"picked":"blazmod:CrescentMoon","floor":16},{"not_picked":["blazmod:KatanaStrike+1","blazmod:DevilDivine","blazmod:FleetOfFoot"],"picked":"blazmod:Crosscut+1","floor":18},{"not_picked":["blazmod:FortifiedVigor+1","blazmod:Contingency","blazmod:Valiance"],"picked":"blazmod:Crosscut","floor":19},{"not_picked":["blazmod:BoulderFlash","blazmod:FlashRock","blazmod:FleetingDawn","blazmod:Trasient"],"picked":"SKIP","floor":21},{"not_picked":["blazmod:CastAwayDew","blazmod:Trasient","blazmod:ApexLegends"],"picked":"blazmod:GlasswingWaltz","floor":24},{"not_picked":["blazmod:FlashRock","blazmod:Trasient+1","blazmod:FocusThroughFalls"],"picked":"blazmod:TrueOfHeart+1","floor":25},{"not_picked":["blazmod:TravelJournal+1","blazmod:ApexLegends","blazmod:Trasient"],"picked":"blazmod:LoveAndHonor+1","floor":27},{"not_picked":["blazmod:PhysicalEndurance","blazmod:FleetOfFoot","blazmod:FortifiedVigor"],"picked":"blazmod:RevolvingPhoenix+1","floor":30},{"not_picked":["blazmod:PhysicalEndurance","blazmod:FortifiedVigor","blazmod:MindsEye"],"picked":"blazmod:DrippingWaterHollowsStone+1","floor":31},{"not_picked":["blazmod:ButterflyForm","blazmod:MirrorImage","blazmod:PerennialBeauty"],"picked":"blazmod:EightLifePilgrimage","floor":33},{"not_picked":["blazmod:HarmonyComplete+1","blazmod:Trasient","blazmod:FleetOfFoot","blazmod:OpenSpirit+1"],"picked":"SKIP","floor":35},{"not_picked":["blazmod:Valiance+1","blazmod:ButterFlutter+1","blazmod:MentalFocus"],"picked":"blazmod:PhysicalEndurance+1","floor":38},{"not_picked":["blazmod:TandenKatsu+1","blazmod:SidewaySolace","blazmod:KatanaStrike+1"],"picked":"blazmod:SeismicSlash","floor":41},{"not_picked":["blazmod:Trasient+1","blazmod:BoulderFlash+1","blazmod:FleetOfFoot+1"],"picked":"blazmod:Swordstorm+1","floor":42},{"not_picked":["blazmod:FortifiedVigor+1","blazmod:Trasient","blazmod:KatanaStrike"],"picked":"blazmod:TrueOfHeart+1","floor":45},{"not_picked":["blazmod:SureOfHand","blazmod:ButterflyForm","blazmod:StanceChange+1"],"picked":"blazmod:LoveAndHonor+1","floor":46},{"not_picked":["blazmod:ButterFlutter","blazmod:SidewaySolace+1","blazmod:QuickBlade","blazmod:MentalFocus"],"picked":"SKIP","floor":47}],"player_experience":1739659,"relics_obtained":[{"floor":8,"key":"reliquary:PartyBalloon"},{"floor":9,"key":"Regal Pillow"},{"floor":13,"key":"Ring of Misfortune"},{"floor":15,"key":"Question Card"},{"floor":24,"key":"Gremlin Food"},{"floor":26,"key":"PreservedInsect"},{"floor":27,"key":"Replay:Ringing Soul"},{"floor":38,"key":"wanderingMiniBosses:MasterThiefsPresence"},{"floor":42,"key":"Lantern"},{"floor":43,"key":"Potion Belt"},{"floor":46,"key":"StoneCalendar"}],"event_choices":[{"damage_healed":0,"gold_gain":1,"player_choice":"1","damage_taken":0,"max_hp_gain":0,"max_hp_loss":0,"event_name":"betterStone:BetterStone","floor":2,"gold_loss":0},{"cards_removed":["blazmod:Strike"],"damage_healed":0,"gold_gain":0,"player_choice":"Give","damage_taken":0,"max_hp_gain":0,"max_hp_loss":0,"event_name":"betterNote:BetterNote","floor":22,"gold_loss":0,"cards_obtained":["Strike_B"]},{"damage_healed":0,"gold_gain":0,"player_choice":"Paid Gold","damage_taken":0,"relics_obtained":["Replay:Bottled Snecko"],"max_hp_gain":0,"max_hp_loss":0,"event_name":"WeMeetAgain","floor":28,"gold_loss":64},{"damage_healed":0,"gold_gain":0,"player_choice":"Embrace Madness","damage_taken":11,"max_hp_gain":0,"max_hp_loss":0,"event_name":"Winding Halls","floor":39,"gold_loss":0,"cards_obtained":["Madness","Madness"]}],"is_beta":false,"boss_relics":[{"not_picked":["Sozu","reliquary:Craggleroot"],"picked":"blazmod:SoshuMasabe"},{"not_picked":["Pandora\u0027s Box","ChewingGum"],"picked":"Empty Cage"}],"items_purged_floors":[48,48],"is_endless":false,"potions_floor_spawned":[4,11,14,16,19,24,27,30,35,38,46],"ascension_level":0}}