{"host":"0hb9w7uizu7y13wj","time":1612397518,"event":{"mods":["Act Like it!","Aspiration","BaseMod","BetterRewards","Colored Map","Conspire","Downfall","Energized Spire","FTL Soundtrack","Friendly Minions","Halation","Hubris","Infinite Spire","Minty Spire (QoL Compilation)","Quick Restart","Replay The Spire","StSLib","Synergy Search","The Hierophant","The Jungle","The Poker Player","Trackpad","everything is the same but u backflip on backflip"],"gold_per_floor":[116,116,116,127,51,79,154,154,178,178,203,203,220,220,220,299,299,299,299],"floor_reached":18,"language":"ENG","playtime":416,"items_purged":[],"score":382,"play_id":"b108872a-9c0d-474e-8cc3-a4c810020e71","local_time":"20210204001158","is_ascension_mode":true,"campfire_choices":[{"data":"Noxious Fumes","floor":10,"key":"SMITH"},{"floor":12,"key":"REST"},{"data":"A Thousand Cuts","floor":15,"key":"SMITH"}],"circlet_count":0,"master_deck":["AscendersBane","Strike_G","Strike_G","Strike_G","Strike_G","Strike_G","Defend_G","Defend_G","Defend_G","Defend_G","Defend_G","Survivor","Neutralize","Blur","Masterful Stab","Noxious Fumes+1","A Thousand Cuts+1","Acrobatics","Shame","Bullet Time"],"relics":["Ring of the Snake","NeowsBlessing","Art of War","hubris:Towel","ReplayTheSpireMod:TigerMarble","Happy Flower","HoveringKite"],"acts_visited":["Exordium","TheCity"],"potions_floor_usage":[11,11,16,16],"damage_taken":[{"damage":0,"enemies":"2 Louse","floor":1,"turns":1},{"damage":0,"enemies":"Cultist","floor":4,"turns":1},{"damage":0,"enemies":"Gremlin Nob","floor":6,"turns":1},{"damage":22,"enemies":"3 Sentries","floor":11,"turns":8},{"damage":0,"enemies":"Small Slimes","floor":13,"turns":3},{"damage":33,"enemies":"Hexaghost","floor":16,"turns":10},{"damage":22,"enemies":"Spheric Guardian","floor":18,"turns":5}],"seed_played":"-448238074586951114","potions_obtained":[{"floor":1,"key":"Fire Potion"},{"floor":6,"key":"Block Potion"},{"floor":13,"key":"Poison Potion"}],"is_trial":false,"path_per_floor":["M","$","?","M","$","E","?","?","T","R","E","R","M","?","R","B",null,"M"],"character_chosen":"THE_SILENT","items_purchased":["Noxious Fumes"],"campfire_rested":1,"item_purchase_floors":[5],"current_hp_per_floor":[59,59,55,55,55,55,44,44,44,44,22,41,41,41,41,8,52,30,30],"gold":299,"neow_bonus":"THREE_ENEMY_KILL","is_daily":false,"chose_seed":false,"campfire_upgraded":2,"win_rate":0.0,"timestamp":1612397518,"path_taken":["M","$","?","?","$","E","?","?","T","R","E","R","M","?","R","BOSS","M"],"items_purchased_type":["Card"],"build_version":"2020-12-22","purchased_purges":0,"victory":false,"max_hp_per_floor":[66,66,66,66,66,66,66,66,66,66,66,66,66,66,66,66,66,66,66],"card_choices":[{"not_picked":["Acrobatics","Endless Agony"],"picked":"Blur","floor":1},{"not_picked":["Dodge and Roll","Flying Knee"],"picked":"Masterful Stab","floor":4},{"not_picked":["Prepared","Skewer"],"picked":"A Thousand Cuts","floor":6},{"not_picked":["Sucker Punch","All Out Attack","Cloak And Dagger"],"picked":"SKIP","floor":11},{"not_picked":["Sucker Punch","All Out Attack","Cloak And Dagger"],"picked":"SKIP","floor":11},{"not_picked":["Flying Knee","conspire:DoublingDagger","Cloak And Dagger"],"picked":"SKIP","floor":13},{"not_picked":["Tools of the Trade","Replay:Bag of Tricks"],"picked":"Bullet Time","floor":16}],"player_experience":959370,"relics_obtained":[{"floor":6,"key":"Art of War"},{"floor":9,"key":"ReplayTheSpireMod:TigerMarble"},{"floor":11,"key":"Happy Flower"}],"event_choices":[{"damage_healed":0,"gold_gain":0,"player_choice":"Bought 0 Potions","damage_taken":0,"max_hp_gain":0,"max_hp_loss":0,"event_name":"The Woman in Blue","floor":3,"gold_loss":0},{"damage_healed":0,"gold_gain":75,"player_choice":"Gather Gold","damage_taken":11,"max_hp_gain":0,"max_hp_loss":0,"event_name":"World of Goop","floor":7,"gold_loss":0},{"damage_healed":0,"gold_gain":0,"player_choice":"2 cards matched","damage_taken":0,"max_hp_gain":0,"max_hp_loss":0,"event_name":"Match and Keep!","floor":14,"gold_loss":0,"cards_obtained":["Acrobatics","Shame"]}],"is_beta":false,"boss_relics":[{"not_picked":["halation:LoveArrow","trackpad:StolenKidneys"],"picked":"HoveringKite"}],"items_purged_floors":[],"is_endless":false,"potions_floor_spawned":[1,6,13],"killed_by":"Spheric Guardian","ascension_level":20}}