{"host":"trw84khdytc0ixrp","time":1612457774,"event":{"mods":["BaseMod","Downfall","Minty Spire (QoL Compilation)","StSLib"],"gold_per_floor":[99,116,129,139,151,151,222,256,266,8,27,27,40,60,77,173,173,73,89,174,189,203,214,214,228,259,259,156,175,195,207,218,319,319,119,133,143,143,155,181,206,429,444,461,461,212,212,13,28,28,28,58,58,58,58,58],"floor_reached":57,"language":"ENG","playtime":7433,"items_purged":["hexamod:Defend","hexamod:Strike","hexamod:Float","hexamod:EmpoweredFlame+1"],"score":1344,"play_id":"ef86ad30-dd02-4700-8c8a-3c42e2e6bcc8","local_time":"20210204175614","is_ascension_mode":true,"campfire_choices":[{"floor":1,"key":"RECALL"},{"data":"hexamod:PowerFromBeyond","floor":12,"key":"SMITH"},{"data":"hexamod:RainOfEmbers","floor":18,"key":"SMITH"},{"floor":27,"key":"REST"},{"data":"hexamod:VolcanoVisage","floor":35,"key":"SMITH"},{"floor":45,"key":"REST"},{"data":"hexamod:GhostflameBarrier","floor":54,"key":"SMITH"}],"circlet_count":0,"master_deck":["hexamod:Defend","hexamod:Defend","hexamod:Sear","hexamod:SoulSteal","hexamod:PowerFromBeyond+1","hexamod:FourthSeal","hexamod:GhostflameBarrier+1","hexamod:SoulSteal","hexamod:GhostflameBarrier","hexamod:RainOfEmbers+1","hexamod:InspiringFlames","hexamod:Hexaguard","hexamod:ExtraCrispy","hexamod:RainOfEmbers","hexamod:ShieldOfDarkness","hexamod:VolcanoVisage+1","hexamod:UnleashSpirits+1","hexamod:GhostLash+1","hexamod:InspiringFlames+1","hexamod:VolcanoVisage+1","expansioncontent:PrepareCrush","expansioncontent:DashGenerateEvil+1","expansioncontent:DashGenerateEvil+1"],"relics":["Busted Crown","Lantern","Membership Card","Snecko Eye","downfall:HeartBlessingRed","InkBottle","CaptainsWheel","Astrolabe","downfall:HeartBlessingGreen","downfall:HeartBlessingBlue","hexamod:InflammatoryLetter","Happy Flower","Medical Kit","Chemical X","Lizard Tail"],"acts_visited":["Exordium","TheCity","TheBeyond","TheEnding"],"potions_floor_usage":[8,10,13,14,16,16,16,21,26,26,31,32,40,50,55,56],"damage_taken":[{"damage":0,"enemies":"Small Slimes","floor":2,"turns":3},{"damage":0,"enemies":"Cultist","floor":3,"turns":3},{"damage":0,"enemies":"2 Louse","floor":4,"turns":3},{"damage":3,"enemies":"Red Slaver","floor":5,"turns":3},{"damage":10,"enemies":"3 Sentries","floor":8,"turns":6},{"damage":4,"enemies":"Exordium Thugs","floor":9,"turns":5},{"damage":5,"enemies":"downfall:FleeingMerchant","floor":10,"turns":4},{"damage":0,"enemies":"Blue Slaver","floor":11,"turns":3},{"damage":0,"enemies":"Large Slime","floor":13,"turns":5},{"damage":0,"enemies":"Exordium Wildlife","floor":14,"turns":3},{"damage":0,"enemies":"Blue Slaver","floor":15,"turns":3},{"damage":6,"enemies":"IC_STATUS_ARCHETYPE","floor":16,"turns":6},{"damage":0,"enemies":"3 Byrds","floor":19,"turns":3},{"damage":0,"enemies":"Spheric Guardian","floor":21,"turns":3},{"damage":11,"enemies":"Snake Plant","floor":22,"turns":3},{"damage":3,"enemies":"Centurion and Healer","floor":23,"turns":4},{"damage":0,"enemies":"Snecko","floor":25,"turns":3},{"damage":25,"enemies":"Slavers","floor":26,"turns":3},{"damage":0,"enemies":"downfall:FleeingMerchant","floor":28,"turns":4},{"damage":11,"enemies":"Snake Plant","floor":29,"turns":4},{"damage":3,"enemies":"Centurion and Healer","floor":30,"turns":3},{"damage":0,"enemies":"3 Cultists","floor":31,"turns":3},{"damage":0,"enemies":"Shelled Parasite and Fungi","floor":32,"turns":3},{"damage":10,"enemies":"WA_ARCHETYPE_CALM","floor":33,"turns":9},{"damage":0,"enemies":"3 Shapes","floor":36,"turns":3},{"damage":1,"enemies":"3 Darklings","floor":37,"turns":4},{"damage":3,"enemies":"4 Shapes","floor":39,"turns":4},{"damage":41,"enemies":"Reptomancer","floor":40,"turns":6},{"damage":7,"enemies":"downfall:FleeingMerchant","floor":42,"turns":3},{"damage":13,"enemies":"Writhing Mass","floor":43,"turns":4},{"damage":0,"enemies":"Sphere and 2 Shapes","floor":44,"turns":3},{"damage":0,"enemies":"Maw","floor":49,"turns":4},{"damage":14,"enemies":"SI_POISON_ARCHETYPE","floor":50,"turns":8},{"damage":20,"enemies":"downfall:CharBossMerchant","floor":52,"turns":7},{"damage":49,"enemies":"downfall:NeowBoss","floor":55,"turns":11},{"damage":52,"enemies":"downfall:NeowBossFinal","floor":56,"turns":8}],"seed_played":"-2940679553396630950","potions_obtained":[{"floor":2,"key":"Block Potion"},{"floor":3,"key":"bronze:BurnAndBuffPotion"},{"floor":5,"key":"PowerPotion"},{"floor":9,"key":"EssenceOfSteel"},{"floor":10,"key":"champ:CounterPotion"},{"floor":11,"key":"Energy Potion"},{"floor":11,"key":"Weak Potion"},{"floor":13,"key":"Slimebound:ThreeZeroPotion"},{"floor":14,"key":"champ:CounterPotion"},{"floor":15,"key":"PowerPotion"},{"floor":16,"key":"FairyPotion"},{"floor":19,"key":"SteroidPotion"},{"floor":19,"key":"Explosive Potion"},{"floor":21,"key":"GamblersBrew"},{"floor":25,"key":"hexamod:InfernoChargePotion"},{"floor":28,"key":"bronze:BurnAndBuffPotion"},{"floor":29,"key":"Block Potion"},{"floor":29,"key":"Fire Potion"},{"floor":30,"key":"hexamod:EctoCoolerPotion"},{"floor":31,"key":"EntropicBrew"},{"floor":33,"key":"Slimebound:ThreeZeroPotion"},{"floor":36,"key":"GamblersBrew"},{"floor":44,"key":"bronze:BurnAndBuffPotion"},{"floor":52,"key":"SteroidPotion"}],"is_trial":false,"path_per_floor":["R","M","M","M","M","?","T","E","M","$","M","R","M","M","M","B",null,"R","M","?","M","M","M","T","M","E","R","$","M","M","M","M","B",null,"R","M","M","?","M","E","T","$","M","M","R","$","?","$","M","B",null,"E","$","R","B","B",null],"character_chosen":"THE_SPIRIT","items_purchased":["Membership Card","hexamod:SoulSteal","hexamod:GhostflameBarrier","hexamod:RainOfEmbers","expansioncontent:PrepareCrush","expansioncontent:DashGenerateEvil","Medical Kit","Chemical X","expansioncontent:DashGenerateEvil+1","DuplicationPotion"],"campfire_rested":2,"item_purchase_floors":[10,10,10,28,42,46,46,48,48,48],"current_hp_per_floor":[70,70,70,70,67,67,67,57,53,48,48,48,48,48,48,42,70,70,70,56,56,45,42,42,42,17,38,38,27,24,24,24,14,70,80,80,79,79,76,35,35,28,15,15,39,39,39,39,39,25,80,60,60,60,11,40],"gold":58,"neow_bonus":"BOSS_RELIC","is_daily":false,"chose_seed":false,"campfire_upgraded":4,"win_rate":0.0,"timestamp":1612457774,"path_taken":["R","M","M","M","M","?","T","E","M","$","M","R","?","M","M","BOSS","R","M","?","M","M","M","T","M","E","R","$","M","M","M","M","BOSS","R","M","M","?","M","E","T","$","?","M","R","$","?","$","M","BOSS","E","$","R","BOSS","BOSS"],"items_purchased_type":["Relic","Card","Card","Card","Card","Card","Relic","Relic","Card","Potion"],"build_version":"2020-12-22","purchased_purges":4,"victory":true,"max_hp_per_floor":[70,70,70,70,70,70,70,70,70,70,70,70,70,70,70,70,70,70,70,70,70,70,70,70,70,70,70,70,70,70,70,70,70,70,80,80,80,80,80,80,80,80,80,80,80,80,80,80,80,80,80,80,80,80,80,80],"card_choices":[{"not_picked":[],"picked":"hexamod:SoulSteal","floor":2},{"not_picked":[],"picked":"hexamod:PowerFromBeyond","floor":3},{"not_picked":["hexamod:BurningTouch"],"picked":"SKIP","floor":4},{"not_picked":["hexamod:ChargedBarrage"],"picked":"SKIP","floor":5},{"not_picked":[],"picked":"hexamod:FourthSeal","floor":8},{"not_picked":["hexamod:SwordOfDarkness"],"picked":"SKIP","floor":9},{"not_picked":[],"picked":"hexamod:GhostflameBarrier","floor":10},{"not_picked":["hexamod:NightmareStrike"],"picked":"SKIP","floor":11},{"not_picked":[],"picked":"hexamod:RainOfEmbers","floor":13},{"not_picked":["hexamod:GhostOfSpirePast"],"picked":"SKIP","floor":14},{"not_picked":["hexamod:NightmareStrike"],"picked":"SKIP","floor":15},{"not_picked":["hexamod:Rewind"],"picked":"SKIP","floor":19},{"not_picked":[],"picked":"hexamod:InspiringFlames","floor":21},{"not_picked":[],"picked":"hexamod:Hexaguard","floor":22},{"not_picked":[],"picked":"hexamod:ExtraCrispy","floor":23},{"not_picked":["hexamod:NightmareGuise"],"picked":"SKIP","floor":25},{"not_picked":["hexamod:NightmareGuise+1"],"picked":"SKIP","floor":26},{"not_picked":["hexamod:ThermalTransfer"],"picked":"SKIP","floor":28},{"not_picked":[],"picked":"hexamod:ShieldOfDarkness","floor":29},{"not_picked":["hexamod:GhostLash"],"picked":"SKIP","floor":30},{"not_picked":["hexamod:BacktrackSmack"],"picked":"SKIP","floor":31},{"not_picked":["hexamod:SkipABeat"],"picked":"SKIP","floor":32},{"not_picked":[],"picked":"hexamod:VolcanoVisage","floor":33},{"not_picked":["hexamod:NightmareGuise"],"picked":"SKIP","floor":36},{"not_picked":[],"picked":"hexamod:InspiringFlames+1","floor":37},{"not_picked":["hexamod:NightmareStrike"],"picked":"SKIP","floor":39},{"not_picked":["hexamod:AdvancingGuard+1"],"picked":"SKIP","floor":40},{"not_picked":["hexamod:Haunt+1"],"picked":"SKIP","floor":42},{"not_picked":["hexamod:SwordOfDarkness+1"],"picked":"SKIP","floor":43},{"not_picked":["hexamod:SpectersWail"],"picked":"SKIP","floor":44},{"not_picked":["hexamod:ParanormalForm"],"picked":"SKIP","floor":49},{"not_picked":["hexamod:InspiringFlames+1"],"picked":"SKIP","floor":52}],"player_experience":29656,"relics_obtained":[{"floor":8,"key":"Lantern"},{"floor":24,"key":"InkBottle"},{"floor":26,"key":"CaptainsWheel"},{"floor":40,"key":"hexamod:InflammatoryLetter"},{"floor":41,"key":"Happy Flower"},{"floor":52,"key":"Lizard Tail"}],"event_choices":[{"damage_healed":0,"gold_gain":0,"player_choice":"Forge","damage_taken":0,"max_hp_gain":0,"max_hp_loss":0,"event_name":"Accursed Blacksmith","floor":47,"gold_loss":0,"cards_upgraded":["expansioncontent:DashGenerateEvil"]}],"is_beta":false,"boss_relics":[{"not_picked":["Tiny House","Runic Pyramid"],"picked":"Snecko Eye"},{"not_picked":["Black Star","SacredBark"],"picked":"Astrolabe"}],"items_purged_floors":[10,28,42,46],"is_endless":false,"potions_floor_spawned":[2,3,5,11,14,19,25,29,30,33,36,44,52],"ascension_level":1}}