{"host":"t3am9egsh7oyry6t","time":1612401181,"event":{"mods":["AchievementEnabler","BaseMod","Colored Powertips","Googly Eyes","Minty Spire (QoL Compilation)","Relic Stats","StSLib","Synergy Search"],"gold_per_floor":[119,131,146,146,98,429,448,481,481,481,481],"floor_reached":10,"language":"ENG","playtime":612,"items_purged":[],"score":133,"play_id":"e4f5dd1a-1e32-4877-abf5-605df07ad94c","local_time":"20210203171301","is_ascension_mode":true,"campfire_choices":[],"circlet_count":0,"master_deck":["AscendersBane","Strike_R","Strike_R","Strike_R","Strike_R","Strike_R","Defend_R","Defend_R","Defend_R","Defend_R","Bash","Twin Strike","Rampage","Blood for Blood","Cleave","Metallicize","Rage"],"relics":["Burning Blood","NeowsBlessing","Question Card","Old Coin","Pantograph","Prayer Wheel"],"acts_visited":["Exordium"],"potions_floor_usage":[6,8,10,10],"damage_taken":[{"damage":0,"enemies":"Small Slimes","floor":1,"turns":1},{"damage":0,"enemies":"2 Louse","floor":2,"turns":1},{"damage":0,"enemies":"Jaw Worm","floor":3,"turns":1},{"damage":25,"enemies":"Lagavulin","floor":6,"turns":5},{"damage":17,"enemies":"3 Louse","floor":7,"turns":3},{"damage":23,"enemies":"3 Sentries","floor":8,"turns":7},{"damage":26,"enemies":"Gremlin Nob","floor":10,"turns":3}],"seed_played":"-6116573443013204557","potions_obtained":[{"floor":1,"key":"LiquidBronze"},{"floor":3,"key":"SkillPotion"},{"floor":7,"key":"FearPotion"},{"floor":8,"key":"LiquidMemories"}],"is_trial":false,"path_per_floor":["M","M","M","?","?","E","M","E","T","E"],"character_chosen":"IRONCLAD","items_purchased":[],"campfire_rested":0,"item_purchase_floors":[],"current_hp_per_floor":[74,75,75,57,57,38,27,10,10,0,0],"gold":481,"neow_bonus":"THREE_ENEMY_KILL","is_daily":false,"chose_seed":false,"campfire_upgraded":0,"win_rate":0.0,"timestamp":1612401181,"path_taken":["M","M","M","?","?","E","M","E","T","E"],"items_purchased_type":[],"build_version":"2020-12-22","purchased_purges":0,"victory":false,"max_hp_per_floor":[75,75,75,75,75,75,75,75,75,75,75],"relic_stats":{"counters":[7,21],"Pantograph":0,"Prayer Wheel":0,"Question Card":3,"obtain_stats":[{"NeowsBlessing":0,"Pantograph":8,"Prayer Wheel":9,"Question Card":4,"Burning Blood":0,"Old Coin":6},{"NeowsBlessing":0,"Pantograph":6,"Prayer Wheel":6,"Question Card":3,"Burning Blood":0,"Old Coin":4},{"NeowsBlessing":0,"Pantograph":18,"Prayer Wheel":18,"Question Card":3,"Burning Blood":0,"Old Coin":8}],"Burning Blood":25},"card_choices":[{"not_picked":["Ghostly Armor","Clothesline"],"picked":"Twin Strike","floor":1},{"not_picked":["Clothesline","Sword Boomerang"],"picked":"Rampage","floor":2},{"not_picked":["Dual Wield","Pummel"],"picked":"Blood for Blood","floor":3},{"not_picked":["Sentinel","Flex","Body Slam"],"picked":"Cleave","floor":6},{"not_picked":["Sever Soul","Entrench","Power Through"],"picked":"Metallicize","floor":7},{"not_picked":["Thunderclap","Blood for Blood","Perfected Strike"],"picked":"Rage","floor":8}],"player_experience":499732,"relics_obtained":[{"floor":6,"key":"Old Coin"},{"floor":8,"key":"Pantograph"},{"floor":9,"key":"Prayer Wheel"}],"event_choices":[{"damage_healed":0,"gold_gain":0,"player_choice":"Success","damage_taken":18,"relics_obtained":["Question Card"],"max_hp_gain":0,"max_hp_loss":0,"event_name":"Scrap Ooze","floor":4,"gold_loss":0},{"damage_healed":0,"gold_gain":0,"player_choice":"Left Gold","damage_taken":0,"max_hp_gain":0,"max_hp_loss":0,"event_name":"World of Goop","floor":5,"gold_loss":48}],"is_beta":false,"boss_relics":[],"items_purged_floors":[],"is_endless":false,"potions_floor_spawned":[1,3,7,8],"killed_by":"Gremlin Nob","ascension_level":14}}