{"host":"jxmsv4d84jcvxth5","time":1612413105,"event":{"mods":["BaseMod","Colored Map","Minty Spire (QoL Compilation)","Relic Stats","StSLib"],"gold_per_floor":[110,123,123,148,148,191,215,215,215,215,246,246,246,260,260,351,351,365,365,380,414,1,1,1,1],"floor_reached":24,"language":"ENG","playtime":1643,"items_purged":[],"score":408,"play_id":"db25bdef-3376-4d06-b933-ff8259a060d6","local_time":"20210203233145","is_ascension_mode":true,"campfire_choices":[{"data":"Echo Form","floor":8.0,"key":"SMITH"},{"data":"Static Discharge","floor":10.0,"key":"SMITH"},{"data":"Genetic Algorithm","floor":12,"key":"SMITH"},{"data":"Glacier","floor":15,"key":"SMITH"},{"data":"Self Repair","floor":23,"key":"SMITH"}],"circlet_count":0,"master_deck":["AscendersBane","Strike_B","Strike_B","Defend_B","Defend_B","Defend_B","Defend_B","Zap","Dualcast","Static Discharge+1","Ball Lightning","Glacier+1","Echo Form+1","Genetic Algorithm+1","Ball Lightning","Rainbow","Loop","Self Repair+1","Cold Snap","Doom and Gloom"],"relics":["Coffee Dripper","Golden Idol","Meat on the Bone","Letter Opener","Bronze Scales","Empty Cage","Red Mask","Toy Ornithopter","ClockworkSouvenir"],"acts_visited":["Exordium","TheCity"],"potions_floor_usage":[11,11,14,21,24],"damage_taken":[{"damage":10.0,"enemies":"Small Slimes","floor":1.0,"turns":4.0},{"damage":10.0,"enemies":"2 Louse","floor":2.0,"turns":3.0},{"damage":7.0,"enemies":"Jaw Worm","floor":4.0,"turns":3.0},{"damage":34.0,"enemies":"Gremlin Nob","floor":6.0,"turns":4.0},{"damage":0.0,"enemies":"Looter","floor":7.0,"turns":4.0},{"damage":2,"enemies":"3 Sentries","floor":11,"turns":9},{"damage":11,"enemies":"Lots of Slimes","floor":14,"turns":4},{"damage":32,"enemies":"Slime Boss","floor":16,"turns":8},{"damage":4,"enemies":"Spheric Guardian","floor":18,"turns":4},{"damage":12,"enemies":"Chosen","floor":20,"turns":5},{"damage":28,"enemies":"Masked Bandits","floor":21,"turns":4},{"damage":36,"enemies":"Book of Stabbing","floor":24,"turns":5}],"seed_played":"-7234445847061720557","potions_obtained":[{"floor":4.0,"key":"BlessingOfTheForge"},{"floor":6.0,"key":"EssenceOfSteel"},{"floor":7.0,"key":"DistilledChaos"},{"floor":11,"key":"Dexterity Potion"},{"floor":18,"key":"FearPotion"},{"floor":20,"key":"AttackPotion"}],"is_trial":false,"path_per_floor":["M","M","?","M","?","E","M","R","T","R","E","R","?","M","R","B",null,"M","?","M","?","$","R","E"],"character_chosen":"DEFECT","items_purchased":["Toy Ornithopter","Doom and Gloom","ClockworkSouvenir"],"campfire_rested":0,"item_purchase_floors":[22,22,22],"current_hp_per_floor":[54,44,44,37,58,24,36,36,36,36,34,34,34,35,35,15,52,48,48,36,27,27,27,0,0],"gold":1,"neow_bonus":"BOSS_RELIC","is_daily":false,"chose_seed":false,"campfire_upgraded":5,"win_rate":0.0,"timestamp":1612413105,"path_taken":["M","M","?","M","?","E","M","R","T","R","E","R","?","M","R","BOSS","M","?","M","?","$","R","E"],"items_purchased_type":["Relic","Card","Relic"],"build_version":"2020-12-22","purchased_purges":0,"victory":false,"max_hp_per_floor":[71,71,64,64,64,64,64,64,64,64,64,64,64,64,64,64,64,64,64,64,64,64,64,64,64],"relic_stats":{"counters":[12,57],"Golden Idol":59,"Bronze Scales":[104],"Letter Opener":[85],"obtain_stats":[{"Golden Idol":3,"Bronze Scales":11,"Coffee Dripper":0,"Red Mask":21,"Letter Opener":9,"Cracked Core":0,"Empty Cage":17,"Toy Ornithopter":22,"Meat on the Bone":6,"ClockworkSouvenir":22},{"Golden Idol":2,"Bronze Scales":6,"Coffee Dripper":0,"Red Mask":11,"Letter Opener":5,"Cracked Core":0,"Empty Cage":8,"Toy Ornithopter":11,"Meat on the Bone":4,"ClockworkSouvenir":11},{"Golden Idol":7,"Bronze Scales":27,"Coffee Dripper":0,"Red Mask":52,"Letter Opener":18,"Cracked Core":0,"Empty Cage":39,"Toy Ornithopter":52,"Meat on the Bone":14,"ClockworkSouvenir":52}],"Toy Ornithopter":5,"Meat on the Bone":48},"card_choices":[{"not_picked":["Turbo","Leap"],"picked":"Static Discharge","floor":1.0},{"not_picked":["Redo","Beam Cell","Reprogram"],"picked":"SKIP","floor":2.0},{"not_picked":["Undo","Sweeping Beam"],"picked":"Ball Lightning","floor":4.0},{"not_picked":["Conserve Battery","Sunder"],"picked":"Glacier","floor":6.0},{"not_picked":["Cold Snap","Beam Cell"],"picked":"Echo Form","floor":7.0},{"not_picked":["Streamline","Chaos"],"picked":"Genetic Algorithm","floor":11},{"not_picked":["BootSequence","Turbo"],"picked":"Ball Lightning","floor":14},{"not_picked":["Amplify","Creative AI"],"picked":"Rainbow","floor":16},{"not_picked":["Gash","Hologram+1"],"picked":"Loop","floor":18},{"not_picked":["Gash","BootSequence","Rebound"],"picked":"SKIP","floor":20},{"not_picked":["Redo","Hologram"],"picked":"Cold Snap","floor":21}],"player_experience":1551133,"relics_obtained":[{"floor":6.0,"key":"Meat on the Bone"},{"floor":9.0,"key":"Letter Opener"},{"floor":11,"key":"Bronze Scales"},{"floor":21,"key":"Red Mask"}],"event_choices":[{"damage_healed":0.0,"max_hp_gain":0.0,"max_hp_loss":7.0,"gold_gain":0.0,"event_name":"Golden Idol","player_choice":"Lose Max HP","floor":3.0,"gold_loss":0.0,"damage_taken":0.0,"relics_obtained":["Golden Idol"]},{"damage_healed":21.0,"max_hp_gain":0.0,"max_hp_loss":0.0,"gold_gain":0.0,"event_name":"Big Fish","player_choice":"Banana","floor":5.0,"gold_loss":0.0,"damage_taken":0.0},{"damage_healed":0,"gold_gain":0,"player_choice":"Ignored","damage_taken":0,"max_hp_gain":0,"max_hp_loss":0,"event_name":"Shining Light","floor":13,"gold_loss":0},{"damage_healed":0,"gold_gain":0,"player_choice":"Read","damage_taken":0,"max_hp_gain":0,"max_hp_loss":0,"event_name":"The Library","floor":19,"gold_loss":0,"cards_obtained":["Self Repair"]},{"damage_healed":0,"gold_gain":0,"player_choice":"Fought Bandits","damage_taken":0,"max_hp_gain":0,"max_hp_loss":0,"event_name":"Masked Bandits","floor":21,"gold_loss":0}],"is_beta":false,"boss_relics":[{"not_picked":["Cursed Key","Busted Crown"],"picked":"Empty Cage"}],"items_purged_floors":[],"is_endless":false,"potions_floor_spawned":[4,6,7,11,18,20],"killed_by":"Book of Stabbing","ascension_level":20}}