{"host":"5jyeqch4fosnsiz2","time":1612401442,"event":{"mods":["BaseMod","Bestiary","Colored Map","Colored Powertips","Filter the Spire","Minty Spire (QoL Compilation)","Relic Stats","StSLib","Waifu the Spire","ojb\u0027s Better Paths Mod","ojb\u0027s Info Mod"],"gold_per_floor":[109,109,26,42,7,7,33,46,121,135,147,147,175,191,191,289,289,306,221,221,76,76,101,101,26,26,57,75,89,108,122,122,221,271,291,291,309,324,324,324,353,353,353,368,383,81,113,13,13,13,13,13,13,44,44,44],"floor_reached":55,"language":"ENG","playtime":2566,"items_purged":["Defend_R","Parasite","Strike_R"],"score":852,"play_id":"2b1f905d-9432-4cf0-b534-734aef4c7dba","local_time":"20210203201722","is_ascension_mode":false,"campfire_choices":[{"data":"Metallicize","floor":6,"key":"SMITH"},{"data":"Pummel","floor":15,"key":"SMITH"},{"data":"Ghostly","floor":24,"key":"SMITH"},{"data":"Ghostly","floor":32,"key":"SMITH"},{"data":"Barricade","floor":40,"key":"SMITH"},{"floor":49,"key":"RECALL"},{"data":"Feel No Pain","floor":52,"key":"SMITH"}],"circlet_count":0,"master_deck":["Strike_R","Strike_R","Strike_R","Defend_R","Defend_R","Defend_R","Bash","Metallicize+1","Clothesline","Feel No Pain","Twin Strike","Shockwave+1","Pummel+1","Double Tap","Ghostly Armor","Pummel+1","Ghostly+1","Ghostly+1","Ghostly","Ghostly","Ghostly","Barricade+1","Body Slam+1","Impervious","Feel No Pain+1","Metallicize+1","Madness","Madness","Power Through+1","Pummel+1","Disarm","Second Wind","Power Through"],"relics":["Burning Blood","NeowsBlessing","PreservedInsect","Akabeko","Dream Catcher","Coffee Dripper","Strawberry","DollysMirror","Vajra","MealTicket","The Courier","Tiny House","Turnip","Mummified Hand","White Beast Statue","Bag of Marbles"],"acts_visited":["Exordium","TheCity","TheBeyond","TheEnding"],"potions_floor_usage":[14,16,16,16,28,29,33,45,45,47,47,50,50,55],"damage_taken":[{"damage":0,"enemies":"Cultist","floor":1,"turns":1},{"damage":0,"enemies":"Small Slimes","floor":4,"turns":1},{"damage":0,"enemies":"Gremlin Nob","floor":7,"turns":1},{"damage":0,"enemies":"2 Louse","floor":8,"turns":2},{"damage":26,"enemies":"Large Slime","floor":10,"turns":6},{"damage":3,"enemies":"Blue Slaver","floor":11,"turns":3},{"damage":5,"enemies":"3 Sentries","floor":13,"turns":7},{"damage":6,"enemies":"Lots of Slimes","floor":14,"turns":4},{"damage":32,"enemies":"The Guardian","floor":16,"turns":15},{"damage":16,"enemies":"2 Thieves","floor":18,"turns":5},{"damage":25,"enemies":"Gremlin Leader","floor":23,"turns":7},{"damage":0,"enemies":"Book of Stabbing","floor":27,"turns":6},{"damage":10,"enemies":"3 Byrds","floor":28,"turns":5},{"damage":8,"enemies":"Snake Plant","floor":29,"turns":8},{"damage":1,"enemies":"Centurion and Healer","floor":30,"turns":9},{"damage":2,"enemies":"3 Cultists","floor":31,"turns":8},{"damage":17,"enemies":"Collector","floor":33,"turns":19},{"damage":2,"enemies":"Orb Walker","floor":35,"turns":3},{"damage":5,"enemies":"3 Shapes","floor":37,"turns":10},{"damage":0,"enemies":"Spire Growth","floor":38,"turns":7},{"damage":0,"enemies":"Nemesis","floor":41,"turns":9},{"damage":36,"enemies":"4 Shapes","floor":44,"turns":13},{"damage":11,"enemies":"Writhing Mass","floor":45,"turns":9},{"damage":8,"enemies":"Giant Head","floor":47,"turns":10},{"damage":13,"enemies":"Time Eater","floor":50,"turns":20},{"damage":23,"enemies":"Shield and Spear","floor":54,"turns":11},{"damage":41,"enemies":"The Heart","floor":55,"turns":15}],"seed_played":"5053383869562563563","potions_obtained":[{"floor":1,"key":"PowerPotion"},{"floor":7,"key":"Dexterity Potion"},{"floor":10,"key":"Explosive Potion"},{"floor":14,"key":"DistilledChaos"},{"floor":16,"key":"SmokeBomb"},{"floor":27,"key":"LiquidBronze"},{"floor":28,"key":"Weak Potion"},{"floor":31,"key":"SteroidPotion"},{"floor":33,"key":"BloodPotion"},{"floor":34,"key":"Regen Potion"},{"floor":45,"key":"SkillPotion"},{"floor":47,"key":"AttackPotion"},{"floor":54,"key":"BlessingOfTheForge"}],"is_trial":false,"path_per_floor":["M","?","$","M","$","R","E","M","T","M","M","?","E","M","R","B",null,"M","?","?","$","?","E","R","$","T","E","M","M","M","M","R","B",null,"M","?","M","M","?","R","E","?","T","M","M","$","E","$","R","B",null,"R","$","E","B"],"character_chosen":"IRONCLAD","items_purchased":["Metallicize","Clothesline","Feel No Pain","DollysMirror","Disarm","Second Wind","Strength Potion","Regen Potion"],"campfire_rested":0,"item_purchase_floors":[3,3,5,21,46,46,46,46],"current_hp_per_floor":[80,80,80,80,80,80,80,80,80,60,63,63,64,64,64,38,80,70,77,60,60,46,27,27,27,27,33,29,27,32,36,36,25,51,51,51,51,51,45,45,51,51,51,21,40,48,46,48,48,48,48,48,48,31,0,0],"gold":44,"neow_bonus":"THREE_ENEMY_KILL","is_daily":false,"chose_seed":false,"campfire_upgraded":6,"win_rate":0.0,"timestamp":1612401442,"path_taken":["M","?","$","M","$","R","E","M","T","M","?","?","E","M","R","BOSS","M","?","?","$","?","E","R","?","T","E","M","M","?","M","R","BOSS","M","?","M","M","?","R","E","?","T","?","M","$","E","$","R","BOSS","R","$","E","BOSS"],"items_purchased_type":["Card","Card","Card","Relic","Card","Card","Potion","Potion"],"build_version":"2020-12-22","purchased_purges":3,"victory":false,"max_hp_per_floor":[80,80,80,80,80,80,80,80,80,80,80,80,80,80,80,80,80,80,87,92,92,46,46,46,46,46,46,46,46,46,46,46,46,51,51,51,51,51,51,51,51,51,51,51,51,48,48,48,48,48,48,48,48,48,48,48],"relic_stats":{"Dream Catcher":0,"counters":[27,214],"Mummified Hand":[33],"MealTicket":13,"PreservedInsect":365,"Turnip":[2],"obtain_stats":[{"Tiny House":34,"NeowsBlessing":0,"Vajra":23,"PreservedInsect":2,"The Courier":27,"Burning Blood":0,"Akabeko":7,"White Beast Statue":47,"Dream Catcher":13,"DollysMirror":21,"Mummified Hand":43,"Strawberry":19,"MealTicket":26,"Turnip":41,"Coffee Dripper":17,"Bag of Marbles":54},{"Tiny House":17,"NeowsBlessing":0,"Vajra":11,"PreservedInsect":1,"The Courier":12,"Burning Blood":0,"Akabeko":3,"White Beast Statue":24,"Dream Catcher":7,"DollysMirror":10,"Mummified Hand":21,"Strawberry":10,"MealTicket":11,"Turnip":21,"Coffee Dripper":9,"Bag of Marbles":26},{"Tiny House":107,"NeowsBlessing":0,"Vajra":52,"PreservedInsect":1,"The Courier":58,"Burning Blood":0,"Akabeko":3,"White Beast Statue":168,"Dream Catcher":21,"DollysMirror":45,"Mummified Hand":136,"Strawberry":45,"MealTicket":52,"Turnip":136,"Coffee Dripper":40,"Bag of Marbles":199}],"Burning Blood":115},"card_choices":[{"not_picked":["Disarm","Anger"],"picked":"Armaments","floor":1},{"not_picked":["Carnage","Entrench","Warcry"],"picked":"SKIP","floor":4},{"not_picked":["Spot Weakness","Hemokinesis"],"picked":"Twin Strike","floor":7},{"not_picked":["Anger","Warcry","Hemokinesis"],"picked":"SKIP","floor":8},{"not_picked":["Warcry","Perfected Strike","Dual Wield"],"picked":"SKIP","floor":10},{"not_picked":["Wild Strike","Clash"],"picked":"Shockwave","floor":11},{"not_picked":["Exhume","Iron Wave","Feel No Pain"],"picked":"SKIP","floor":13},{"not_picked":["Ghostly Armor","Iron Wave","Second Wind"],"picked":"SKIP","floor":14},{"not_picked":["Limit Break","Demon Form"],"picked":"Double Tap","floor":16},{"not_picked":["Ghostly Armor","Rupture","Headbutt"],"picked":"SKIP","floor":18},{"not_picked":["Rupture","Headbutt"],"picked":"Ghostly Armor","floor":18},{"not_picked":["Pommel Strike","Havoc"],"picked":"Intimidate","floor":23},{"not_picked":["Iron Wave","Shrug It Off","Inflame"],"picked":"SKIP","floor":27},{"not_picked":["Pommel Strike","Clothesline","Armaments"],"picked":"SKIP","floor":28},{"not_picked":["Reckless Charge+1","Searing Blow"],"picked":"Barricade","floor":29},{"not_picked":["Perfected Strike+1","Fire Breathing","Cleave"],"picked":"SKIP","floor":30},{"not_picked":["Cleave","Second Wind"],"picked":"Body Slam+1","floor":31},{"not_picked":["Double Tap","Exhume"],"picked":"Impervious","floor":33},{"not_picked":["Shrug It Off+1","Armaments"],"picked":"Feel No Pain","floor":34},{"not_picked":["Sentinel","Havoc","Body Slam+1"],"picked":"SKIP","floor":35},{"not_picked":["Armaments+1","Flex"],"picked":"Metallicize+1","floor":37},{"not_picked":["Body Slam","Havoc+1","Pommel Strike+1"],"picked":"SKIP","floor":38},{"not_picked":["Rupture+1","Disarm"],"picked":"Power Through+1","floor":41},{"not_picked":["Shockwave","Clothesline"],"picked":"Pummel+1","floor":44},{"not_picked":["Wild Strike","Clothesline","Armaments+1"],"picked":"SKIP","floor":45},{"not_picked":["Armaments","Anger+1","Twin Strike+1"],"picked":"SKIP","floor":47},{"not_picked":["Brutality","Headbutt+1"],"picked":"Power Through","floor":54}],"player_experience":383085,"relics_obtained":[{"floor":7,"key":"Akabeko"},{"floor":13,"key":"Dream Catcher"},{"floor":23,"key":"Vajra"},{"floor":26,"key":"MealTicket"},{"floor":27,"key":"The Courier"},{"floor":41,"key":"Turnip"},{"floor":43,"key":"Mummified Hand"},{"floor":47,"key":"White Beast Statue"},{"floor":54,"key":"Bag of Marbles"}],"event_choices":[{"cards_removed":["Armaments"],"damage_healed":0,"gold_gain":0,"player_choice":"Gave Card","damage_taken":0,"relics_obtained":["PreservedInsect"],"max_hp_gain":0,"max_hp_loss":0,"event_name":"WeMeetAgain","floor":2,"gold_loss":0},{"damage_healed":0,"gold_gain":0,"cards_transformed":["Strike_R"],"player_choice":"Change","damage_taken":0,"max_hp_gain":0,"max_hp_loss":0,"event_name":"Living Wall","floor":12,"gold_loss":0,"cards_obtained":["Pummel"]},{"damage_healed":0,"gold_gain":0,"player_choice":"Obtained Relic","damage_taken":0,"relics_obtained":["Strawberry"],"max_hp_gain":0,"max_hp_loss":0,"event_name":"Addict","floor":19,"gold_loss":85},{"damage_healed":0,"gold_gain":0,"player_choice":"Shed Blood","damage_taken":22,"max_hp_gain":5,"max_hp_loss":0,"event_name":"Forgotten Altar","floor":20,"gold_loss":0},{"damage_healed":0,"gold_gain":0,"player_choice":"Became a Ghost","damage_taken":0,"max_hp_gain":0,"max_hp_loss":46,"event_name":"Ghosts","floor":22,"gold_loss":0,"cards_obtained":["Ghostly","Ghostly","Ghostly","Ghostly","Ghostly"]},{"damage_healed":0,"gold_gain":0,"player_choice":"Ignored","damage_taken":0,"max_hp_gain":0,"max_hp_loss":0,"event_name":"Tomb of Lord Red Mask","floor":36,"gold_loss":0},{"damage_healed":0,"gold_gain":0,"player_choice":"Embrace Madness","damage_taken":6,"max_hp_gain":0,"max_hp_loss":0,"event_name":"Winding Halls","floor":39,"gold_loss":0,"cards_obtained":["Madness","Madness"]},{"cards_removed":["Intimidate"],"damage_healed":0,"gold_gain":0,"player_choice":"Purged","damage_taken":0,"max_hp_gain":0,"max_hp_loss":0,"event_name":"Purifier","floor":42,"gold_loss":0}],"is_beta":false,"boss_relics":[{"not_picked":["Astrolabe","Sozu"],"picked":"Coffee Dripper"},{"not_picked":["Snecko Eye","Runic Dome"],"picked":"Tiny House"}],"items_purged_floors":[25,46,48],"is_endless":false,"potions_floor_spawned":[1,7,10,14,16,27,28,31,33,45,47,54],"killed_by":"The Heart","ascension_level":0}}