{"host":"phniwng9zo19jwdb","time":1612457789,"event":{"mods":["AchievementEnabler","BaseMod","Colored Powertips","Dark Map","Faster Ascension Climbing","GifTheSpireLib","Minty Spire (QoL Compilation)","Permanent Neow","Rare Cards Sparkle","Relic Filter Mod","StSLib","Weighted Paths"],"gold_per_floor":[17,31,43,43,63,63,97,97,172,172,172,12,12,12],"floor_reached":13,"language":"ENG","playtime":299,"items_purged":[],"score":166,"play_id":"a5876e27-2be2-4c3e-806a-332bb7ee4c25","local_time":"20210204175629","is_ascension_mode":true,"campfire_choices":[{"data":"Malaise","floor":6,"key":"SMITH"},{"data":"Glass Knife","floor":8,"key":"SMITH"},{"data":"Noxious Fumes","floor":10,"key":"SMITH"}],"circlet_count":0,"master_deck":["AscendersBane","Strike_G","Strike_G","Strike_G","Strike_G","Defend_G","Defend_G","Defend_G","Defend_G","Defend_G","Survivor","Neutralize","Dash","Blade Dance","Crippling Poison","Malaise+1","Noxious Fumes+1","Glass Knife+1"],"relics":["Ring of the Snake","Calipers","Mango","Bottled Tornado","Smiling Mask","Membership Card"],"acts_visited":["Exordium"],"potions_floor_usage":[7,13],"damage_taken":[{"damage":5.0,"enemies":"Small Slimes","floor":1.0,"turns":5.0},{"damage":1.0,"enemies":"Cultist","floor":2.0,"turns":4.0},{"damage":0,"enemies":"Jaw Worm","floor":3,"turns":4},{"damage":3,"enemies":"Blue Slaver","floor":5,"turns":6},{"damage":27,"enemies":"Gremlin Nob","floor":7,"turns":5},{"damage":13,"enemies":"Lagavulin","floor":13,"turns":6}],"seed_played":"-9196201594258768488","potions_obtained":[{"floor":2,"key":"Poison Potion"},{"floor":5,"key":"CunningPotion"}],"is_trial":false,"path_per_floor":["M","M","M","?","M","R","E","R","T","R","?","$","E"],"character_chosen":"THE_SILENT","items_purchased":["Membership Card"],"campfire_rested":0,"item_purchase_floors":[12],"current_hp_per_floor":[54,53,53,53,50,50,37,37,37,37,11,11,0,0],"gold":12,"neow_bonus":"ONE_RARE_RELIC","is_daily":false,"chose_seed":false,"campfire_upgraded":3,"win_rate":0.0,"timestamp":1612457789,"path_taken":["M","M","M","?","?","R","E","R","T","R","?","$","E"],"items_purchased_type":["Relic"],"build_version":"2020-12-22","purchased_purges":0,"victory":false,"max_hp_per_floor":[66,66,66,66,66,66,80,80,80,80,80,80,80,80],"card_choices":[{"not_picked":["Underhanded Strike","Predator"],"picked":"Dash","floor":1.0},{"not_picked":["Terror","Skewer"],"picked":"Blade Dance","floor":2},{"not_picked":["Outmaneuver","Deflect"],"picked":"Crippling Poison","floor":3},{"not_picked":["Dagger Spray","Infinite Blades"],"picked":"Noxious Fumes","floor":5},{"not_picked":["Noxious Fumes","Cloak And Dagger"],"picked":"Glass Knife","floor":7}],"player_experience":85279,"relics_obtained":[{"floor":7,"key":"Mango"},{"floor":9,"key":"Bottled Tornado"}],"event_choices":[{"damage_healed":0,"gold_gain":0,"cards_transformed":["Strike_G"],"player_choice":"Transformed","damage_taken":0,"max_hp_gain":0,"max_hp_loss":0,"event_name":"Transmorgrifier","floor":4,"gold_loss":0,"cards_obtained":["Malaise"]},{"damage_healed":0,"gold_gain":0,"player_choice":"Success","damage_taken":26,"relics_obtained":["Smiling Mask"],"max_hp_gain":0,"max_hp_loss":0,"event_name":"Scrap Ooze","floor":11,"gold_loss":0}],"is_beta":false,"boss_relics":[],"items_purged_floors":[],"is_endless":false,"potions_floor_spawned":[2,5],"killed_by":"Lagavulin","ascension_level":20}}