{"host":"ox77rn1xcurm2t5a","time":1612453547,"event":{"mods":["2.2 Compatiblity","AchievementEnabler","Act Like it!","Aspiration","BaseMod","Best Route Mod","Better Match","Better Note","Better Sensory Stone","Block Reminder","Colored Map","Colored Powertips","Conjunction","Conspire","Custom Start","Energized Spire","GifTheSpireLib","Gold Saver","Gremlin Skip","Halation","Highlight Path","Hubris","Infinite Spire","Minty Spire (QoL Compilation)","Pale of the Ancients","Quick Restart","Replay The Spire","Reworked Bosses","ShortenTheSpire","Spire Exporter","StSLib","Stuff the Spire","Wandering Minibosses"],"gold_per_floor":[663,683,701,701,86,86,118,118,118,118,131,141,169,183,183,260,260,273,120,120,120,145,145,155,155,155,155,80,80,80],"floor_reached":29,"language":"ENG","playtime":657,"items_purged":["Strike_B","Strike_B"],"score":393,"play_id":"f85d8870-054e-4b1e-86db-4650623eec47","local_time":"20210204174547","is_ascension_mode":true,"campfire_choices":[{"floor":6.0,"key":"RECALL"},{"floor":8.0,"key":"REST"},{"data":"Zap","floor":10.0,"key":"SMITH"},{"data":"Electrodynamics","floor":15,"key":"SMITH"},{"floor":23,"key":"REST"},{"data":"Defend_B","floor":25,"key":"SMITH"}],"circlet_count":0,"master_deck":["AscendersBane","Strike_B+1","Defend_B","Defend_B","Defend_B","Defend_B+1","Zap+1","Dualcast","Cold Snap","Gash","Storm","Auto Shields+1","Electrodynamics+1","Coolheaded","Machine Learning","Ball Lightning","Ball Lightning"],"relics":["Cracked Core","infinitespire:BottledMercury","Whetstone","conspire:DecoderRing","Inserter","Tiny Chest","hubris:FunFungus"],"acts_visited":["Exordium","TheCity"],"potions_floor_usage":[12,12,13,16,29],"damage_taken":[{"damage":1.0,"enemies":"2 Louse","floor":1.0,"turns":3.0},{"damage":0.0,"enemies":"Cultist","floor":2.0,"turns":3.0},{"damage":0.0,"enemies":"Small Slimes","floor":3.0,"turns":2.0},{"damage":61.0,"enemies":"Gremlin Nob","floor":7.0,"turns":7.0},{"damage":0,"enemies":"3 Louse","floor":11,"turns":1},{"damage":0,"enemies":"Looter","floor":12,"turns":2},{"damage":3,"enemies":"3 Sentries","floor":13,"turns":3},{"damage":2,"enemies":"2 Fungi Beasts","floor":14,"turns":3},{"damage":6,"enemies":"The Guardian","floor":16,"turns":14},{"damage":35,"enemies":"2 Thieves","floor":18,"turns":4},{"damage":27,"enemies":"conspire:MimicChest","floor":22,"turns":8},{"damage":9,"enemies":"Spheric Guardian","floor":24,"turns":3},{"damage":26,"enemies":"Slavers","floor":29,"turns":1}],"seed_played":"8044884218743573485","potions_obtained":[{"floor":2.0,"key":"Energy Potion"},{"floor":7.0,"key":"ColorlessPotion"},{"floor":11,"key":"SteroidPotion"},{"floor":12,"key":"Energy Potion"},{"floor":13,"key":"LifebloodPotion"},{"floor":22,"key":"Weak Potion"}],"is_trial":false,"path_per_floor":["M","M","M","?","$","R","E","R","T","R","M","M","E","M","R","B",null,"M","$","?","?","?","R","M","R","T","?","?","E"],"character_chosen":"DEFECT","items_purchased":["Whetstone","conspire:DecoderRing","Storm","Auto Shields+1","Ball Lightning"],"campfire_rested":2,"item_purchase_floors":[5,5,5,5,19],"current_hp_per_floor":[70,70,70,70,70,70,9,32,32,32,32,32,29,27,27,21,64,29,29,29,29,2,25,16,16,16,16,16,0,0],"gold":80,"neow_bonus":"TEN_PERCENT_HP_BONUS","is_daily":false,"chose_seed":false,"campfire_upgraded":3,"win_rate":0.0,"timestamp":1612453547,"path_taken":["M","M","M","?","$","R","E","R","T","R","M","?","E","M","R","BOSS","M","$","?","?","?","R","M","R","T","?","?","E"],"items_purchased_type":["Relic","Relic","Card","Card","Card"],"build_version":"2020-12-22","purchased_purges":2,"victory":false,"max_hp_per_floor":[78,78,78,78,78,78,78,78,78,78,78,78,78,78,78,78,78,78,78,78,78,78,78,78,78,78,78,78,78,78],"card_choices":[{"not_picked":["Stack","Conserve Battery"],"picked":"Cold Snap","floor":1.0},{"not_picked":["Chill","Turbo"],"picked":"Gash","floor":2.0},{"not_picked":["StuffTheSpire:LoadUp","Heatsinks","Rip and Tear"],"picked":"SKIP","floor":3.0},{"not_picked":["ReplayGash","StuffTheSpire:Coldhearted"],"picked":"Electrodynamics","floor":7.0},{"not_picked":["Double Energy","ReplayTheSpireMod:Calculation Training","Go for the Eyes"],"picked":"SKIP","floor":11},{"not_picked":["Go for the Eyes","Steam Power"],"picked":"Coolheaded","floor":12},{"not_picked":["Doom and Gloom","Rebound","Undo"],"picked":"SKIP","floor":13},{"not_picked":["Go for the Eyes","Conserve Battery","Panic Button"],"picked":"SKIP","floor":14},{"not_picked":["Buffer","Fission"],"picked":"Machine Learning","floor":16},{"not_picked":["Cold Snap","StuffTheSpire:Plugnplay+1"],"picked":"Ball Lightning","floor":18},{"not_picked":["Mirror Shield","Go for the Eyes","Darkness"],"picked":"SKIP","floor":24}],"player_experience":3002259,"relics_obtained":[{"floor":22,"key":"Tiny Chest"},{"floor":26,"key":"hubris:FunFungus"}],"event_choices":[{"damage_healed":0.0,"max_hp_gain":0.0,"max_hp_loss":0.0,"gold_gain":0.0,"event_name":"WeMeetAgain","player_choice":"Gave Potion","floor":4.0,"gold_loss":0.0,"damage_taken":0.0,"relics_obtained":["infinitespire:BottledMercury"]},{"cards_removed":["Strike_B"],"damage_healed":0,"gold_gain":0,"player_choice":"Gave Gold","damage_taken":0,"max_hp_gain":0,"max_hp_loss":0,"event_name":"Beggar","floor":28,"gold_loss":75}],"is_beta":false,"boss_relics":[{"not_picked":["aspiration:PoetsPen_weak","energizedSpire:UnstableMolecules"],"picked":"Inserter"}],"items_purged_floors":[5,19],"is_endless":false,"potions_floor_spawned":[2,7,11,12,13,22],"killed_by":"Slavers","ascension_level":14}}