{"host":"5ezk7t18wcb10u1o","time":1612397960,"event":{"mods":["BaseMod","Bestiary","Colored Powertips","Minty Spire (QoL Compilation)","Relic Sorter"],"gold_per_floor":[115,85,102,27,43,43,72,72,72,105,119,119,132,144,144,221,221,192,202,202,221,231,231,231,231],"floor_reached":24,"language":"ENG","playtime":1228,"items_purged":["Strike_B"],"score":520,"play_id":"8859bc01-a735-4612-adb5-861f5ef52111","local_time":"20210204001920","is_ascension_mode":true,"campfire_choices":[{"data":"Steam","floor":6.0,"key":"SMITH"},{"floor":8.0,"key":"REST"},{"data":"Dualcast","floor":12.0,"key":"SMITH"},{"data":"Reinforced Body","floor":15.0,"key":"SMITH"},{"floor":23,"key":"REST"}],"circlet_count":0,"master_deck":["AscendersBane","Strike_B","Strike_B","Strike_B","Defend_B","Defend_B","Defend_B","Defend_B+1","Zap+1","Dualcast+1","Steam+1","Streamline+1","Cold Snap","Auto Shields","Beam Cell","Reinforced Body+1","Chill","Core Surge","Chill"],"relics":["Cracked Core","Sundial","PreservedInsect","War Paint","Busted Crown"],"acts_visited":["Exordium","TheCity"],"potions_floor_usage":[22],"damage_taken":[{"damage":4.0,"enemies":"Jaw Worm","floor":1.0,"turns":5.0},{"damage":1.0,"enemies":"Cultist","floor":3.0,"turns":4.0},{"damage":1.0,"enemies":"Small Slimes","floor":5.0,"turns":2.0},{"damage":28.0,"enemies":"Lagavulin","floor":7.0,"turns":7.0},{"damage":4.0,"enemies":"Gremlin Nob","floor":10.0,"turns":3.0},{"damage":6.0,"enemies":"Red Slaver","floor":11.0,"turns":3.0},{"damage":5.0,"enemies":"3 Louse","floor":13.0,"turns":3.0},{"damage":0.0,"enemies":"Looter","floor":14.0,"turns":1.0},{"damage":0.0,"enemies":"The Guardian","floor":16.0,"turns":14.0},{"damage":11,"enemies":"2 Thieves","floor":18,"turns":4},{"damage":12,"enemies":"Spheric Guardian","floor":19,"turns":6},{"damage":14,"enemies":"Chosen and Byrds","floor":21,"turns":7},{"damage":24,"enemies":"Snecko","floor":22,"turns":8},{"damage":62,"enemies":"Book of Stabbing","floor":24,"turns":6}],"seed_played":"-7631363517665362277","potions_obtained":[{"floor":2.0,"key":"Fire Potion"},{"floor":2.0,"key":"SpeedPotion"},{"floor":5.0,"key":"CultistPotion"},{"floor":10.0,"key":"Fire Potion"},{"floor":14.0,"key":"SkillPotion"},{"floor":16.0,"key":"FairyPotion"},{"floor":19,"key":"EssenceOfSteel"}],"is_trial":false,"path_per_floor":["M","?","M","$","M","R","E","R","T","E","M","R","M","M","R","B",null,"M","M","?","M","M","R","E"],"character_chosen":"DEFECT","items_purchased":[],"campfire_rested":2,"item_purchase_floors":[],"current_hp_per_floor":[67,67,66,66,65,65,37,60,60,56,50,50,45,45,45,45,70,59,47,47,33,9,32,0,0],"gold":231,"neow_bonus":"TEN_PERCENT_HP_BONUS","is_daily":false,"chose_seed":false,"campfire_upgraded":3,"win_rate":0.0,"timestamp":1612397960,"path_taken":["M","?","M","?","M","R","E","R","T","E","M","R","?","?","R","BOSS","M","M","?","?","M","R","E"],"items_purchased_type":[],"build_version":"2020-12-22","purchased_purges":1,"victory":false,"max_hp_per_floor":[78,78,78,78,78,78,78,78,78,78,78,78,78,78,78,78,78,78,78,78,78,78,78,78,78],"card_choices":[{"not_picked":["Ball Lightning","Aggregate"],"picked":"Steam","floor":1.0},{"not_picked":["Static Discharge","Beam Cell"],"picked":"Streamline","floor":3.0},{"not_picked":["Streamline","Ball Lightning"],"picked":"Cold Snap","floor":5.0},{"not_picked":["Force Field","Undo"],"picked":"Auto Shields","floor":7.0},{"not_picked":["Cold Snap","Creative AI","Hologram"],"picked":"SKIP","floor":10.0},{"not_picked":["Storm","Auto Shields"],"picked":"Beam Cell","floor":11.0},{"not_picked":["Hologram","Steam Power"],"picked":"Reinforced Body","floor":13.0},{"not_picked":["Stack","White Noise"],"picked":"Chill","floor":14.0},{"not_picked":["Meteor Strike","All For One"],"picked":"Core Surge","floor":16.0},{"not_picked":[],"picked":"Chill","floor":18},{"not_picked":["Beam Cell"],"picked":"SKIP","floor":19},{"not_picked":["Aggregate"],"picked":"SKIP","floor":21},{"not_picked":["Hologram"],"picked":"SKIP","floor":22}],"player_experience":1198510,"relics_obtained":[{"floor":7.0,"key":"Sundial"},{"floor":9.0,"key":"PreservedInsect"},{"floor":10.0,"key":"War Paint"}],"event_choices":[{"damage_healed":0.0,"max_hp_gain":0.0,"max_hp_loss":0.0,"gold_gain":0.0,"event_name":"The Woman in Blue","player_choice":"Bought 2 Potions","floor":2.0,"gold_loss":0.0,"damage_taken":0.0},{"damage_healed":0,"gold_gain":0,"player_choice":"Upgraded","damage_taken":0,"max_hp_gain":0,"max_hp_loss":0,"event_name":"Upgrade Shrine","floor":20,"gold_loss":0,"cards_upgraded":["Streamline"]}],"is_beta":false,"boss_relics":[{"not_picked":["Snecko Eye","Astrolabe"],"picked":"Busted Crown"}],"items_purged_floors":[4],"is_endless":false,"potions_floor_spawned":[5,10,14,16,19],"killed_by":"Book of Stabbing","ascension_level":20}}