{"host":"egecq8lksgzqg7v3","time":1612416481,"event":{"mods":["AchievementEnabler","Alarm Clock","BaseMod","Bestiary","Better Third Choice","Colored Map","Downfall","Hermit","Minty Spire (QoL Compilation)","StSLib","Synergy Search","The Hierophant"],"gold_per_floor":[118,138,157,232,249,279,279,291,317,333,355,66,77,94,94,190,190,206,222,240,240,240,240,240,240],"floor_reached":24,"language":"ENG","playtime":3304,"items_purged":[],"score":202,"play_id":"9e471676-14b9-4114-bdef-1e5fb6d4544b","local_time":"20210204002801","is_ascension_mode":false,"campfire_choices":[{"data":"hermit:Glare","floor":7.0,"key":"SMITH"},{"data":"hermit:Brawl","floor":15.0,"key":"SMITH"},{"floor":23,"key":"REST"}],"circlet_count":0,"master_deck":["hermit:Strike_Hermit","hermit:Strike_Hermit","hermit:Strike_Hermit","hermit:Defend_Hermit","hermit:Defend_Hermit","hermit:Defend_Hermit","hermit:Snapshot","hermit:Covet","hermit:Deadeye","hermit:Glare+1","hermit:WideOpen","hermit:TrackingShot","hermit:BodyArmor","hermit:HighCaliber","hermit:Brawl+1","hermit:Vantage","hermit:Snipe","hermit:Glare","hermit:RoundhouseKick","hermit:Vantage","hermit:LowProfile","hermit:WideOpen"],"relics":["hermit:Momento","Meat on the Bone","Toy Ornithopter","Odd Mushroom","Ginger","Empty Cage","betterThird:NestCultRelic"],"acts_visited":["Exordium","TheCity"],"potions_floor_usage":[],"damage_taken":[{"damage":12.0,"enemies":"Small Slimes","floor":1.0,"turns":4.0},{"damage":1.0,"enemies":"Jaw Worm","floor":2.0,"turns":3.0},{"damage":1.0,"enemies":"2 Louse","floor":3.0,"turns":2.0},{"damage":0.0,"enemies":"Large Slime","floor":5.0,"turns":4.0},{"damage":17.0,"enemies":"Gremlin Nob","floor":6.0,"turns":4.0},{"damage":0.0,"enemies":"2 Fungi Beasts","floor":8.0,"turns":2.0},{"damage":0.0,"enemies":"Looter","floor":10.0,"turns":3.0},{"damage":16.0,"enemies":"The Mushroom Lair","floor":11.0,"turns":5.0},{"damage":4.0,"enemies":"3 Louse","floor":13.0,"turns":3.0},{"damage":15.0,"enemies":"Gremlin Gang","floor":14.0,"turns":4.0},{"damage":15.0,"enemies":"Hexaghost","floor":16.0,"turns":7.0},{"damage":32,"enemies":"2 Thieves","floor":18,"turns":4},{"damage":6,"enemies":"Chosen","floor":19,"turns":4},{"damage":44,"enemies":"Sentry and Sphere","floor":20,"turns":8},{"damage":34,"enemies":"Gremlin Leader","floor":24,"turns":6}],"seed_played":"-2589433089669559361","potions_obtained":[{"floor":1.0,"key":"PowerPotion"},{"floor":3.0,"key":"LiquidMemories"},{"floor":8.0,"key":"BlessingOfTheForge"},{"floor":10.0,"key":"FairyPotion"}],"is_trial":false,"path_per_floor":["M","M","M","?","M","E","R","M","T","M","?","$","M","M","R","B",null,"M","M","M","?","?","R","E"],"character_chosen":"HERMIT","items_purchased":["Ginger"],"campfire_rested":1,"item_purchase_floors":[12],"current_hp_per_floor":[70,69,68,57,57,40,40,52,52,57,46,46,42,39,39,41,82,50,44,36,36,36,60,26,26],"gold":240,"neow_bonus":"TEN_PERCENT_HP_BONUS","is_daily":false,"chose_seed":false,"campfire_upgraded":2,"win_rate":0.0,"timestamp":1612416481,"path_taken":["M","M","M","?","M","E","R","M","T","M","?","$","M","M","R","BOSS","M","M","M","?","?","R","E"],"items_purchased_type":["Relic"],"build_version":"2020-12-22","purchased_purges":0,"victory":false,"max_hp_per_floor":[82,82,82,82,82,82,82,82,82,82,82,82,82,82,82,82,82,82,82,82,82,82,82,82,82],"card_choices":[{"not_picked":["hermit:Maintenance","hermit:Horror"],"picked":"hermit:Deadeye","floor":1.0},{"not_picked":["hermit:Misfire","hermit:Grudge"],"picked":"hermit:Glare","floor":2.0},{"not_picked":["hermit:Headshot","hermit:Gestalt"],"picked":"hermit:WideOpen","floor":3.0},{"not_picked":["hermit:Virtue","hermit:Headshot"],"picked":"hermit:TrackingShot","floor":5.0},{"not_picked":["hermit:LowProfile","hermit:Purgatory"],"picked":"hermit:BodyArmor","floor":6.0},{"not_picked":["hermit:HoleUp","hermit:Headshot"],"picked":"hermit:HighCaliber","floor":8.0},{"not_picked":["hermit:GoldenBullet","hermit:CalledShot"],"picked":"hermit:Brawl","floor":10.0},{"not_picked":["hermit:BodyArmor","hermit:Coalescence"],"picked":"hermit:Vantage","floor":11.0},{"not_picked":["hermit:LuckOfTheDraw","hermit:BodyArmor"],"picked":"hermit:Snipe","floor":13.0},{"not_picked":["hermit:HoleUp","hermit:Scavenge"],"picked":"hermit:Glare","floor":14.0},{"not_picked":["hermit:EternalForm","hermit:Adapt"],"picked":"hermit:RoundhouseKick","floor":16.0},{"not_picked":["hermit:Manifest","hermit:Desperado"],"picked":"hermit:Vantage","floor":18},{"not_picked":["hermit:TrackingShot","hermit:DeadMansHand"],"picked":"hermit:LowProfile","floor":19},{"not_picked":["hermit:Malice+1","hermit:Maintenance"],"picked":"hermit:WideOpen","floor":20}],"player_experience":244283,"relics_obtained":[{"floor":6.0,"key":"Meat on the Bone"},{"floor":9.0,"key":"Toy Ornithopter"},{"floor":11.0,"key":"Odd Mushroom"}],"event_choices":[{"damage_healed":0.0,"max_hp_gain":0.0,"max_hp_loss":0.0,"gold_gain":75.0,"event_name":"betterThird:BetterGoop","player_choice":"Gold","floor":4.0,"gold_loss":0.0,"damage_taken":11.0},{"damage_healed":0.0,"max_hp_gain":0.0,"max_hp_loss":0.0,"gold_gain":0.0,"event_name":"Mushrooms","player_choice":"Fought Mushrooms","floor":11.0,"gold_loss":0.0,"damage_taken":0.0},{"damage_healed":0,"gold_gain":0,"player_choice":"Madness","damage_taken":0,"relics_obtained":["betterThird:NestCultRelic"],"max_hp_gain":0,"max_hp_loss":0,"event_name":"betterThird:BetterNest","floor":21,"gold_loss":0}],"is_beta":false,"boss_relics":[{"not_picked":["hermit:DentedPlate","Sozu"],"picked":"Empty Cage"}],"items_purged_floors":[],"is_endless":false,"potions_floor_spawned":[1,3,8,10],"killed_by":"Gremlin Leader","ascension_level":0}}