{"host":"iy2a593ihq2f18ts","time":1612420582,"event":{"mods":["2.2 Compatiblity","AchievementEnabler","BaseMod","Bestiary","Better Third Choice","Block Reminder","Card Forge","Curses Come First","Dark Map","Downfall","Energized Spire","Hermit","Infinite Spire","Marisa????????","Minty Spire (QoL Compilation)","Rare Cards Sparkle","Reliquary","Replay The Spire","StSLib","SuperFastMode","The Bug Knight","The Necromancer","The Runesmith","The Servant 0.9.4"],"gold_per_floor":[119,134,145,158,106,135,135,197,197,225,239,189,200,214,214,309,309,320,335,335,335,349,378,392,408,489,516,516,527,523,523,523,626,576,592,592,592,186,202,202,202,202],"floor_reached":41,"language":"ENG","playtime":1246,"items_purged":[],"score":625,"play_id":"e21318e5-0bd9-468e-a50b-b0c1c5d14967","local_time":"20210203223622","is_ascension_mode":true,"campfire_choices":[{"floor":7,"key":"RECALL"},{"floor":15,"key":"REST"},{"floor":28,"key":"REST"},{"floor":32,"key":"REST"},{"floor":40,"key":"REST"}],"circlet_count":0,"master_deck":["Strike_R+1","Strike_R+1","Defend_R+1","Bash+1","Sword Boomerang+1","Inflame+1","Inflame+1","Clash+1","Thunderclap+1","Clothesline+1","Pommel Strike+1","Reckless Charge+1","Feed+1","Anger+1","Armaments+1","Pummel+1","Anger+1","Flex+1","Flex+1","Demon Form+1","Feed+1","Strike_R+1","Perfected Strike+1","Whirlwind+1","infinitespire:FinalStrike+1","Shrug It Off+1","Cleave+1","Shrug It Off+1"],"relics":["Burning Blood","Hammer of Thor","Seething Fire","Anvil of the Gods","Potion Belt","Divine Protection","Toy Ornithopter","Paper Frog","Sozu","sneckomod:BabySnecko","infinitespire:Broken Mirror","Iron Hammer","Red Skull","ReplayTheSpireMod:CursedCoin","energizedSpire:HugeHouse","Another Sword"],"acts_visited":["Exordium","TheCity","TheBeyond"],"potions_floor_usage":[6,16,16,24],"damage_taken":[{"damage":6,"enemies":"Cultist","floor":1,"turns":3},{"damage":0,"enemies":"2 Louse","floor":2,"turns":2},{"damage":0,"enemies":"Small Slimes","floor":3,"turns":2},{"damage":0,"enemies":"Exordium Wildlife","floor":4,"turns":2},{"damage":0,"enemies":"HollowMod:MossKnight","floor":6,"turns":3},{"damage":8,"enemies":"Gremlin Nob","floor":8,"turns":3},{"damage":0,"enemies":"Gremlin Nob","floor":10,"turns":3},{"damage":0,"enemies":"Large Slime","floor":11,"turns":4},{"damage":0,"enemies":"Blue Slaver","floor":13,"turns":2},{"damage":2,"enemies":"Large Slime","floor":14,"turns":2},{"damage":20,"enemies":"Hexaghost","floor":16,"turns":4},{"damage":0,"enemies":"3 Byrds","floor":18,"turns":3},{"damage":0,"enemies":"Centurion and Healer","floor":19,"turns":2},{"damage":4,"enemies":"3 Cultists","floor":22,"turns":3},{"damage":19,"enemies":"Nightmare","floor":23,"turns":5},{"damage":16,"enemies":"Snake Plant","floor":24,"turns":2},{"damage":0,"enemies":"Centurion and Healer","floor":25,"turns":2},{"damage":19,"enemies":"HollowMod:Nosk","floor":27,"turns":3},{"damage":6,"enemies":"Shelled Parasite and Fungi","floor":29,"turns":2},{"damage":0,"enemies":"Collector","floor":33,"turns":6},{"damage":35,"enemies":"3 Darklings","floor":35,"turns":4},{"damage":0,"enemies":"Orb Walker","floor":39,"turns":1},{"damage":6,"enemies":"infinitespire:Three Voidlings","floor":41,"turns":2},{"damage":107,"enemies":"Nightmare_Alpha","floor":41,"turns":5}],"seed_played":"-8256796922462459554","potions_obtained":[{"floor":1,"key":"LifebloodPotion"},{"floor":2,"key":"champ:CounterPotion"},{"floor":10,"key":"Elixir"},{"floor":11,"key":"sneckomod:MuddlingPotion"},{"floor":13,"key":"Energy Potion"},{"floor":14,"key":"PowerPotion"}],"is_trial":false,"path_per_floor":["M","M","M","M","$","E","R","?","T","E","M","?","M","M","R","B",null,"M","M","?","?","M","NM","M","M","T","E","R","M","$","?","R","B",null,"M","?","?","$","M","R","?"],"character_chosen":"IRONCLAD","items_purchased":["Perfected Strike","Demon Form","ReplayTheSpireMod:CursedCoin","Another Sword","Shrug It Off","Cleave"],"campfire_rested":4,"item_purchase_floors":[5,30,30,38,38,38],"current_hp_per_floor":[85,85,85,85,85,85,85,83,83,85,85,85,85,85,85,71,85,88,91,91,91,91,78,73,83,83,70,95,99,99,79,104,104,99,74,74,74,74,80,103,0,0],"gold":202,"neow_bonus":"RANDOM_EVENT","is_daily":false,"chose_seed":false,"campfire_upgraded":0,"win_rate":0.0,"timestamp":1612420582,"path_taken":["M","M","M","M","$","E","R","?","T","E","M","?","M","M","R","BOSS","M","M","?","?","M","NM","M","M","T","E","R","M","$","?","R","BOSS","M","?","?","$","?","R","?"],"items_purchased_type":["Card","Card","Relic","Relic","Card","Card"],"build_version":"2020-12-22","purchased_purges":0,"victory":false,"max_hp_per_floor":[85,85,85,85,85,85,85,85,85,85,85,85,85,85,85,85,85,88,91,91,91,91,91,91,95,95,95,95,99,99,104,104,104,99,103,103,103,103,103,103,103,103],"card_choices":[{"not_picked":["Fire Breathing","Heavy Blade"],"picked":"Sword Boomerang","floor":1},{"not_picked":["Clash","Disarm"],"picked":"Inflame","floor":2},{"not_picked":["Power Through","Body Slam","Replay:Undeath\u0027s Touch"],"picked":"SKIP","floor":3},{"not_picked":["Seeing Red","Entrench"],"picked":"Inflame","floor":4},{"not_picked":["Heavy Blade","Rage"],"picked":"Clash","floor":6},{"not_picked":["Rupture","Intimidate"],"picked":"Thunderclap","floor":8},{"not_picked":["Blood for Blood","Replay:Undeath\u0027s Touch"],"picked":"Clothesline","floor":10},{"not_picked":["Thunderclap","Run Through"],"picked":"Pommel Strike","floor":11},{"not_picked":["Clothesline","Perfected Strike","Rupture"],"picked":"SKIP","floor":13},{"not_picked":["Second Wind","Reckless Charge","Thunderclap"],"picked":"SKIP","floor":14},{"not_picked":["Second Wind","Thunderclap"],"picked":"Reckless Charge","floor":14},{"not_picked":["Juggernaut","Impervious"],"picked":"Feed","floor":16},{"not_picked":["Searing Blow","Wild Strike","Life Link+1"],"picked":"SKIP","floor":18},{"not_picked":["Sword Boomerang","Armaments"],"picked":"Anger","floor":19},{"not_picked":["Body Slam+1","Thunderclap+1"],"picked":"Armaments","floor":22},{"not_picked":["Body Slam","Wild Strike"],"picked":"Pummel","floor":23},{"not_picked":["True Grit","Blood for Blood"],"picked":"Anger+1","floor":24},{"not_picked":["True Grit","Perfected Strike+1","Demonic Infusion"],"picked":"SKIP","floor":25},{"not_picked":["Clash","Ghostly Armor"],"picked":"Flex","floor":27},{"not_picked":["Infernal Blade","Warcry"],"picked":"Flex+1","floor":29},{"not_picked":["Barricade","Demonic Infusion"],"picked":"Feed","floor":33},{"not_picked":["Warcry","Pommel Strike"],"picked":"Whirlwind+1","floor":35},{"not_picked":["ReplayTheSpireMod:??????????????????????","infinitespire:Collect"],"picked":"infinitespire:FinalStrike","floor":36},{"not_picked":["ReplayReversal","ReplayTheSpireMod:Stacked"],"picked":"Shrug It Off+1","floor":39}],"player_experience":21128,"relics_obtained":[{"floor":6,"key":"Potion Belt"},{"floor":8,"key":"Divine Protection"},{"floor":9,"key":"Toy Ornithopter"},{"floor":10,"key":"Paper Frog"},{"floor":23,"key":"infinitespire:Broken Mirror"},{"floor":26,"key":"Iron Hammer"},{"floor":27,"key":"Red Skull"}],"event_choices":[{"damage_healed":0,"gold_gain":0,"player_choice":"Donut","damage_taken":0,"max_hp_gain":5,"max_hp_loss":0,"event_name":"Big Fish","floor":0,"gold_loss":0},{"damage_healed":0,"gold_gain":0,"player_choice":"Searched \u00271\u0027 times","damage_taken":0,"max_hp_gain":0,"max_hp_loss":0,"event_name":"Dead Adventurer","floor":8,"gold_loss":0},{"cards_removed":["Defend_R"],"damage_healed":0,"gold_gain":0,"player_choice":"Card Removal","damage_taken":0,"max_hp_gain":0,"max_hp_loss":0,"event_name":"The Cleric","floor":12,"gold_loss":50},{"cards_removed":["Strike_R"],"damage_healed":0,"gold_gain":0,"player_choice":"Elegance","damage_taken":0,"max_hp_gain":0,"max_hp_loss":0,"event_name":"betterThird:BetterWriting","floor":20,"gold_loss":0},{"damage_healed":0,"gold_gain":0,"player_choice":"Shed Blood","damage_taken":25,"max_hp_gain":5,"max_hp_loss":0,"event_name":"Forgotten Altar","floor":31,"gold_loss":0},{"damage_healed":0,"gold_gain":0,"player_choice":"Ignored","damage_taken":0,"max_hp_gain":0,"max_hp_loss":0,"event_name":"Transmorgrifier","floor":37,"gold_loss":0}],"is_beta":false,"boss_relics":[{"not_picked":["Philosopher\u0027s Stone","Cursed Key"],"picked":"Sozu"},{"not_picked":["Replay:Grab Bag","reliquary:Ember"],"picked":"energizedSpire:HugeHouse"}],"items_purged_floors":[],"is_endless":true,"potions_floor_spawned":[1,2,10,11,13,14,22,23,24,25,33,35,41],"killed_by":"Nightmare_Alpha","ascension_level":2}}