{"host":"5n1fl7z5i1vf7jan","time":1612411534,"event":{"mods":["BaseMod","Minty Spire (QoL Compilation)","Quick Restart","Relic Stats"],"gold_per_floor":[111,111,111,130,144,170,181,181,181],"floor_reached":8,"language":"ENG","playtime":312,"items_purged":[],"score":113,"play_id":"e3e6908b-fdd7-44ea-820d-c75fe6ccd191","local_time":"20210203200534","is_ascension_mode":true,"campfire_choices":[],"circlet_count":0,"master_deck":["AscendersBane","Strike_P","Strike_P","Strike_P","Strike_P","Defend_P","Defend_P","Defend_P","Eruption","Vigilance","LikeWater","Adaptation","CrushJoints","Worship","CarveReality","CutThroughFate"],"relics":["VioletLotus","Juzu Bracelet","Toy Ornithopter"],"acts_visited":["Exordium"],"potions_floor_usage":[4,8],"damage_taken":[{"damage":14,"enemies":"Small Slimes","floor":1,"turns":6},{"damage":4,"enemies":"Jaw Worm","floor":4,"turns":6},{"damage":0,"enemies":"2 Louse","floor":5,"turns":4},{"damage":12,"enemies":"Lagavulin","floor":6,"turns":7},{"damage":0,"enemies":"Looter","floor":7,"turns":4},{"damage":21,"enemies":"3 Sentries","floor":8,"turns":5}],"seed_played":"4120555546047285702","potions_obtained":[{"floor":1,"key":"ColorlessPotion"},{"floor":6,"key":"Dexterity Potion"}],"is_trial":false,"path_per_floor":["M","?","?","M","M","E","M","E"],"character_chosen":"WATCHER","items_purchased":[],"campfire_rested":0,"item_purchase_floors":[],"current_hp_per_floor":[47,47,29,25,25,13,13,0,0],"gold":181,"neow_bonus":"BOSS_RELIC","is_daily":false,"chose_seed":false,"campfire_upgraded":0,"win_rate":0.0,"timestamp":1612411534,"path_taken":["M","?","?","M","M","E","M","E"],"items_purchased_type":[],"build_version":"2020-12-22","purchased_purges":0,"victory":false,"max_hp_per_floor":[68,68,68,68,68,68,68,68,68],"relic_stats":{"counters":[6,32],"VioletLotus":[4],"Juzu Bracelet":0,"obtain_stats":[{"VioletLotus":0,"Juzu Bracelet":3,"PureWater":0,"Toy Ornithopter":6},{"VioletLotus":0,"Juzu Bracelet":1,"PureWater":0,"Toy Ornithopter":4},{"VioletLotus":0,"Juzu Bracelet":6,"PureWater":0,"Toy Ornithopter":23}],"Toy Ornithopter":5},"card_choices":[{"not_picked":["ClearTheMind","Evaluate"],"picked":"LikeWater","floor":1},{"not_picked":["JustLucky","ClearTheMind"],"picked":"CrushJoints","floor":4},{"not_picked":["Swivel","PathToVictory"],"picked":"Worship","floor":5},{"not_picked":["ClearTheMind","BattleHymn"],"picked":"CarveReality","floor":6},{"not_picked":["Evaluate","SashWhip"],"picked":"CutThroughFate","floor":7}],"player_experience":306751,"relics_obtained":[{"floor":6,"key":"Toy Ornithopter"}],"event_choices":[{"damage_healed":0,"gold_gain":0,"cards_transformed":["Defend_P"],"player_choice":"Change","damage_taken":0,"max_hp_gain":0,"max_hp_loss":0,"event_name":"Living Wall","floor":2,"gold_loss":0,"cards_obtained":["Adaptation"]},{"damage_healed":0,"gold_gain":0,"player_choice":"Success","damage_taken":18,"relics_obtained":["Juzu Bracelet"],"max_hp_gain":0,"max_hp_loss":0,"event_name":"Scrap Ooze","floor":3,"gold_loss":0}],"is_beta":false,"boss_relics":[],"items_purged_floors":[],"is_endless":false,"potions_floor_spawned":[1,6],"killed_by":"3 Sentries","ascension_level":19}}