{"host":"56xwnffi6e9z5l58","time":1612432261,"event":{"mods":["Aspiration","BaseMod","Better Match","Better Note","Better Sensory Stone","BetterRewards","Colored Map","Colored Powertips","Conspire","Downfall","GifTheSpireLib","Hermit","Highlight Path","Hubris","Infinite Spire","Key Reminder","Minty Spire (QoL Compilation)","Permanent Neow","Quick Restart","Rare Cards Sparkle","Replay The Spire","StSLib","Stuff the Spire","SuperFastMode","Unceasing Turn Reminder"],"gold_per_floor":[112,131,31,42,42,42,42,42],"floor_reached":7,"language":"ENG","playtime":311,"items_purged":[],"score":41,"play_id":"e047627e-421d-4861-90f9-bbad6212b6d4","local_time":"20210204175101","is_ascension_mode":false,"campfire_choices":[{"data":"hermit:Snapshot","floor":6,"key":"SMITH"}],"circlet_count":0,"master_deck":["hermit:Strike_Hermit","hermit:Strike_Hermit","hermit:Strike_Hermit","hermit:Defend_Hermit","hermit:Defend_Hermit","hermit:Defend_Hermit","hermit:Defend_Hermit","hermit:Snapshot+1","hermit:Covet","hermit:FromBeyond","hermit:Combo","hermit:Glare","Ghostly","hermit:TakeCover"],"relics":["hermit:Momento"],"acts_visited":["Exordium"],"potions_floor_usage":[],"damage_taken":[{"damage":1,"enemies":"Cultist","floor":1,"turns":3},{"damage":4,"enemies":"conspire:RoseBush","floor":2,"turns":4},{"damage":7,"enemies":"2 Louse","floor":4,"turns":6},{"damage":45,"enemies":"3 Sentries","floor":7,"turns":10}],"seed_played":"5253175906080120739","potions_obtained":[{"floor":4,"key":"Languid Potion"}],"is_trial":false,"path_per_floor":["M","M","?","M","?","R","E"],"character_chosen":"HERMIT","items_purchased":[],"campfire_rested":0,"item_purchase_floors":[],"current_hp_per_floor":[53,49,49,42,42,42,0,0],"gold":42,"neow_bonus":"THREE_RARE_CARDS","is_daily":false,"chose_seed":false,"campfire_upgraded":1,"win_rate":0.0,"timestamp":1612432261,"path_taken":["M","?","?","M","?","R","E"],"items_purchased_type":[],"build_version":"2020-12-22","purchased_purges":0,"victory":false,"max_hp_per_floor":[75,75,75,75,75,75,75,75],"card_choices":[{"not_picked":["hermit:EternalForm","hermit:Reprieve"],"picked":"hermit:FromBeyond","floor":0},{"not_picked":["hermit:PistolWhip","hermit:Headshot"],"picked":"hermit:Combo","floor":1},{"not_picked":["hermit:WideOpen","hermit:Roulette"],"picked":"hermit:Glare","floor":2},{"not_picked":["hermit:Feint","hermit:Coalescence"],"picked":"hermit:TakeCover","floor":4}],"player_experience":1011741,"relics_obtained":[],"event_choices":[{"damage_healed":0,"gold_gain":0,"player_choice":"Argue","damage_taken":0,"max_hp_gain":0,"max_hp_loss":0,"event_name":"conspire:LoneGhost","floor":3,"gold_loss":0}],"is_beta":false,"boss_relics":[],"items_purged_floors":[],"is_endless":false,"potions_floor_spawned":[4],"killed_by":"3 Sentries","ascension_level":0}}