{"host":"8i4doyxqctgl5qb0","time":1612481621,"event":{"mods":["AchievementEnabler","BaseMod","Block Reminder","Colored Powertips","Downfall","Minty Spire (QoL Compilation)","Permanent Neow","Potion Indicator Mod","Rare Cards Sparkle","StSLib","SuperFastMode","The Jungle"],"gold_per_floor":[115,65,65,76,76,76,76,90,90,90,120,132,132,149,149,248,248,259,278,278,295,313,313,348,348,374,374,391,391,391],"floor_reached":29,"language":"ZHS","playtime":901,"items_purged":[],"score":389,"play_id":"481594eb-6368-40a0-9528-6d2599d55cc1","local_time":"20210205073341","is_ascension_mode":true,"campfire_choices":[{"data":"Dagger Spray","floor":6.0,"key":"SMITH"},{"data":"Neutralize","floor":10,"key":"SMITH"},{"floor":15,"key":"REST"},{"data":"Adrenaline","floor":23,"key":"SMITH"},{"floor":25,"key":"REST"}],"circlet_count":0,"master_deck":["AscendersBane","Defend_G+1","Defend_G+1","Defend_G+1","Defend_G+1","Survivor","Neutralize+1","Escape Plan+1","Storm of Steel+1","Dagger Spray+1","Infinite Blades","Adrenaline+1","Footwork","Burst","Blade Dance","PiercingWail","Bite","Bite","Bite","Bite","Bite","Poisoned Stab"],"relics":["Ring of the Snake","Shuriken","Tough Bandages","Red Mask","Centennial Puzzle"],"acts_visited":["Exordium","TheCity"],"potions_floor_usage":[24],"damage_taken":[{"damage":4.0,"enemies":"Jaw Worm","floor":1.0,"turns":8.0},{"damage":1.0,"enemies":"2 Louse","floor":4.0,"turns":4.0},{"damage":0.0,"enemies":"Lagavulin","floor":7.0,"turns":1.0},{"damage":0,"enemies":"Small Slimes","floor":8,"turns":1},{"damage":16,"enemies":"3 Sentries","floor":11,"turns":7},{"damage":0,"enemies":"Exordium Thugs","floor":12,"turns":3},{"damage":1,"enemies":"Large Slime","floor":14,"turns":4},{"damage":22,"enemies":"Hexaghost","floor":16,"turns":10},{"damage":4,"enemies":"Shell Parasite","floor":18,"turns":6},{"damage":12,"enemies":"Chosen","floor":19,"turns":5},{"damage":6,"enemies":"Snecko","floor":21,"turns":6},{"damage":17,"enemies":"Sentry and Sphere","floor":22,"turns":4},{"damage":36,"enemies":"Masked Bandits","floor":24,"turns":6},{"damage":20,"enemies":"Snake Plant","floor":28,"turns":6},{"damage":27,"enemies":"Slavers","floor":29,"turns":3}],"seed_played":"-9090455962188367094","potions_obtained":[{"floor":0.0,"key":"AttackPotion"},{"floor":0.0,"key":"SmokeBomb"},{"floor":0.0,"key":"Regen Potion"},{"floor":8,"key":"Strength Potion"},{"floor":18,"key":"Regen Potion"}],"is_trial":false,"path_per_floor":["M","?","?","M","?","R","E","M","T","R","E","M","?","M","R","B",null,"M","M","?","M","M","R","?","R","T","?","M","E"],"character_chosen":"THE_SILENT","items_purchased":[],"campfire_rested":2,"item_purchase_floors":[],"current_hp_per_floor":[59,59,59,58,58,58,58,58,58,58,42,42,28,27,48,26,59,55,43,43,43,34,34,23,37,37,37,25,0,0],"gold":391,"neow_bonus":"THREE_SMALL_POTIONS","is_daily":false,"chose_seed":false,"campfire_upgraded":3,"win_rate":0.0,"timestamp":1612481621,"path_taken":["M","?","?","M","?","R","E","?","T","R","E","M","?","M","R","BOSS","M","M","?","M","M","R","?","R","T","?","M","E"],"items_purchased_type":[],"build_version":"2020-12-22","purchased_purges":0,"victory":false,"max_hp_per_floor":[70,70,70,70,70,70,70,70,70,70,70,70,70,70,70,70,70,70,70,49,49,49,49,49,49,49,49,49,49,49],"card_choices":[{"not_picked":["Cloak And Dagger","Dagger Throw"],"picked":"Escape Plan","floor":1.0},{"not_picked":["Poisoned Stab","Backflip"],"picked":"Dagger Spray","floor":4.0},{"not_picked":["Cloak And Dagger","PiercingWail"],"picked":"Infinite Blades","floor":8},{"not_picked":["Dash","Sucker Punch","Flechettes"],"picked":"SKIP","floor":11},{"not_picked":["Terror","Expertise"],"picked":"Adrenaline","floor":12},{"not_picked":["Calculated Gamble","Sucker Punch"],"picked":"Footwork","floor":14},{"not_picked":["Corpse Explosion","Die Die Die"],"picked":"Burst","floor":16},{"not_picked":["Dodge and Roll","Reflex"],"picked":"Blade Dance","floor":18},{"not_picked":["Choke+1","Prepared"],"picked":"PiercingWail","floor":19},{"not_picked":["Deadly Poison","Flying Knee","Dash"],"picked":"SKIP","floor":21},{"not_picked":["Flechettes","Acrobatics"],"picked":"Poisoned Stab","floor":22},{"not_picked":["Prepared","Grand Finale","Deadly Poison"],"picked":"SKIP","floor":28}],"player_experience":273528,"relics_obtained":[{"floor":9,"key":"Shuriken"},{"floor":11,"key":"Tough Bandages"},{"floor":24,"key":"Red Mask"},{"floor":26,"key":"Centennial Puzzle"}],"event_choices":[{"cards_removed":["Strike_G"],"damage_healed":0.0,"max_hp_gain":0.0,"max_hp_loss":0.0,"gold_gain":0.0,"event_name":"The Cleric","player_choice":"Card Removal","floor":2.0,"gold_loss":50.0,"damage_taken":0.0},{"damage_healed":0.0,"max_hp_gain":0.0,"max_hp_loss":0.0,"gold_gain":0.0,"cards_transformed":["Defend_G"],"event_name":"Living Wall","player_choice":"Change","floor":3.0,"gold_loss":0.0,"damage_taken":0.0,"cards_obtained":["Storm of Steel"]},{"cards_removed":["Strike_G"],"damage_healed":0.0,"max_hp_gain":0.0,"max_hp_loss":0.0,"gold_gain":0.0,"event_name":"Purifier","player_choice":"Purged","floor":5.0,"gold_loss":0.0,"damage_taken":0.0},{"damage_healed":0,"gold_gain":0,"player_choice":"Entered Light","damage_taken":14,"max_hp_gain":0,"max_hp_loss":0,"event_name":"Shining Light","floor":13,"gold_loss":0,"cards_upgraded":["Storm of Steel","Escape Plan"]},{"damage_healed":0,"gold_gain":0,"player_choice":"Became a vampire","damage_taken":0,"max_hp_gain":0,"max_hp_loss":21,"event_name":"Vampires","floor":20,"gold_loss":0,"cards_obtained":["Bite","Bite","Bite","Bite","Bite"]},{"damage_healed":0,"gold_gain":0,"player_choice":"Fought Bandits","damage_taken":0,"max_hp_gain":0,"max_hp_loss":0,"event_name":"Masked Bandits","floor":24,"gold_loss":0},{"damage_healed":0,"gold_gain":0,"player_choice":"Simplicity","damage_taken":0,"max_hp_gain":0,"max_hp_loss":0,"event_name":"Back to Basics","floor":27,"gold_loss":0,"cards_upgraded":["Defend_G","Defend_G","Defend_G","Defend_G"]}],"is_beta":false,"boss_relics":[{"not_picked":["Fusion Hammer","Runic Dome","Ectoplasm"]}],"items_purged_floors":[],"is_endless":false,"potions_floor_spawned":[1,4,8,18,21,22],"killed_by":"Slavers","ascension_level":11}}