{"host":"4ih4fq53sefgqhvb","time":1612479940,"event":{"mods":["AchievementEnabler","Aspiration","Bard","BaseMod","BetterRewards","Colored Map","Colored Powertips","Conspire","Downfall","Googly Eyes","Hermit","Highlight Path","Hubris","Infinite Spire","Jedi Mod","Jorbs\u0027s Wanderer Trilogy","Marisa????????","Mimic Mod","Minty Spire (QoL Compilation)","Quick Restart","Relic Stats","Replay The Spire","Shop Mod","StSLib","The Animator","The Cursed","The Disciple","The Jungle","The Runesmith","The Servant 0.9.4"],"gold_per_floor":[99,113,213,213,266,297,345,357,371,386,72,107,7,24,41,145,195,157,169,104,122,122,122,159,259,159,179,192,22,22,34,47,146,146,146,162,162,179,187,187,187,200,200,218,268,268,282,309,322,322,322,347,30,30,30,30,30],"floor_reached":55,"language":"ENG","playtime":4239,"items_purged":[],"score":936,"play_id":"35e8b36e-e84f-43d2-8d88-2de827457c6c","local_time":"20210204150540","is_ascension_mode":false,"campfire_choices":[{"floor":1,"key":"RECALL"},{"floor":13,"key":"REST"},{"floor":26,"key":"REST"},{"data":"bronze:Mutator","floor":35,"key":"SMITH"},{"data":"bronze:CleanCode","floor":40,"key":"SMITH"},{"floor":46,"key":"REST"},{"floor":54,"key":"REST"}],"circlet_count":0,"master_deck":["bronze:Strike","bronze:Strike","bronze:Strike","bronze:Strike","bronze:Defend","bronze:Defend","bronze:Defend","bronze:Defend","bronze:Replicate+1","bronze:Goto","bronze:Iterate","downfall:Haunted","downfall:Haunted","Spreading Infection","bronze:CleanCode","Languid","Replay:Sluggish","ReplayTheSpireMod:Splinters","bronze:Constructor","bronze:Shield","bronze:BugBarrage","bronze:NullPointer","bronze:BitShift","bronze:WildBeam","bronze:Fortify","Bandage Up","bronze:Mutator+1","bronze:BugBarrage","bronze:ForLoop","bronze:GetLatest+1","bronze:ItsAFeature","bronze:HyperBeam","bronze:Optimize","bronze:Repair","bronze:Constructor","bronze:Flail","bronze:DonuBeam","bronze:DecaBeam","bronze:DelayedSlice+1","bronze:CleanCode+1","bronze:GetLatest+1","bronze:HyperBeam","bronze:GetLatest+1","bronze:BitShift+1","bronze:BurnOut","bronze:Flail+1","bronze:Backtrace","bronze:BronzeArmor","bronze:ChosenStrike","bronze:FineTuning","bronze:FineTuning","bronze:Overheat","bronze:CutThrough","bronze:FineTuning+1","bronze:FineTuning","bronze:Assembly","bronze:HardenedForm","bronze:ForceShield+1","bronze:Turbo+1","Apotheosis","bronze:Terminator","bronze:Overheat+1","bronze:Separator","Replay:SS_hec_1","bronze:Shell","bronze:ItsAFeature"],"relics":["bronze:BronzeCore","Du-Vu Doll","Letter Opener","Bag of Preparation","jedi:matchstick","downfall:HeartBlessingRed","downfall:HeartBlessingGreen","downfall:HeartBlessingBlue","Membership Card","hubris:Zylophone","aspiration:PoetsPen_weak","hubris:Towel","Strange Spoon","Akabeko","MerchantsRug","Pocketwatch","bronze:BottledCode","aspiration:HatOfInfinitePower","Shuriken","Blood Vial"],"acts_visited":["Exordium","TheCity","TheBeyond","TheEnding"],"potions_floor_usage":[16,16,25,29,29,33,44,49,50,52,52,55,55,55],"damage_taken":[{"damage":0,"enemies":"conspire:RoseBush","floor":2,"turns":4},{"damage":16,"enemies":"Gremlin Nob","floor":6,"turns":3},{"damage":0,"enemies":"Small Slimes","floor":8,"turns":2},{"damage":0,"enemies":"Jaw Worm","floor":9,"turns":1},{"damage":0,"enemies":"Lots of Slimes","floor":10,"turns":4},{"damage":0,"enemies":"downfall:FleeingMerchant","floor":11,"turns":4},{"damage":30,"enemies":"Lagavulin","floor":12,"turns":5},{"damage":4,"enemies":"2 Fungi Beasts","floor":14,"turns":3},{"damage":16,"enemies":"Large Slime","floor":15,"turns":3},{"damage":20,"enemies":"WA_ARCHETYPE_RETAIN","floor":16,"turns":5},{"damage":38,"enemies":"Shell Parasite","floor":19,"turns":5},{"damage":8,"enemies":"3 Byrds","floor":21,"turns":5},{"damage":6,"enemies":"Centurion and Healer","floor":24,"turns":7},{"damage":56,"enemies":"Centurion and Healer","floor":25,"turns":5},{"damage":2,"enemies":"Centurion and Healer","floor":27,"turns":2},{"damage":0,"enemies":"Chosen and Byrds","floor":28,"turns":3},{"damage":20,"enemies":"downfall:FleeingMerchant","floor":29,"turns":5},{"damage":0,"enemies":"Cultist and Chosen","floor":31,"turns":3},{"damage":1,"enemies":"3 Cultists","floor":32,"turns":3},{"damage":89,"enemies":"SI_MIRROR_ARCHETYPE","floor":33,"turns":11},{"damage":15,"enemies":"Orb Walker","floor":36,"turns":2},{"damage":12,"enemies":"3 Shapes","floor":38,"turns":1},{"damage":0,"enemies":"downfall:FleeingMerchant","floor":39,"turns":1},{"damage":0,"enemies":"Writhing Mass","floor":42,"turns":2},{"damage":18,"enemies":"Transient","floor":44,"turns":5},{"damage":6,"enemies":"Transient","floor":45,"turns":3},{"damage":9,"enemies":"Sphere and 2 Shapes","floor":47,"turns":2},{"damage":25,"enemies":"Nemesis","floor":48,"turns":3},{"damage":0,"enemies":"Maw","floor":49,"turns":2},{"damage":0,"enemies":"IC_BLOCK_ARCHETYPE","floor":50,"turns":2},{"damage":50,"enemies":"downfall:CharBossMerchant","floor":52,"turns":4},{"damage":113,"enemies":"downfall:NeowBoss","floor":55,"turns":15}],"seed_played":"1584796318763389874","potions_obtained":[{"floor":6,"key":"Dexterity Potion"},{"floor":14,"key":"Block Potion"},{"floor":16,"key":"Strength Potion"},{"floor":17,"key":"Milkshake"},{"floor":25,"key":"jedi:StrikingPotion"},{"floor":27,"key":"conspire:TimeTravelPotion"},{"floor":28,"key":"EssenceOfSteel"},{"floor":32,"key":"FairyPotion"},{"floor":33,"key":"AttackPotion"},{"floor":42,"key":"champ:CounterPotion"},{"floor":47,"key":"Elixir"},{"floor":48,"key":"ColorlessPotion"},{"floor":49,"key":"sneckomod:MuddlingPotion"}],"is_trial":false,"path_per_floor":["R","M","?","?","?","E","T","M","M","M","$","E","R","M","M","B",null,"R_BF","M","?","M","?","?","MIM","?","R","M","M","$","T","M","M","B",null,"R","M","?","M","$","R","T","M","?","M","?","R","M","E","M","B",null,"E","$","R","B"],"character_chosen":"THE_AUTOMATON","items_purchased":["Bandage Up","bronze:Mutator","bronze:BugBarrage","Membership Card","bronze:ChosenStrike","Simple Rune","Strange Spoon","Akabeko","MerchantsRug","bronze:FineTuning","bronze:Overheat","Apotheosis","bronze:Terminator","bronze:Overheat+1","bronze:Separator","Replay:SS_hec_1","bronze:Shell","bronze:ItsAFeature","PowerPotion","Milkshake","Elixir"],"campfire_rested":4,"item_purchase_floors":[11,11,11,29,39,39,39,39,39,39,39,53,53,53,53,53,53,53,53,53,53],"current_hp_per_floor":[70,70,75,80,80,64,64,64,64,64,64,38,62,62,46,30,85,85,51,71,74,74,74,79,30,65,63,63,63,63,63,74,28,95,95,80,80,72,72,72,72,81,81,67,61,85,76,59,59,59,85,35,35,60,0,0,0],"gold":30,"neow_bonus":"UPGRADE_CARD","is_daily":false,"chose_seed":false,"campfire_upgraded":2,"win_rate":0.0,"timestamp":1612479940,"path_taken":["R","M","?","?","?","E","T","M","?","M","$","E","R","?","M","BOSS","R_BF","M","?","M","?","?","MIM","?","R","?","M","$","?","M","M","BOSS","R","M","?","M","$","R","T","M","?","M","?","R","M","E","M","BOSS","E","$","R","BOSS"],"items_purchased_type":["Card","Card","Card","Relic","Card","Relic","Relic","Relic","Relic","Card","Card","Card","Card","Card","Card","Card","Card","Card","Potion","Potion","Potion"],"build_version":"2020-12-22","purchased_purges":0,"victory":false,"max_hp_per_floor":[70,70,75,80,80,80,80,80,80,80,80,80,80,80,80,80,85,85,85,85,85,85,85,85,85,95,95,95,95,95,95,95,95,95,95,95,95,95,95,95,95,95,85,85,85,85,85,85,85,85,85,85,85,85,85,85,85],"relic_stats":{"Blood Vial":2,"Strange Spoon":[25],"counters":[32,125],"Shuriken":[14],"Bag of Preparation":[64],"Letter Opener":[92],"obtain_stats":[{"MerchantsRug":39,"bronze:BronzeCore":0,"Tiny House":17,"downfall:HeartBlessingRed":13,"downfall:HeartBlessingGreen":18,"aspiration:PoetsPen_weak":34,"Bag of Preparation":6,"Letter Opener":5,"hubris:Towel":37,"Akabeko":39,"Du-Vu Doll":3,"hubris:Zylophone":30,"bronze:BottledCode":43,"Blood Vial":52,"Strange Spoon":39,"downfall:HeartBlessingBlue":26,"Shuriken":48,"jedi:matchstick":12,"Simple Rune":39,"Replay:Bottled Snecko":24,"Membership Card":29,"aspiration:HatOfInfinitePower":45,"Pocketwatch":41},{"MerchantsRug":23,"bronze:BronzeCore":0,"Tiny House":10,"downfall:HeartBlessingRed":7,"downfall:HeartBlessingGreen":10,"aspiration:PoetsPen_weak":20,"Bag of Preparation":2,"Letter Opener":1,"hubris:Towel":21,"Akabeko":23,"Du-Vu Doll":1,"hubris:Zylophone":17,"bronze:BottledCode":24,"Blood Vial":31,"Strange Spoon":23,"downfall:HeartBlessingBlue":14,"Shuriken":28,"jedi:matchstick":7,"Simple Rune":23,"Replay:Bottled Snecko":13,"Membership Card":17,"aspiration:HatOfInfinitePower":26,"Pocketwatch":23},{"MerchantsRug":87,"bronze:BronzeCore":0,"Tiny House":34,"downfall:HeartBlessingRed":23,"downfall:HeartBlessingGreen":34,"aspiration:PoetsPen_weak":83,"Bag of Preparation":7,"Letter Opener":4,"hubris:Towel":85,"Akabeko":87,"Du-Vu Doll":4,"hubris:Zylophone":66,"bronze:BottledCode":89,"Blood Vial":110,"Strange Spoon":87,"downfall:HeartBlessingBlue":56,"Shuriken":102,"jedi:matchstick":23,"Simple Rune":87,"Replay:Bottled Snecko":51,"Membership Card":66,"aspiration:HatOfInfinitePower":97,"Pocketwatch":87}],"Pocketwatch":[20]},"card_choices":[{"not_picked":["bronze:OilSpill","bronze:Turbo"],"picked":"bronze:Iterate","floor":2},{"not_picked":["bronze:CutThrough","bronze:BuggyMess"],"picked":"bronze:Constructor","floor":5},{"not_picked":["bronze:Shell","bronze:OilSpill"],"picked":"bronze:Shield","floor":5},{"not_picked":["bronze:Boost","bronze:Branch"],"picked":"bronze:BugBarrage","floor":6},{"not_picked":["bronze:DelayedGuard","bronze:OilSpill"],"picked":"bronze:NullPointer","floor":8},{"not_picked":["bronze:CutThrough","bronze:Branch"],"picked":"bronze:BitShift","floor":9},{"not_picked":["bronze:BugBarrage","bronze:FineTuning"],"picked":"bronze:WildBeam","floor":10},{"not_picked":["bronze:Deprecate","bronze:OilSpill"],"picked":"bronze:Fortify","floor":11},{"not_picked":["bronze:CutThrough","bronze:ChosenStrike"],"picked":"bronze:ForLoop","floor":12},{"not_picked":["bronze:DelayedSlice","bronze:Return"],"picked":"bronze:GetLatest","floor":14},{"not_picked":["bronze:Shell","bronze:WhirlingStrike"],"picked":"bronze:ItsAFeature","floor":15},{"not_picked":["bronze:Assembly","bronze:Virus"],"picked":"bronze:HyperBeam","floor":16},{"not_picked":["bronze:BugBarrage","bronze:ItsAFeature"],"picked":"bronze:Optimize","floor":17},{"not_picked":["bronze:Invalidate+1","bronze:Optimize"],"picked":"bronze:Repair","floor":19},{"not_picked":["bronze:Shell","bronze:Deprecate"],"picked":"bronze:Constructor","floor":21},{"not_picked":["bronze:Constructor","bronze:Deprecate"],"picked":"bronze:Flail","floor":24},{"not_picked":[],"picked":"bronze:DonuBeam","floor":25},{"not_picked":[],"picked":"bronze:DecaBeam","floor":25},{"not_picked":["bronze:Invalidate","bronze:Return"],"picked":"bronze:DelayedSlice+1","floor":25},{"not_picked":["bronze:DigitalCarnage","bronze:DelayedGuard+1"],"picked":"bronze:CleanCode","floor":27},{"not_picked":["bronze:Branch","bronze:OilSpill"],"picked":"bronze:GetLatest+1","floor":28},{"not_picked":["bronze:Frontload","bronze:Invalidate"],"picked":"bronze:HyperBeam","floor":29},{"not_picked":["bronze:Separator","bronze:Iterate+1"],"picked":"bronze:GetLatest+1","floor":31},{"not_picked":["bronze:CutThrough+1","bronze:HardenedForm"],"picked":"bronze:BitShift+1","floor":32},{"not_picked":["bronze:ThunderWave","bronze:HyperBeam"],"picked":"bronze:BurnOut","floor":33},{"not_picked":["bronze:Fortify+1","bronze:Turbo"],"picked":"bronze:Flail+1","floor":36},{"not_picked":["bronze:DelayedGuard","bronze:Boost"],"picked":"bronze:Backtrace","floor":38},{"not_picked":["bronze:Shell","bronze:FineTuning"],"picked":"bronze:BronzeArmor","floor":39},{"not_picked":["bronze:Separator+1","bronze:Invalidate+1"],"picked":"bronze:CutThrough","floor":42},{"not_picked":["bronze:ChildClass","bronze:BugBarrage+1"],"picked":"bronze:FineTuning+1","floor":44},{"not_picked":["bronze:Invalidate+1","bronze:Repulsor"],"picked":"bronze:FineTuning","floor":45},{"not_picked":["bronze:WildBeam+1","bronze:Philosophize"],"picked":"bronze:Assembly","floor":47},{"not_picked":["bronze:BitShift","bronze:Iterate+1"],"picked":"bronze:HardenedForm","floor":48},{"not_picked":["bronze:Shell","bronze:Invalidate"],"picked":"bronze:ForceShield+1","floor":49},{"not_picked":["bronze:Constructor+1","bronze:BitShift"],"picked":"bronze:Turbo+1","floor":52}],"player_experience":995300,"relics_obtained":[{"floor":5,"key":"Letter Opener"},{"floor":6,"key":"Bag of Preparation"},{"floor":12,"key":"jedi:matchstick"},{"floor":24,"key":"Replay:Bottled Snecko"},{"floor":30,"key":"hubris:Zylophone"},{"floor":41,"key":"Pocketwatch"},{"floor":45,"key":"aspiration:HatOfInfinitePower"},{"floor":48,"key":"Shuriken"},{"floor":52,"key":"Blood Vial"}],"event_choices":[{"damage_healed":0,"gold_gain":0,"player_choice":"Donut","damage_taken":0,"max_hp_gain":5,"max_hp_loss":0,"event_name":"Big Fish","floor":4,"gold_loss":0},{"damage_healed":0,"gold_gain":0,"player_choice":"Ignored","damage_taken":0,"max_hp_gain":0,"max_hp_loss":0,"event_name":"Ghosts","floor":22,"gold_loss":0}],"is_beta":false,"boss_relics":[{"not_picked":["Replay:Drink Me","aspiration:BardSkillbook"],"picked":"Tiny House"},{"not_picked":["Snecko Eye","aspiration:SecretTechniqueScroll"],"picked":"aspiration:PoetsPen_weak"}],"items_purged_floors":[],"is_endless":false,"potions_floor_spawned":[6,14,16,25,27,28,32,33,42,47,48,49],"killed_by":"downfall:NeowBoss","ascension_level":0}}