{"host":"y7357sx8ps3jkgoj","time":1612417313,"event":{"mods":["BaseMod","Friendly Minions","Minty Spire (QoL Compilation)","Permanent Neow","Relic Stats","Shop Mod","StSLib","The Alterego","Uncapped","Unceasing Turn Reminder"],"gold_per_floor":[110,110,125,125,140,151,176,176,195,212,212,28,28,68,68,68,83,97,97,225,225,250,263,287,287,287,287,320,126,126,140,140,140,215,554,575,575,575,588,588,718,718,737,373,388,404,404,51,89,89,133,154,154,154,154,193,0,44,62,62,62,62,62,51,86,86],"floor_reached":67,"language":"ENG","playtime":4334,"items_purged":["alterego_mod:Impale","Bite"],"score":2122,"play_id":"c9925f40-68a0-4286-8bae-095791b5e121","local_time":"20210203234153","is_ascension_mode":true,"campfire_choices":[{"data":"alterego_mod:SakuraLabyrinth","floor":8,"key":"SMITH"},{"data":"alterego_mod:TrashNCrash","floor":16,"key":"SMITH"},{"data":"alterego_mod:Table","floor":19,"key":"SMITH"},{"data":"alterego_mod:BrynhildrsRune","floor":27,"key":"SMITH"},{"data":"alterego_mod:RocketPunch","floor":30,"key":"SMITH"},{"data":"alterego_mod:SideboobHour","floor":37,"key":"SMITH"},{"data":"alterego_mod:RocketPunch","floor":40,"key":"SMITH"},{"data":"Apotheosis","floor":50,"key":"SMITH"},{"floor":55,"key":"RECALL"},{"data":"alterego_mod:PresenceConcealment","floor":60,"key":"SMITH"},{"data":"alterego_mod:Palingenesis","floor":63,"key":"SMITH"}],"circlet_count":0,"master_deck":["AscendersBane","alterego_mod:Defend+1","alterego_mod:Defend","alterego_mod:Defend","alterego_mod:BigMeatyClaws+1","alterego_mod:BrynhildrsRune+1","Flash of Steel+1","alterego_mod:RocketPunch+1","alterego_mod:SakuraLabyrinth+1","alterego_mod:Table+1","alterego_mod:RocketPunch+1","alterego_mod:TrashNCrash+1","alterego_mod:SideboobHour+1","alterego_mod:ChallengeComplete+1","Bite","Bite","Bite","Bite","alterego_mod:Vow","alterego_mod:Nekomimi","alterego_mod:DeftHands+1","alterego_mod:IndependentAction","alterego_mod:Palingenesis+1","Apotheosis+1","Mayhem","alterego_mod:Birthday+1","alterego_mod:PainIsPleasure","alterego_mod:DeftHands+1","alterego_mod:PresenceConcealment+1","alterego_mod:Punishment","alterego_mod:STier"],"relics":["alterego_mod:MasochisticConstitution","Odd Mushroom","FossilizedHelix","Membership Card","Golden Idol","Bottled Flame","Coffee Dripper","alterego_mod:SomeoneToFightFor","Pear","PreservedInsect","Medical Kit","HornCleat","Pocketwatch","Old Coin","War Paint","Busted Crown","ClockworkSouvenir","Lantern","Bottled Lightning","Question Card","Strawberry","alterego_mod:SistersRibbon","Akabeko","Whetstone","Kunai","Letter Opener","Red Mask","Vajra","Blood Vial"],"acts_visited":["Exordium","TheCity","TheBeyond","TheEnding"],"potions_floor_usage":[18,28,35,66,66],"damage_taken":[{"damage":4,"enemies":"Jaw Worm","floor":1,"turns":8},{"damage":1,"enemies":"2 Louse","floor":3,"turns":7},{"damage":4,"enemies":"Small Slimes","floor":5,"turns":6},{"damage":33,"enemies":"Gremlin Gang","floor":6,"turns":10},{"damage":32,"enemies":"The Mushroom Lair","floor":7,"turns":7},{"damage":31,"enemies":"Exordium Wildlife","floor":9,"turns":9},{"damage":10,"enemies":"Blue Slaver","floor":10,"turns":6},{"damage":0,"enemies":"Lagavulin","floor":14,"turns":6},{"damage":13,"enemies":"Gremlin Gang","floor":17,"turns":8},{"damage":3,"enemies":"Exordium Thugs","floor":18,"turns":6},{"damage":22,"enemies":"Hexaghost","floor":20,"turns":8},{"damage":15,"enemies":"Shell Parasite","floor":22,"turns":5},{"damage":14,"enemies":"Spheric Guardian","floor":23,"turns":6},{"damage":4,"enemies":"Cultist and Chosen","floor":24,"turns":9},{"damage":64,"enemies":"Gremlin Leader","floor":28,"turns":6},{"damage":9,"enemies":"Centurion and Healer","floor":31,"turns":6},{"damage":21,"enemies":"Slavers","floor":35,"turns":5},{"damage":0,"enemies":"Snake Plant","floor":36,"turns":6},{"damage":6,"enemies":"Chosen and Byrds","floor":39,"turns":3},{"damage":22,"enemies":"Automaton","floor":41,"turns":9},{"damage":0,"enemies":"Orb Walker","floor":43,"turns":3},{"damage":0,"enemies":"3 Shapes","floor":45,"turns":5},{"damage":4,"enemies":"Maw","floor":46,"turns":6},{"damage":0,"enemies":"Reptomancer","floor":49,"turns":2},{"damage":35,"enemies":"Nemesis","floor":51,"turns":5},{"damage":0,"enemies":"4 Shapes","floor":52,"turns":4},{"damage":0,"enemies":"Giant Head","floor":56,"turns":7},{"damage":49,"enemies":"Reptomancer","floor":58,"turns":5},{"damage":0,"enemies":"Sphere and 2 Shapes","floor":59,"turns":5},{"damage":15,"enemies":"Donu and Deca","floor":61,"turns":6},{"damage":28,"enemies":"Shield and Spear","floor":65,"turns":4},{"damage":53,"enemies":"The Heart","floor":66,"turns":8}],"seed_played":"8911675247105056625","potions_obtained":[{"floor":5,"key":"Energy Potion"},{"floor":9,"key":"PowerPotion"},{"floor":18,"key":"Block Potion"},{"floor":23,"key":"DuplicationPotion"},{"floor":28,"key":"Energy Potion"},{"floor":35,"key":"EssenceOfSteel"}],"is_trial":false,"path_per_floor":["M","?","M","?","M","M","?","R","M","M","T","$","?","E","?","R","M","M","R","B",null,"M","M","M","?","?","R","E","$","R","M","T","T","?","E","M","R","?","M","R","B",null,"M","$","M","M","?","$","E","R","E","M","T","T","R","E","?","E","M","R","B",null,"R","$","E","B",null],"character_chosen":"The_Alterego","items_purchased":["Membership Card","PreservedInsect","Medical Kit","ClockworkSouvenir","Lantern","Apotheosis","Bottled Lightning","Question Card","Strawberry","alterego_mod:SistersRibbon","Mayhem","alterego_mod:Punishment"],"campfire_rested":0,"item_purchase_floors":[12,29,29,44,44,44,44,48,48,48,48,64],"current_hp_per_floor":[67,72,77,77,78,67,50,50,27,25,25,25,25,32,32,32,41,53,53,32,67,60,54,65,57,57,57,17,17,17,47,47,47,41,52,70,70,70,71,71,69,71,72,72,72,73,69,76,76,76,59,74,74,74,74,77,77,29,58,58,74,78,78,78,80,81],"gold":86,"neow_bonus":"RANDOM_COLORLESS","is_daily":false,"chose_seed":false,"campfire_upgraded":10,"win_rate":0.0,"timestamp":1612417313,"path_taken":["M","?","M","?","M","M","?","R","M","?","T","$","?","E","?","R","?","M","R","BOSS","M","M","M","?","?","R","E","$","R","M","T","T","?","E","?","R","?","M","R","BOSS","M","$","M","M","?","$","E","R","E","M","T","T","R","E","?","E","M","R","BOSS","R","$","E","BOSS"],"items_purchased_type":["Relic","Relic","Relic","Relic","Relic","Card","Relic","Relic","Relic","Relic","Card","Card"],"build_version":"2020-12-22","purchased_purges":2,"victory":true,"max_hp_per_floor":[71,76,77,77,78,79,80,80,81,82,82,82,76,76,76,76,77,78,78,79,79,80,81,82,57,57,57,68,68,68,69,69,69,69,70,70,70,70,71,71,72,72,72,72,72,73,69,76,76,76,77,77,77,77,77,77,77,78,78,78,79,79,79,79,80,81],"relic_stats":{"counters":[32,196],"Golden Idol":213,"PreservedInsect":422,"Whetstone":["Flash of Steel","alterego_mod:DeftHands"],"Letter Opener":[48],"War Paint":["alterego_mod:BigMeatyClaws","alterego_mod:Defend"],"Medical Kit":[1],"Question Card":7,"Blood Vial":0,"Busted Crown":20,"Kunai":[28],"obtain_stats":[{"Lantern":44,"Vajra":58,"Whetstone":51,"alterego_mod:SomeoneToFightFor":26,"Old Coin":35,"ClockworkSouvenir":44,"Blood Vial":65,"HornCleat":32,"Strawberry":48,"Red Mask":57,"alterego_mod:SistersRibbon":48,"Kunai":53,"alterego_mod:MasochisticConstitution":0,"Pear":28,"Golden Idol":13,"PreservedInsect":29,"Letter Opener":56,"Odd Mushroom":7,"War Paint":38,"Medical Kit":29,"Question Card":48,"Akabeko":49,"Bottled Flame":14,"Busted Crown":42,"Coffee Dripper":21,"Membership Card":12,"Bottled Lightning":44,"FossilizedHelix":11,"Pocketwatch":33},{"Lantern":21,"Vajra":28,"Whetstone":25,"alterego_mod:SomeoneToFightFor":14,"Old Coin":17,"ClockworkSouvenir":21,"Blood Vial":31,"HornCleat":16,"Strawberry":23,"Red Mask":27,"alterego_mod:SistersRibbon":23,"Kunai":26,"alterego_mod:MasochisticConstitution":0,"Pear":15,"Golden Idol":7,"PreservedInsect":15,"Letter Opener":27,"Odd Mushroom":5,"War Paint":18,"Medical Kit":15,"Question Card":23,"Akabeko":24,"Bottled Flame":8,"Busted Crown":20,"Coffee Dripper":11,"Membership Card":7,"Bottled Lightning":21,"FossilizedHelix":7,"Pocketwatch":16},{"Lantern":139,"Vajra":173,"Whetstone":157,"alterego_mod:SomeoneToFightFor":101,"Old Coin":118,"ClockworkSouvenir":139,"Blood Vial":188,"HornCleat":113,"Strawberry":150,"Red Mask":168,"alterego_mod:SistersRibbon":150,"Kunai":161,"alterego_mod:MasochisticConstitution":0,"Pear":107,"Golden Idol":53,"PreservedInsect":107,"Letter Opener":168,"Odd Mushroom":38,"War Paint":124,"Medical Kit":107,"Question Card":150,"Akabeko":152,"Bottled Flame":59,"Busted Crown":136,"Coffee Dripper":81,"Membership Card":53,"Bottled Lightning":139,"FossilizedHelix":53,"Pocketwatch":113}],"Pocketwatch":[30]},"card_choices":[{"not_picked":["Forethought","Good Instincts"],"picked":"Flash of Steel","floor":0},{"not_picked":["alterego_mod:Birthday","alterego_mod:TrashNCrash"],"picked":"alterego_mod:RocketPunch","floor":1},{"not_picked":["alterego_mod:Jiggle","alterego_mod:Skirt"],"picked":"alterego_mod:SakuraLabyrinth","floor":3},{"not_picked":["alterego_mod:PerceptionDisorder","alterego_mod:SakuraLabyrinth"],"picked":"alterego_mod:Table","floor":5},{"not_picked":["alterego_mod:Undulate","alterego_mod:Maid"],"picked":"alterego_mod:RocketPunch","floor":6},{"not_picked":["alterego_mod:Undulate","alterego_mod:Valentines","alterego_mod:1TonWallop"],"picked":"SKIP","floor":9},{"not_picked":["alterego_mod:BoobPocket","alterego_mod:DiscoLights"],"picked":"alterego_mod:TrashNCrash","floor":10},{"not_picked":["alterego_mod:Rip","alterego_mod:SuperDuperMasochism","alterego_mod:BustOut"],"picked":"SKIP","floor":14},{"not_picked":["alterego_mod:Undulate","alterego_mod:TrashNCrash","alterego_mod:Pet"],"picked":"SKIP","floor":17},{"not_picked":["alterego_mod:Pet","alterego_mod:DestructionOfProperty","alterego_mod:BeGentle"],"picked":"SKIP","floor":18},{"not_picked":["alterego_mod:RingBreak","alterego_mod:Antipathy"],"picked":"alterego_mod:SideboobHour","floor":20},{"not_picked":["alterego_mod:Undulate+1","alterego_mod:Skirt+1"],"picked":"alterego_mod:ChallengeComplete+1","floor":22},{"not_picked":["alterego_mod:Undulate","alterego_mod:Cycle","alterego_mod:Cooking"],"picked":"SKIP","floor":23},{"not_picked":["alterego_mod:Cycle","alterego_mod:Rip","alterego_mod:Schoolgirl"],"picked":"SKIP","floor":24},{"not_picked":["alterego_mod:Collar","alterego_mod:Mirror"],"picked":"alterego_mod:Vow","floor":28},{"not_picked":["alterego_mod:Cooking+1","alterego_mod:Jiggle","alterego_mod:1TonWallop"],"picked":"SKIP","floor":31},{"not_picked":["alterego_mod:Punishment","alterego_mod:PainIsPleasure"],"picked":"alterego_mod:Nekomimi","floor":35},{"not_picked":["alterego_mod:Jiggle","alterego_mod:GachaTicket"],"picked":"alterego_mod:DeftHands","floor":36},{"not_picked":["alterego_mod:PerceptionDisorder+1","alterego_mod:Complex"],"picked":"alterego_mod:IndependentAction","floor":39},{"not_picked":["alterego_mod:Valkyrie","alterego_mod:TrickOrTreatment"],"picked":"alterego_mod:Palingenesis","floor":41},{"not_picked":["alterego_mod:GoddessCore+1"],"picked":"SKIP","floor":43},{"not_picked":["alterego_mod:DiscoLights"],"picked":"SKIP","floor":45},{"not_picked":["alterego_mod:Clap"],"picked":"SKIP","floor":46},{"not_picked":["alterego_mod:Pet+1"],"picked":"alterego_mod:Birthday+1","floor":49},{"not_picked":["alterego_mod:Santa+1","alterego_mod:Skirt+1"],"picked":"SKIP","floor":51},{"not_picked":["alterego_mod:Rip"],"picked":"alterego_mod:PainIsPleasure","floor":52},{"not_picked":["alterego_mod:Exercise","alterego_mod:BiFurious"],"picked":"SKIP","floor":56},{"not_picked":["alterego_mod:Skirt+1"],"picked":"alterego_mod:DeftHands+1","floor":58},{"not_picked":["alterego_mod:Swimsuit+1"],"picked":"alterego_mod:PresenceConcealment","floor":59},{"not_picked":["alterego_mod:DeftHands+1"],"picked":"alterego_mod:STier","floor":65}],"player_experience":396452,"relics_obtained":[{"floor":7,"key":"Odd Mushroom"},{"floor":11,"key":"FossilizedHelix"},{"floor":14,"key":"Bottled Flame"},{"floor":28,"key":"Pear"},{"floor":32,"key":"HornCleat"},{"floor":33,"key":"Pocketwatch"},{"floor":35,"key":"Old Coin"},{"floor":49,"key":"Akabeko"},{"floor":51,"key":"Whetstone"},{"floor":53,"key":"Kunai"},{"floor":56,"key":"Letter Opener"},{"floor":58,"key":"Vajra"},{"floor":65,"key":"Blood Vial"}],"event_choices":[{"damage_healed":0,"gold_gain":0,"player_choice":"Donut","damage_taken":0,"max_hp_gain":5,"max_hp_loss":0,"event_name":"Big Fish","floor":2,"gold_loss":0},{"damage_healed":0,"gold_gain":0,"player_choice":"Fought Mushrooms","damage_taken":0,"max_hp_gain":0,"max_hp_loss":0,"event_name":"Mushrooms","floor":7,"gold_loss":0},{"damage_healed":0,"gold_gain":0,"player_choice":"Lose Max HP","damage_taken":0,"relics_obtained":["Golden Idol"],"max_hp_gain":0,"max_hp_loss":6,"event_name":"Golden Idol","floor":13,"gold_loss":0},{"cards_removed":["alterego_mod:Defend"],"damage_healed":0,"gold_gain":0,"player_choice":"Card Removal","damage_taken":0,"max_hp_gain":0,"max_hp_loss":0,"event_name":"Wheel of Change","floor":15,"gold_loss":0},{"damage_healed":0,"gold_gain":0,"player_choice":"Became a vampire","damage_taken":0,"max_hp_gain":0,"max_hp_loss":25,"event_name":"Vampires","floor":25,"gold_loss":0,"cards_obtained":["Bite","Bite","Bite","Bite","Bite"]},{"damage_healed":0,"gold_gain":0,"player_choice":"Choice 2","damage_taken":0,"relics_obtained":["alterego_mod:SomeoneToFightFor"],"max_hp_gain":0,"max_hp_loss":0,"event_name":"Secret Garden","floor":26,"gold_loss":0},{"damage_healed":0,"gold_gain":75,"player_choice":"Touch","damage_taken":6,"max_hp_gain":0,"max_hp_loss":0,"event_name":"FaceTrader","floor":34,"gold_loss":0},{"damage_healed":0,"gold_gain":0,"player_choice":"Opened","damage_taken":0,"relics_obtained":["War Paint"],"max_hp_gain":0,"max_hp_loss":0,"event_name":"The Mausoleum","floor":38,"gold_loss":0},{"damage_healed":0,"gold_gain":0,"player_choice":"Max HP","damage_taken":0,"max_hp_gain":0,"max_hp_loss":4,"event_name":"Winding Halls","floor":47,"gold_loss":0},{"damage_healed":0,"gold_gain":0,"player_choice":"Paid","damage_taken":0,"relics_obtained":["Red Mask"],"max_hp_gain":0,"max_hp_loss":0,"event_name":"Tomb of Lord Red Mask","floor":57,"gold_loss":193}],"is_beta":false,"boss_relics":[{"not_picked":["Tiny House","Fusion Hammer"],"picked":"Coffee Dripper"},{"not_picked":["Velvet Choker","SlaversCollar"],"picked":"Busted Crown"}],"items_purged_floors":[12,29],"is_endless":false,"potions_floor_spawned":[5,9,10,18,20,23,28,31,35,36,43,46,52,56,58,59],"ascension_level":11}}