{"host":"5rycm1ajjg5acc5q","time":1612407313,"event":{"mods":["BaseMod","Better Third Choice","Downfall","Highlight Path","Infinite Spire","Minty Spire (QoL Compilation)","Replay The Spire","StSLib"],"gold_per_floor":[113,113,133,133,147,177,177,252,252,267,267,40,72,86,86,182,182,197,42,61,160,160,190,203,221,221,221,236,236,102,117,117,218,318,328,328,328,339,339,339,366,366,366,379,379,390,390,422,422,422],"floor_reached":51,"language":"ENG","playtime":8987,"items_purged":["Decay","downfall:Bewildered"],"score":610,"play_id":"1b3150e9-f0cc-4bbe-b277-64327d6a3f33","local_time":"20210203205513","is_ascension_mode":false,"campfire_choices":[{"data":"Fission","floor":7.0,"key":"SMITH"},{"data":"Redo","floor":15.0,"key":"SMITH"},{"floor":29.0,"key":"REST"},{"floor":32.0,"key":"DIG"},{"data":"infinitespire:Gouge","floor":40,"key":"SMITH"},{"data":"Scrape","floor":42,"key":"SMITH"},{"floor":47,"key":"REST"},{"data":"Mirror Shield","floor":49,"key":"SMITH"}],"circlet_count":0,"master_deck":["Strike_B","Strike_B","Strike_B","Strike_B","Defend_B","Defend_B","Defend_B","Defend_B","Zap+1","Dualcast+1","Streamline","Storm","Fission+1","Panic Button","Scrape+1","Redo+1","Hologram","Mirror Shield+1","Coolheaded","All For One+1","Streamline","White Noise+1","Electrodynamics","Coolheaded","Crystallizer+1","Beam Cell","Storm","ReplayRNGCard","Creative AI","Capacitor+1","infinitespire:Gouge+1","Madness","Madness","Melter+1","Consume+1","Creative AI","Swift Strike","Electrodynamics","Parasite","BasicCrystalCard","Streamline"],"relics":["Cracked Core","Onion Ring","Replay:Antivirus Software","infinitespire:Freezer","Peace Pipe","Black Star","sneckomod:BabySnecko","Replay:Mystery Machine","Replay:Accelerometer","Letter Opener","Ring of Peace","Ring of Shattering","StoneCalendar","Replay:Wanted Poster","Pen Nib","infinitespire:Lucky Rock","Oddly Smooth Stone","Regal Pillow","Pocketwatch","ReplayTheSpireMod:Lightbulb"],"acts_visited":["Exordium","TheCity","TheBeyond"],"potions_floor_usage":[41,50],"damage_taken":[{"damage":1.0,"enemies":"Cultist","floor":1.0,"turns":3.0},{"damage":6.0,"enemies":"Jaw Worm","floor":3.0,"turns":3.0},{"damage":0.0,"enemies":"Small Slimes","floor":5.0,"turns":2.0},{"damage":3.0,"enemies":"Lagavulin","floor":6.0,"turns":7.0},{"damage":8.0,"enemies":"Red Slaver","floor":10.0,"turns":2.0},{"damage":0.0,"enemies":"Gremlin Nob","floor":13.0,"turns":2.0},{"damage":9.0,"enemies":"Exordium Wildlife","floor":14.0,"turns":2.0},{"damage":40.0,"enemies":"The Guardian","floor":16.0,"turns":11.0},{"damage":0.0,"enemies":"Chosen","floor":18.0,"turns":6.0},{"damage":14.0,"enemies":"Spheric Guardian","floor":20.0,"turns":4.0},{"damage":16.0,"enemies":"Gremlin Leader","floor":23.0,"turns":6.0},{"damage":23.0,"enemies":"Centurion and Healer","floor":24.0,"turns":6.0},{"damage":33.0,"enemies":"Snecko","floor":25.0,"turns":5.0},{"damage":0.0,"enemies":"Snake Plant","floor":28.0,"turns":2.0},{"damage":0.0,"enemies":"3 Cultists","floor":31.0,"turns":1.0},{"damage":19.0,"enemies":"Collector","floor":33.0,"turns":8.0},{"damage":7.0,"enemies":"3 Shapes","floor":35.0,"turns":3.0},{"damage":12,"enemies":"3 Darklings","floor":38,"turns":3},{"damage":26,"enemies":"Giant Head","floor":41,"turns":8},{"damage":1,"enemies":"Sphere and 2 Shapes","floor":44,"turns":2},{"damage":9,"enemies":"Writhing Mass","floor":46,"turns":4},{"damage":6,"enemies":"R_Hoarder","floor":48,"turns":7},{"damage":14,"enemies":"Replay:Hell Engine","floor":50,"turns":8}],"seed_played":"9175274482896771306","potions_obtained":[{"floor":1.0,"key":"Strength Potion"},{"floor":5.0,"key":"Weak Potion"},{"floor":6.0,"key":"champ:CounterPotion"},{"floor":10.0,"key":"Fruit Juice"},{"floor":20.0,"key":"Energy Potion"},{"floor":25.0,"key":"Elixir"},{"floor":28.0,"key":"champ:CounterPotion"},{"floor":31.0,"key":"Toxic Potion"},{"floor":41,"key":"Fruit Juice"},{"floor":46,"key":"SmokeBomb"},{"floor":48,"key":"GamblersBrew"}],"is_trial":false,"path_per_floor":["M","?","M","?","M","E","R","?","T","M","?","$","E","M","R","B",null,"M","$","M","?","?","E","M","M","T","?","M","R","$","M","R","B",null,"M","AVR","?","M","?","R","E","R","T","M","?","M","R","E","R","B",null],"character_chosen":"DEFECT","items_purchased":["infinitespire:Freezer","All For One+1","Streamline","Storm"],"campfire_rested":2,"item_purchase_floors":[12,19,19,30],"current_hp_per_floor":[81,81,75,75,75,72,72,64,64,61,61,61,61,52,52,12,87,87,87,73,73,73,57,34,1,1,1,1,27,27,27,27,8,87,80,80,69,57,57,57,36,36,36,35,35,26,68,62,62,48],"gold":422,"neow_bonus":"TEN_PERCENT_HP_BONUS","is_daily":false,"chose_seed":false,"campfire_upgraded":5,"win_rate":0.0,"timestamp":1612407313,"path_taken":["M","?","M","?","M","E","R","?","T","?","?","$","E","M","R","BOSS","M","?","M","?","?","E","M","M","T","?","M","R","?","M","R","BOSS","M","AVR","?","M","?","R","E","R","T","?","?","M","R","E","R","BOSS"],"items_purchased_type":["Relic","Card","Card","Card"],"build_version":"2020-12-22","purchased_purges":2,"victory":true,"max_hp_per_floor":[82,82,82,82,82,82,82,82,82,87,87,87,87,87,87,87,87,87,87,87,87,87,87,87,87,87,87,87,87,87,87,87,87,87,87,87,87,87,87,87,92,92,92,92,92,92,92,92,92,92],"card_choices":[{"not_picked":["Compile Driver","Barrage"],"picked":"Streamline","floor":1.0},{"not_picked":["Force Field","Ball Lightning"],"picked":"Storm","floor":3.0},{"not_picked":["Go for the Eyes","Coolheaded"],"picked":"Fission","floor":5.0},{"not_picked":["Beam Cell","Reinforced Body"],"picked":"Panic Button","floor":6.0},{"not_picked":["Ball Lightning","Coolheaded"],"picked":"Scrape","floor":10.0},{"not_picked":["Stack","Amplify"],"picked":"Redo","floor":13.0},{"not_picked":["Conserve Battery","ReplayTheSpireMod:GoodbyeWorld"],"picked":"Hologram","floor":14.0},{"not_picked":["Fission","ReplayTheSpireMod:Omega Cannon"],"picked":"Mirror Shield","floor":16.0},{"not_picked":["Rip and Tear","Stack"],"picked":"Coolheaded","floor":18.0},{"not_picked":["Leap","Go for the Eyes+1"],"picked":"White Noise+1","floor":20.0},{"not_picked":["Conserve Battery+1","White Noise"],"picked":"Electrodynamics","floor":23.0},{"not_picked":["Stack","Steam"],"picked":"Coolheaded","floor":24.0},{"not_picked":["Steam","Redo"],"picked":"Crystallizer+1","floor":25.0},{"not_picked":["Ball Lightning","Loop"],"picked":"Beam Cell","floor":28.0},{"not_picked":["Coolheaded","Cold Snap"],"picked":"ReplayRNGCard","floor":31.0},{"not_picked":["Reboot","Electrodynamics"],"picked":"Creative AI","floor":33.0},{"not_picked":["Coolheaded+1","Ball Lightning"],"picked":"Capacitor+1","floor":35.0},{"not_picked":["Double Energy","Conserve Battery+1"],"picked":"Melter+1","floor":38},{"not_picked":["Conserve Battery+1","Hologram"],"picked":"Consume+1","floor":41},{"not_picked":["Stack+1","Coolheaded"],"picked":"Creative AI","floor":44},{"not_picked":["Stack+1","Leap"],"picked":"BasicCrystalCard","floor":46},{"not_picked":["Conserve Battery+1","BasicCrystalCard+1"],"picked":"Streamline","floor":48}],"player_experience":134721,"relics_obtained":[{"floor":6.0,"key":"Onion Ring"},{"floor":9.0,"key":"Replay:Antivirus Software"},{"floor":13.0,"key":"Peace Pipe"},{"floor":23.0,"key":"Replay:Mystery Machine"},{"floor":23.0,"key":"Replay:Accelerometer"},{"floor":26.0,"key":"Letter Opener"},{"floor":27.0,"key":"Ring of Peace"},{"floor":27.0,"key":"Ring of Shattering"},{"floor":32.0,"key":"StoneCalendar"},{"floor":41,"key":"infinitespire:Lucky Rock"},{"floor":41,"key":"Oddly Smooth Stone"},{"floor":43,"key":"Regal Pillow"},{"floor":48,"key":"Pocketwatch"},{"floor":48,"key":"ReplayTheSpireMod:Lightbulb"}],"event_choices":[{"damage_healed":0.0,"max_hp_gain":0.0,"max_hp_loss":0.0,"gold_gain":75.0,"event_name":"FaceTrader","player_choice":"Touch","floor":8.0,"gold_loss":0.0,"damage_taken":8.0},{"damage_healed":0.0,"max_hp_gain":0.0,"max_hp_loss":0.0,"gold_gain":0.0,"event_name":"Wheel of Change","player_choice":"Cursed","floor":11.0,"gold_loss":0.0,"damage_taken":0.0,"cards_obtained":["Decay"]},{"damage_healed":0.0,"max_hp_gain":0.0,"max_hp_loss":0.0,"gold_gain":99.0,"event_name":"betterThird:BetterNest","player_choice":"Steal","floor":21.0,"gold_loss":0.0,"damage_taken":0.0},{"damage_healed":0.0,"max_hp_gain":0.0,"max_hp_loss":0.0,"gold_gain":0.0,"event_name":"Winding Halls","player_choice":"Embrace Madness","floor":37.0,"gold_loss":0.0,"damage_taken":11.0,"cards_obtained":["Madness","Madness"]},{"cards_removed":["infinitespire:SealOfDarkness"],"damage_healed":5,"gold_gain":0,"player_choice":"Offered Special","damage_taken":0,"max_hp_gain":0,"max_hp_loss":0,"event_name":"Bonfire Elementals","floor":39,"gold_loss":0},{"damage_healed":0,"gold_gain":0,"player_choice":"2 cards matched","damage_taken":0,"max_hp_gain":0,"max_hp_loss":0,"event_name":"Match and Keep!","floor":45,"gold_loss":0,"cards_obtained":["Swift Strike","Electrodynamics"]}],"is_beta":false,"boss_relics":[{"not_picked":["Tiny House","Calling Bell"],"picked":"Black Star"},{"not_picked":["Runic Dome","FrozenCore"],"picked":"Replay:Wanted Poster"}],"items_purged_floors":[12,30],"is_endless":false,"potions_floor_spawned":[1,5,6,10,20,25,28,31,41,46,48],"ascension_level":0}}