{"host":"th1rgt4ohg3ajuw6","time":1612480095,"event":{"mods":["Act Like it!","BaseMod","Downfall","GifTheSpireLib","Minty Spire (QoL Compilation)","Pale of the Ancients","Shop Mod","StSLib","Stuff the Spire","Yuri Mod"],"gold_per_floor":[110,142,168,202,230,276,276,306,306,306,306,318,359,403,415,537,549,591,603,646,287,318,318,361,181,181,181,181,230,263,60,60,191,191,225,4,4,4,33,48,48],"floor_reached":40,"language":"ENG","playtime":5268,"items_purged":[],"score":417,"play_id":"22379450-36cf-494e-b59a-8345ec08707b","local_time":"20210204150815","is_ascension_mode":false,"campfire_choices":[{"data":"yuri:Oolong","floor":7.0,"key":"SMITH"},{"data":"yuri:GlitchedStrike","floor":10.0,"key":"SMITH"},{"floor":15.0,"key":"REST"},{"data":"Magnetism","floor":23.0,"key":"SMITH"},{"floor":28.0,"key":"REST"},{"floor":32.0,"key":"REST"}],"circlet_count":0,"master_deck":["yuri:yuriStrike","yuri:yuriStrike","yuri:yuriStrike","yuri:yuriStrike","yuri:yuriDefend","yuri:yuriDefend","yuri:yuriDefend","yuri:yuriDefend","yuri:yuriDefend","yuri:Oolong+1","yuri:yuriStab","yuri:StealPen","yuri:SturdyUniform+1","yuri:DebugCard","yuri:InduceGlitch","yuri:GlitchedStrike+1","yuri:SturdyUniform","yuri:ThornRemove","yuri:DistillInsanity","yuri:yuriHeavyStrike","yuri:NoEscape","yuri:Stare+1","yuri:BookPurple+1","yuri:TeaSet","yuri:StealPen","Magnetism+1","Swift Strike","yuri:SturdyUniform","yuri:ArmBrace+1","StuffTheSpire:Ambrosia","Shame","Necronomicurse","yuri:Stalk","yuri:ChibiInvasion","yuri:ThrowingKnives","yuri:JumpScare","yuri:BookRed+1","yuri:Stalk+1","yuri:ExploitStrike","yuri:Parry","Flash of Steel","yuri:Spin+1"],"relics":["yuri:yuriKnife","Juzu Bracelet","Pocketwatch","MawBank","Cursed Key","StuffTheSpire:Tea","Bottled Lightning","Necronomicon","StuffTheSpire:HeavyRock","yuri:BookOfBooks"],"acts_visited":["Exordium","TheCity","TheBeyond"],"potions_floor_usage":[40],"damage_taken":[{"damage":1.0,"enemies":"Cultist","floor":1.0,"turns":3.0},{"damage":1.0,"enemies":"2 Louse","floor":2.0,"turns":4.0},{"damage":4.0,"enemies":"Jaw Worm","floor":3.0,"turns":4.0},{"damage":10.0,"enemies":"Exordium Wildlife","floor":4.0,"turns":7.0},{"damage":3.0,"enemies":"Blue Slaver","floor":5.0,"turns":5.0},{"damage":15.0,"enemies":"Lagavulin","floor":6.0,"turns":6.0},{"damage":3.0,"enemies":"Large Slime","floor":8.0,"turns":6.0},{"damage":7.0,"enemies":"Red Slaver","floor":13.0,"turns":3.0},{"damage":8.0,"enemies":"Gremlin Gang","floor":14.0,"turns":7.0},{"damage":15.0,"enemies":"The Guardian","floor":16.0,"turns":7.0},{"damage":3.0,"enemies":"Shell Parasite","floor":18.0,"turns":5.0},{"damage":14.0,"enemies":"Spheric Guardian","floor":20.0,"turns":6.0},{"damage":2.0,"enemies":"Snake Plant","floor":22.0,"turns":4.0},{"damage":14.0,"enemies":"Shelled Parasite and Fungi","floor":24.0,"turns":5.0},{"damage":2.0,"enemies":"Sentry and Sphere","floor":29.0,"turns":8.0},{"damage":12.0,"enemies":"Snecko","floor":30.0,"turns":4.0},{"damage":68.0,"enemies":"Collector","floor":33.0,"turns":11.0},{"damage":1.0,"enemies":"3 Shapes","floor":35.0,"turns":6.0},{"damage":39.0,"enemies":"3 Darklings","floor":39.0,"turns":8.0},{"damage":78,"enemies":"Nemesis","floor":40,"turns":5}],"seed_played":"-3680824311651972736","potions_obtained":[{"floor":2.0,"key":"hexamod:SoulburnPotion"},{"floor":3.0,"key":"sneckomod:MuddlingPotion"},{"floor":6.0,"key":"ColorlessPotion"},{"floor":13.0,"key":"hexamod:SoulburnPotion"},{"floor":16.0,"key":"Block Potion"},{"floor":24.0,"key":"ColorlessPotion"},{"floor":30.0,"key":"LiquidBronze"},{"floor":33.0,"key":"PowerPotion"},{"floor":35.0,"key":"Swift Potion"}],"is_trial":false,"path_per_floor":["M","M","M","M","M","E","R","M","T","R","T","?","M","M","R","B",null,"M","?","M","$","M","R","M","?","T","?","R","M","M","$","R","B",null,"M","$","?","?","M","E"],"character_chosen":"YURI","items_purchased":["yuri:TeaSet","yuri:StealPen","Magnetism","Swift Strike","StuffTheSpire:HeavyRock","yuri:ThrowingKnives","yuri:ExploitStrike","yuri:Parry"],"campfire_rested":3,"item_purchase_floors":[21,21,21,21,31,31,36,36],"current_hp_per_floor":[87,86,82,76,77,66,66,70,70,70,70,70,63,62,88,80,88,85,85,71,71,76,76,69,69,69,53,79,85,74,74,90,30,91,92,92,92,92,68,0,0],"gold":48,"neow_bonus":"TEN_PERCENT_HP_BONUS","is_daily":false,"chose_seed":false,"campfire_upgraded":3,"win_rate":0.0,"timestamp":1612480095,"path_taken":["M","?","M","M","M","E","R","M","T","R","?","?","M","M","R","BOSS","M","?","M","$","M","R","M","?","T","?","R","M","M","$","R","BOSS","M","$","?","?","M","E"],"items_purchased_type":["Card","Card","Card","Card","Relic","Card","Card","Card"],"build_version":"2020-12-22","purchased_purges":0,"victory":false,"max_hp_per_floor":[88,88,88,88,88,88,88,88,88,88,88,88,88,88,88,88,88,88,88,88,88,88,88,88,88,88,88,88,89,90,90,90,91,91,92,92,92,92,93,94,94],"card_choices":[{"not_picked":["yuri:MPose","yuri:ThrowingKnives"],"picked":"yuri:StealPen","floor":1.0},{"not_picked":["yuri:AdaptiveAI","yuri:DejaVu"],"picked":"yuri:SturdyUniform","floor":2.0},{"not_picked":["yuri:RepairCode","yuri:NerfBat"],"picked":"yuri:DebugCard","floor":3.0},{"not_picked":["yuri:ThrowingKnives","yuri:TPose"],"picked":"yuri:InduceGlitch","floor":4.0},{"not_picked":["yuri:Stalk","yuri:MPose"],"picked":"yuri:GlitchedStrike","floor":5.0},{"not_picked":["yuri:Skip","yuri:InduceGlitch"],"picked":"yuri:SturdyUniform","floor":6.0},{"not_picked":["yuri:ReloadGame","yuri:yuriQuickStrike"],"picked":"yuri:ThornRemove","floor":8.0},{"not_picked":["yuri:DebugCard","yuri:RecklessStrike"],"picked":"yuri:DistillInsanity","floor":13.0},{"not_picked":["yuri:MPose","yuri:ThrowBook"],"picked":"yuri:yuriHeavyStrike","floor":14.0},{"not_picked":["yuri:DisableStrike","yuri:RelentlessStrikes"],"picked":"yuri:NoEscape","floor":16.0},{"not_picked":["yuri:yuriHeavyStrike","yuri:HeavierStrike"],"picked":"yuri:Stare+1","floor":18.0},{"not_picked":["yuri:WickedSlash+1","yuri:Skip"],"picked":"yuri:BookPurple+1","floor":20.0},{"not_picked":["yuri:BookGreen","yuri:ReactiveMadness"],"picked":"yuri:SturdyUniform","floor":22.0},{"not_picked":["yuri:NerfBat","yuri:SturdyUniform"],"picked":"yuri:ArmBrace+1","floor":24.0},{"not_picked":["yuri:DeepBreathing+1","yuri:Stare"],"picked":"yuri:Stalk","floor":29.0},{"not_picked":["yuri:TPose","yuri:DejaVu+1"],"picked":"yuri:ChibiInvasion","floor":30.0},{"not_picked":["yuri:DistillInsanity","yuri:Virus"],"picked":"yuri:JumpScare","floor":33.0},{"not_picked":["yuri:BookGreen+1","yuri:BookBlue+1","yuri:BookPurple+1"],"picked":"yuri:BookRed+1","floor":34.0},{"not_picked":["yuri:Skip","yuri:DebugCard+1"],"picked":"yuri:Stalk+1","floor":35.0},{"not_picked":["Swift Strike","Dramatic Entrance"],"picked":"Flash of Steel","floor":37.0},{"not_picked":["yuri:yuriQuickStrike","yuri:BrokenCode"],"picked":"yuri:Spin+1","floor":39}],"player_experience":264170,"relics_obtained":[{"floor":6.0,"key":"Juzu Bracelet"},{"floor":9.0,"key":"Pocketwatch"},{"floor":11.0,"key":"MawBank"},{"floor":19.0,"key":"StuffTheSpire:Tea"},{"floor":26.0,"key":"Bottled Lightning"},{"floor":27.0,"key":"Necronomicon"}],"event_choices":[{"damage_healed":0.0,"max_hp_gain":0.0,"max_hp_loss":0.0,"gold_gain":0.0,"event_name":"Accursed Blacksmith","player_choice":"Forge","floor":12.0,"gold_loss":0.0,"damage_taken":0.0,"cards_upgraded":["yuri:SturdyUniform"]},{"damage_healed":0.0,"max_hp_gain":0.0,"max_hp_loss":0.0,"gold_gain":0.0,"event_name":"Wheel of Change","player_choice":"Relic","floor":19.0,"gold_loss":0.0,"damage_taken":0.0},{"damage_healed":0.0,"max_hp_gain":0.0,"max_hp_loss":0.0,"gold_gain":0.0,"event_name":"Cursed Tome","player_choice":"Obtained Book","floor":27.0,"gold_loss":0.0,"damage_taken":16.0},{"damage_healed":0.0,"max_hp_gain":0.0,"max_hp_loss":0.0,"gold_gain":0.0,"event_name":"SensoryStone","player_choice":"Memory 1","floor":37.0,"gold_loss":0.0,"damage_taken":0.0},{"cards_removed":["yuri:yuriStrike"],"damage_healed":0.0,"max_hp_gain":0.0,"max_hp_loss":0.0,"gold_gain":0.0,"event_name":"Falling","player_choice":"Removed Attack","floor":38.0,"gold_loss":0.0,"damage_taken":0.0}],"is_beta":false,"boss_relics":[{"not_picked":["StuffTheSpire:ModemDavis","Fusion Hammer"],"picked":"Cursed Key"},{"not_picked":["Tiny House","Runic Pyramid"],"picked":"yuri:BookOfBooks"}],"items_purged_floors":[],"is_endless":false,"potions_floor_spawned":[2,3,6,13,14,16,24,30,33,35],"killed_by":"Nemesis","ascension_level":0}}