{"host":"hm2va3obgs5yv0m7","time":1612416237,"event":{"mods":["AchievementEnabler","Act Like it!","BaseMod","Conspire","Infinite Spire","Marisa（F雨　魔理沙）","Minty Spire (QoL Compilation)","Prisma Mod","Relic Stats","Replay The Spire","Spicy Shops","StSLib","The Animator","The Cursed","The Servant 0.9.4","WarShipGirlsR/战舰少女R mod"],"gold_per_floor":[118,118,131,131,144,184,197,197,245,268,268,37,81,156,156,277,277,293,314,314,329,329,329,354,354,354,397,397,397,397,417,417,431,431,559,559,574,599,932,932,180,180,194,213,213,258,258,297,31,43,43,43],"floor_reached":53,"language":"ZHS","playtime":6749,"items_purged":["Regret","Strike_P","Looming Evil","Clumsy"],"score":837,"play_id":"2ec65ef4-8431-43d1-8409-925c77ca4276","local_time":"20210204132357","is_ascension_mode":false,"campfire_choices":[{"data":"Ragnarok","floor":8.0,"key":"SMITH"},{"data":"Eruption","floor":15.0,"key":"SMITH"},{"floor":25.0,"key":"DIG"},{"data":"WreathOfFlame","floor":30.0,"key":"SMITH"},{"floor":32.0,"key":"DIG"},{"data":"Vigilance","floor":34.0,"key":"SMITH"},{"data":"DevaForm","floor":42.0,"key":"SMITH"},{"data":"CutThroughFate","floor":51.0,"key":"SMITH"}],"circlet_count":0,"master_deck":["Strike_P+1","Strike_P+1","Strike_P+1","Defend_P+1","Defend_P+1","Defend_P+1","Eruption+1","Vigilance+1","WheelKick","SashWhip","Ragnarok+1","WreathOfFlame+1","Adaptation","DeusExMachina","EmptyFist","FlurryOfBlows","MentalFortress+1","DevaForm+1","CutThroughFate+1","Purity","Crescendo+1","ReplayTheSpireMod:IOU"],"relics":["Coffee Dripper","infinitespire:Cubic Diamond","Kunai","Centennial Puzzle","Replay:Wax Seal","Bag of Marbles","Shovel","Cursed Key","Replay:Bottled Flurry","PreservedInsect","Singing Bowl","ReplayTheSpireMod:Shallot","Nunchaku","Empty Cage","Counterbalance","Replay:Lucky Slots","TheAbacus","Bag of Preparation","infinitespire:EmpoweringShard","conspire:DeflatedDodgeball","CatCart","Toxic Egg 2","Ornamental Fan"],"acts_visited":["Exordium","TheCity","TheBeyond"],"potions_floor_usage":[52],"damage_taken":[{"damage":2.0,"enemies":"Small Slimes","floor":1.0,"turns":3.0},{"damage":1.0,"enemies":"2 Louse","floor":3.0,"turns":2.0},{"damage":0.0,"enemies":"Cultist","floor":5.0,"turns":2.0},{"damage":0.0,"enemies":"Gremlin Nob","floor":6.0,"turns":2.0},{"damage":0.0,"enemies":"3 Louse","floor":7.0,"turns":3.0},{"damage":2.0,"enemies":"Large Slime","floor":10.0,"turns":4.0},{"damage":6.0,"enemies":"Replay:BlueRogue","floor":13.0,"turns":2.0},{"damage":40.0,"enemies":"The Guardian","floor":16.0,"turns":6.0},{"damage":0.0,"enemies":"Chosen","floor":18.0,"turns":3.0},{"damage":6.0,"enemies":"Shell Parasite","floor":19.0,"turns":3.0},{"damage":0.0,"enemies":"3 Cultists","floor":21.0,"turns":4.0},{"damage":0.0,"enemies":"Chosen and Byrds","floor":24.0,"turns":3.0},{"damage":0.0,"enemies":"Book of Stabbing","floor":27.0,"turns":3.0},{"damage":6.0,"enemies":"Snake Plant","floor":31.0,"turns":4.0},{"damage":0.0,"enemies":"Centurion and Healer","floor":33.0,"turns":3.0},{"damage":38.0,"enemies":"Automaton","floor":35.0,"turns":5.0},{"damage":0.0,"enemies":"Orb Walker","floor":37.0,"turns":2.0},{"damage":1.0,"enemies":"3 Shapes","floor":38.0,"turns":3.0},{"damage":0.0,"enemies":"Maw","floor":43.0,"turns":4.0},{"damage":0.0,"enemies":"Transient","floor":44.0,"turns":5.0},{"damage":0.0,"enemies":"Orin","floor":46.0,"turns":2.0},{"damage":14.0,"enemies":"conspire:MimicChest","floor":48.0,"turns":3.0},{"damage":0.0,"enemies":"3 Darklings","floor":50.0,"turns":3.0},{"damage":42,"enemies":"Donu and Deca","floor":52,"turns":4}],"seed_played":"-6503952163708705104","potions_obtained":[{"floor":1.0,"key":"Elixir"},{"floor":6.0,"key":"StancePotion"},{"floor":7.0,"key":"Weak Potion"},{"floor":13.0,"key":"Fruit Juice"},{"floor":19.0,"key":"PowerPotion"},{"floor":31.0,"key":"BottledMiracle"},{"floor":37.0,"key":"PowerPotion"},{"floor":43.0,"key":"Energy Potion"},{"floor":48.0,"key":"BlessingOfTheForge"}],"is_trial":false,"path_per_floor":["M","?","M","?","M","E","M","R","T","M","?","$","E","?","R","B",null,"M","M","AVR","M","PTL","PTL","M","R","?","E","T","?","R","M","R","M","R","B",null,"M","M","?","T","$","R","M","M","T","?","?","?","$","M","R","B",null],"character_chosen":"WATCHER","items_purchased":["Bag of Marbles","Replay:Lucky Slots","TheAbacus","Bag of Preparation","infinitespire:EmpoweringShard","Ornamental Fan"],"campfire_rested":0,"item_purchase_floors":[12,41,41,41,41,49],"current_hp_per_floor":[70,52,51,51,51,51,51,51,51,49,49,49,43,36,36,1,77,77,71,71,71,71,71,71,71,71,73,73,73,73,69,69,69,69,31,81,83,84,84,84,84,84,84,86,86,88,88,74,74,76,76,34],"gold":43,"neow_bonus":"BOSS_RELIC","is_daily":false,"chose_seed":false,"campfire_upgraded":6,"win_rate":0.0,"timestamp":1612416237,"path_taken":["M","?","M","?","M","E","M","R","T","M","?","$","E","?","R","BOSS","M","M","AVR","M","PTL","PTL","M","R","?","E","T","?","R","M","R","M","R","BOSS","M","M","?","?","?","R","M","?","T","?","?","?","$","M","R","BOSS"],"items_purchased_type":["Relic","Relic","Relic","Relic","Relic","Relic"],"build_version":"2020-12-22","purchased_purges":4,"victory":true,"max_hp_per_floor":[72,72,72,72,72,72,72,72,72,72,72,72,72,72,72,77,77,77,77,77,77,77,77,77,77,77,79,79,79,79,81,81,81,81,81,81,83,85,85,85,85,85,85,87,87,89,89,89,89,91,91,91],"relic_stats":{"Centennial Puzzle":[27],"Nunchaku":[9],"Shovel":2,"TheAbacus":[30],"Singing Bowl":14,"counters":[24,78],"Ornamental Fan":[20],"PreservedInsect":58,"Bag of Preparation":[12],"Kunai":[32],"Cursed Key":3,"obtain_stats":[{"Singing Bowl":27,"infinitespire:Cubic Diamond":4,"Bag of Preparation":41,"Cursed Key":17,"Empty Cage":36,"Centennial Puzzle":9,"Nunchaku":32,"Shovel":13,"TheAbacus":41,"Replay:Lucky Slots":41,"Replay:Bottled Flurry":20,"Kunai":6,"Replay:Wax Seal":11,"Toxic Egg 2":48,"Golden Idol":2,"Counterbalance":40,"PreservedInsect":25,"ReplayTheSpireMod:Shallot":28,"Ornamental Fan":49,"Coffee Dripper":0,"Bag of Marbles":12,"infinitespire:EmpoweringShard":41,"PureWater":0,"conspire:DeflatedDodgeball":45,"CatCart":46},{"Singing Bowl":13,"infinitespire:Cubic Diamond":2,"Bag of Preparation":18,"Cursed Key":8,"Empty Cage":16,"Centennial Puzzle":5,"Nunchaku":14,"Shovel":7,"TheAbacus":18,"Replay:Lucky Slots":18,"Replay:Bottled Flurry":10,"Kunai":4,"Replay:Wax Seal":6,"Toxic Egg 2":22,"Golden Idol":1,"Counterbalance":18,"PreservedInsect":12,"ReplayTheSpireMod:Shallot":13,"Ornamental Fan":22,"Coffee Dripper":0,"Bag of Marbles":6,"infinitespire:EmpoweringShard":18,"PureWater":0,"conspire:DeflatedDodgeball":20,"CatCart":21},{"Singing Bowl":40,"infinitespire:Cubic Diamond":5,"Bag of Preparation":57,"Cursed Key":24,"Empty Cage":52,"Centennial Puzzle":12,"Nunchaku":44,"Shovel":18,"TheAbacus":57,"Replay:Lucky Slots":57,"Replay:Bottled Flurry":30,"Kunai":9,"Replay:Wax Seal":16,"Toxic Egg 2":71,"Golden Idol":3,"Counterbalance":57,"PreservedInsect":37,"ReplayTheSpireMod:Shallot":40,"Ornamental Fan":71,"Coffee Dripper":0,"Bag of Marbles":16,"infinitespire:EmpoweringShard":57,"PureWater":0,"conspire:DeflatedDodgeball":66,"CatCart":68}]},"card_choices":[{"not_picked":["EmptyBody","ThirdEye"],"picked":"WheelKick","floor":1.0},{"not_picked":["Consecrate","Weave"],"picked":"SashWhip","floor":3.0},{"not_picked":["FlurryOfBlows","WindmillStrike"],"picked":"Ragnarok","floor":5.0},{"not_picked":["Vault","SignatureMove"],"picked":"WreathOfFlame","floor":6.0},{"not_picked":["EmptyFist","FlurryOfBlows","Prostrate"],"picked":"SKIP","floor":7.0},{"not_picked":["Evaluate","JustLucky","Replay:DivineShield"],"picked":"SKIP","floor":10.0},{"not_picked":["MentalFortress","FlyingSleeves"],"picked":"Adaptation","floor":13.0},{"not_picked":["Replay:AllIn","MasterReality"],"picked":"DeusExMachina","floor":16.0},{"not_picked":["JustLucky+1","Conclude"],"picked":"EmptyFist","floor":18.0},{"not_picked":["Fasting2","Halt","PathToVictory"],"picked":"SKIP","floor":19.0},{"not_picked":["ForeignInfluence","FollowUp+1","BowlingBash"],"picked":"SKIP","floor":21.0},{"not_picked":["FlurryOfBlows","BowlingBash+1","FearNoEvil"],"picked":"SKIP","floor":24.0},{"not_picked":["FlurryOfBlows","EmptyBody","FollowUp"],"picked":"Singing Bowl","floor":27.0},{"not_picked":["ThirdEye+1","Replay:AtTheReady","InnerPeace"],"picked":"Singing Bowl","floor":31.0},{"not_picked":["FlurryOfBlows+1","JustLucky"],"picked":"MentalFortress+1","floor":33.0},{"not_picked":["Blasphemy","Replay:LoomingThreat"],"picked":"DevaForm","floor":35.0},{"not_picked":["ReachHeaven","Meditate","EmptyFist"],"picked":"Singing Bowl","floor":37.0},{"not_picked":["CrushJoints","JustLucky","PathToVictory+1"],"picked":"Singing Bowl","floor":38.0},{"not_picked":["Evaluate+1","SashWhip+1"],"picked":"CutThroughFate","floor":43.0},{"not_picked":["EmptyFist","Consecrate+1","ClearTheMind"],"picked":"Singing Bowl","floor":44.0},{"not_picked":["Halt","Replay:DivineShield","ClearTheMind+1"],"picked":"Singing Bowl","floor":46.0},{"not_picked":["Mayhem","Mind Blast"],"picked":"Purity","floor":47.0},{"not_picked":["ForeignInfluence+1","EmptyBody+1"],"picked":"Crescendo+1","floor":48.0},{"not_picked":["Evaluate+1","WindmillStrike","MasterReality"],"picked":"Singing Bowl","floor":50.0}],"player_experience":114420,"relics_obtained":[{"floor":6.0,"key":"Kunai"},{"floor":9.0,"key":"Centennial Puzzle"},{"floor":13.0,"key":"Shovel"},{"floor":25.0,"key":"PreservedInsect"},{"floor":27.0,"key":"Singing Bowl"},{"floor":28.0,"key":"ReplayTheSpireMod:Shallot"},{"floor":32.0,"key":"Nunchaku"},{"floor":40.0,"key":"Counterbalance"},{"floor":45.0,"key":"conspire:DeflatedDodgeball"},{"floor":46.0,"key":"CatCart"},{"floor":48.0,"key":"Toxic Egg 2"}],"event_choices":[{"damage_healed":0.0,"max_hp_gain":0.0,"max_hp_loss":0.0,"gold_gain":0.0,"event_name":"Golden Idol","player_choice":"Take Damage","floor":2.0,"gold_loss":0.0,"damage_taken":18.0,"relics_obtained":["Golden Idol"]},{"damage_healed":0.0,"max_hp_gain":0.0,"max_hp_loss":0.0,"gold_gain":0.0,"event_name":"Big Fish","player_choice":"Box","floor":11.0,"gold_loss":0.0,"damage_taken":0.0,"relics_obtained":["Replay:Wax Seal"],"cards_obtained":["Regret"]},{"damage_healed":0.0,"max_hp_gain":0.0,"max_hp_loss":0.0,"gold_gain":75.0,"event_name":"FaceTrader","player_choice":"Touch","floor":14.0,"gold_loss":0.0,"damage_taken":7.0},{"damage_healed":0.0,"max_hp_gain":0.0,"max_hp_loss":0.0,"gold_gain":0.0,"event_name":"Back to Basics","player_choice":"Simplicity","floor":26.0,"gold_loss":0.0,"damage_taken":0.0,"cards_upgraded":["Strike_P","Strike_P","Strike_P","Defend_P","Defend_P","Defend_P","Defend_P"]},{"damage_healed":0.0,"max_hp_gain":0.0,"max_hp_loss":0.0,"gold_gain":0.0,"event_name":"The Library","player_choice":"Read","floor":29.0,"gold_loss":0.0,"damage_taken":0.0,"cards_obtained":["FlurryOfBlows"]},{"damage_healed":0.0,"max_hp_gain":0.0,"max_hp_loss":0.0,"gold_gain":333.0,"event_name":"The Moai Head","player_choice":"Gave Idol","floor":39.0,"relics_lost":["Golden Idol"],"gold_loss":0.0,"damage_taken":0.0},{"damage_healed":0.0,"max_hp_gain":0.0,"max_hp_loss":0.0,"gold_gain":0.0,"event_name":"OrinTheCat","player_choice":"Fight","floor":46.0,"gold_loss":0.0,"damage_taken":0.0},{"damage_healed":0.0,"max_hp_gain":0.0,"max_hp_loss":0.0,"gold_gain":0.0,"event_name":"SensoryStone","player_choice":"Memory 1","floor":47.0,"gold_loss":0.0,"damage_taken":0.0}],"is_beta":false,"boss_relics":[{"not_picked":["Calling Bell","Replay:Drink Me"],"picked":"Cursed Key"},{"not_picked":["conspire:SlowCooker","Astrolabe"],"picked":"Empty Cage"}],"items_purged_floors":[12,20,41,49],"is_endless":false,"potions_floor_spawned":[1,6,7,13,19,27,31,33,37,43,44,48],"ascension_level":0}}