{"host":"l5zfpd2l2htson6l","time":1612417839,"event":{"mods":["AchievementEnabler","BaseMod","Colored Map","Colored Powertips","Minty Spire (QoL Compilation)","Permanent Neow","Quick Restart","Rare Cards Sparkle","Relic Stats","SuperFastMode"],"gold_per_floor":[112,122,122,122,140,160,160,160],"floor_reached":7,"language":"ENG","playtime":345,"items_purged":[],"score":84,"play_id":"b9ec5177-3e5e-43b6-bdda-81e78a6fb902","local_time":"20210203215039","is_ascension_mode":true,"campfire_choices":[],"circlet_count":0,"master_deck":["AscendersBane","Strike_R","Strike_R","Strike_R","Strike_R","Defend_R","Defend_R","Defend_R","Defend_R","Bash","Brutality","Headbutt","Wild Strike","Armaments","Iron Wave"],"relics":["Burning Blood","Lantern"],"acts_visited":["Exordium"],"potions_floor_usage":[],"damage_taken":[{"damage":20,"enemies":"Jaw Worm","floor":1,"turns":5},{"damage":8,"enemies":"2 Louse","floor":2,"turns":3},{"damage":0,"enemies":"Cultist","floor":5,"turns":2},{"damage":11,"enemies":"Exordium Thugs","floor":6,"turns":3},{"damage":23,"enemies":"Gremlin Nob","floor":7,"turns":3}],"seed_played":"-7316210452768706928","potions_obtained":[],"is_trial":false,"path_per_floor":["M","M","?","?","M","M","E"],"character_chosen":"IRONCLAD","items_purchased":[],"campfire_rested":0,"item_purchase_floors":[],"current_hp_per_floor":[36,34,29,22,28,23,0,0],"gold":160,"neow_bonus":"THREE_RARE_CARDS","is_daily":false,"chose_seed":false,"campfire_upgraded":0,"win_rate":0.0,"timestamp":1612417839,"path_taken":["M","M","?","?","M","M","E"],"items_purchased_type":[],"build_version":"2020-12-22","purchased_purges":0,"victory":false,"max_hp_per_floor":[75,75,75,75,75,75,75,75],"relic_stats":{"counters":[5,16],"obtain_stats":[{"Lantern":3,"Burning Blood":0},{"Lantern":2,"Burning Blood":0},{"Lantern":8,"Burning Blood":0}],"Burning Blood":24},"card_choices":[{"not_picked":["Berserk","Exhume"],"picked":"Brutality","floor":0},{"not_picked":["True Grit","Pummel"],"picked":"Headbutt","floor":1},{"not_picked":["True Grit","Flex"],"picked":"Wild Strike","floor":2},{"not_picked":["True Grit","Iron Wave"],"picked":"Armaments","floor":5},{"not_picked":["Thunderclap","Anger"],"picked":"Iron Wave","floor":6}],"player_experience":861243,"relics_obtained":[],"event_choices":[{"damage_healed":0,"gold_gain":0,"player_choice":"Success","damage_taken":5,"relics_obtained":["Lantern"],"max_hp_gain":0,"max_hp_loss":0,"event_name":"Scrap Ooze","floor":3,"gold_loss":0},{"cards_removed":["Strike_R"],"damage_healed":0,"gold_gain":0,"player_choice":"Card Removal","damage_taken":7,"max_hp_gain":0,"max_hp_loss":0,"event_name":"Golden Wing","floor":4,"gold_loss":0}],"is_beta":false,"boss_relics":[],"items_purged_floors":[],"is_endless":false,"potions_floor_spawned":[],"killed_by":"Gremlin Nob","ascension_level":19}}