{"host":"52qn9i9g887267js","time":1612428685,"event":{"mods":["BaseMod","Colored Map","Colored Powertips","Downfall","Hermit","Jorbs\u0027s Wanderer Trilogy","Minty Spire (QoL Compilation)","StSLib","The Bug Knight","The Cursed","The Hierophant"],"gold_per_floor":[119,119,44,58,78,78,94,128,210,229,229,258,277,305,305,400,400,414,414,433,447,457,483,502,502,526,526,539,539,539,182,182,182,182],"floor_reached":33,"language":"ENG","playtime":5371,"items_purged":["hermit:Defend_Hermit","hermit:Strike_Hermit"],"score":314,"play_id":"c6ac4f5c-71c3-4066-9947-b3a16052c34d","local_time":"20210204005125","is_ascension_mode":false,"campfire_choices":[{"data":"hermit:NoHoldsBarred","floor":6.0,"key":"SMITH"},{"data":"hermit:HighCaliber","floor":11.0,"key":"SMITH"},{"data":"hermit:GhostlyPresence","floor":15.0,"key":"SMITH"},{"floor":25,"key":"REST"},{"data":"hermit:Roughhouse","floor":27,"key":"SMITH"},{"data":"hermit:Snapshot","floor":29,"key":"SMITH"},{"data":"hermit:Ricochet","floor":32,"key":"SMITH"}],"circlet_count":0,"master_deck":["hermit:Strike_Hermit","hermit:Defend_Hermit","hermit:Defend_Hermit","hermit:Snapshot+1","hermit:Covet","hermit:Ricochet+1","hermit:Feint","hermit:NoHoldsBarred+1","hermit:Enervate","hermit:Vantage","hermit:HighCaliber+1","hermit:Dive+1","hermit:GhostlyPresence+1","hermit:Roughhouse+1"],"relics":["Runic Dome","Prayer Wheel","Pantograph","Boot","Empty Cage","Nloth\u0027s Gift","Molten Egg 2","Akabeko","Kunai"],"acts_visited":["Exordium","TheCity"],"potions_floor_usage":[24,24],"damage_taken":[{"damage":0.0,"enemies":"Small Slimes","floor":1.0,"turns":4.0},{"damage":0.0,"enemies":"Cultist","floor":4.0,"turns":3.0},{"damage":2.0,"enemies":"2 Louse","floor":5.0,"turns":2.0},{"damage":0.0,"enemies":"Lots of Slimes","floor":7.0,"turns":1.0},{"damage":6.0,"enemies":"Gremlin Nob","floor":8.0,"turns":3.0},{"damage":0.0,"enemies":"3 Louse","floor":10.0,"turns":2.0},{"damage":13.0,"enemies":"Lagavulin","floor":12.0,"turns":4.0},{"damage":5.0,"enemies":"Red Slaver","floor":13.0,"turns":2.0},{"damage":0.0,"enemies":"HollowMod:MossKnight","floor":14.0,"turns":3.0},{"damage":9.0,"enemies":"The Guardian","floor":16.0,"turns":8.0},{"damage":11.0,"enemies":"3 Byrds","floor":18.0,"turns":4.0},{"damage":0.0,"enemies":"Chosen","floor":20.0,"turns":4.0},{"damage":2.0,"enemies":"Snake Plant","floor":21.0,"turns":3.0},{"damage":0.0,"enemies":"Cultist and Chosen","floor":22.0,"turns":5.0},{"damage":45,"enemies":"Gremlin Leader","floor":23,"turns":9},{"damage":7,"enemies":"Centurion and Healer","floor":24,"turns":4},{"damage":15,"enemies":"Sentry and Sphere","floor":28,"turns":4},{"damage":68,"enemies":"Collector","floor":33,"turns":7}],"seed_played":"4247933310001799756","potions_obtained":[{"floor":4.0,"key":"champ:CounterPotion"},{"floor":5.0,"key":"BlessingOfTheForge"},{"floor":7.0,"key":"ColorlessPotion"},{"floor":20.0,"key":"Regen Potion"},{"floor":24,"key":"SpeedPotion"},{"floor":28,"key":"hexamod:SoulburnPotion"}],"is_trial":false,"path_per_floor":["M","?","$","M","M","R","M","E","T","M","R","E","M","E","R","B",null,"M","?","M","M","M","E","M","R","T","R","M","R","?","$","R","B"],"character_chosen":"HERMIT","items_purchased":["Kunai"],"campfire_rested":1,"item_purchase_floors":[31],"current_hp_per_floor":[75,75,75,75,73,73,73,67,67,67,67,54,49,49,49,65,75,64,64,64,62,62,17,19,41,41,41,26,26,26,26,26,0,0],"gold":182,"neow_bonus":"BOSS_RELIC","is_daily":false,"chose_seed":false,"campfire_upgraded":6,"win_rate":0.0,"timestamp":1612428685,"path_taken":["M","?","?","M","M","R","M","E","T","M","R","E","M","E","R","BOSS","M","?","?","M","M","E","M","R","T","R","M","R","?","$","R","BOSS"],"items_purchased_type":["Relic"],"build_version":"2020-12-22","purchased_purges":2,"victory":false,"max_hp_per_floor":[75,75,75,75,75,75,75,75,75,75,75,75,75,75,75,75,75,75,75,75,75,75,75,75,75,75,75,75,75,75,75,75,75,75],"card_choices":[{"not_picked":["hermit:LoneWolf","hermit:Virtue"],"picked":"hermit:Ricochet","floor":1.0},{"not_picked":["hermit:ItchyTrigger","hermit:Coalescence"],"picked":"hermit:Feint","floor":4.0},{"not_picked":["hermit:Grudge","hermit:EternalForm"],"picked":"hermit:NoHoldsBarred","floor":5.0},{"not_picked":["hermit:Ricochet","hermit:Manifest"],"picked":"hermit:Enervate","floor":7.0},{"not_picked":["hermit:Virtue","hermit:FromBeyond"],"picked":"hermit:Vantage","floor":8.0},{"not_picked":["hermit:HoleUp","hermit:Maintenance"],"picked":"hermit:HighCaliber","floor":10.0},{"not_picked":["hermit:Roulette","hermit:Manifest","hermit:Scavenge"],"picked":"SKIP","floor":10.0},{"not_picked":["hermit:ItchyTrigger","hermit:CalledShot"],"picked":"hermit:Dive","floor":12.0},{"not_picked":["hermit:Misfire","hermit:CalledShot"],"picked":"hermit:GhostlyPresence","floor":13.0},{"not_picked":["hermit:DeadOrAlive","hermit:Spite","hermit:Misfire"],"picked":"SKIP","floor":13.0},{"not_picked":["hermit:HeroicBravado","hermit:BodyArmor","hermit:Glare"],"picked":"SKIP","floor":14.0},{"not_picked":["hermit:RoundhouseKick","hermit:HeroicBravado"],"picked":"hermit:Roughhouse","floor":16.0},{"not_picked":["hermit:Misfire","hermit:Feint","hermit:Quickdraw"],"picked":"SKIP","floor":18.0},{"not_picked":["hermit:HoleUp","hermit:Ricochet","hermit:Malice"],"picked":"SKIP","floor":18.0},{"not_picked":["hermit:Enervate","hermit:Deadeye","hermit:LowProfile"],"picked":"SKIP","floor":20.0},{"not_picked":["hermit:Virtue","hermit:HighCaliber","hermit:Spite"],"picked":"SKIP","floor":20.0},{"not_picked":["hermit:Scavenge+1","hermit:Glare+1","hermit:FlashPowder"],"picked":"SKIP","floor":21.0},{"not_picked":["hermit:TrackingShot","hermit:HighCaliber","hermit:Reprieve"],"picked":"SKIP","floor":21.0},{"not_picked":["hermit:Coalescence+1","hermit:TrackingShot","hermit:CalledShot"],"picked":"SKIP","floor":22.0},{"not_picked":["hermit:Cheat","hermit:Glare","hermit:Roulette"],"picked":"SKIP","floor":22.0},{"not_picked":["hermit:Misfire+1","hermit:Adapt","hermit:Quickdraw+1"],"picked":"SKIP","floor":23},{"not_picked":["hermit:Malice+1","hermit:Misfire+1","hermit:Vantage+1"],"picked":"SKIP","floor":24},{"not_picked":["hermit:ShadowCloak","hermit:FullyLoaded","hermit:Snipe+1"],"picked":"SKIP","floor":24},{"not_picked":["hermit:Manifest","hermit:Scavenge","hermit:Coalescence"],"picked":"SKIP","floor":28},{"not_picked":["hermit:Dive+1","hermit:Vantage","hermit:Midnight+1"],"picked":"SKIP","floor":28}],"player_experience":1007819,"relics_obtained":[{"floor":8.0,"key":"Prayer Wheel"},{"floor":9.0,"key":"Pantograph"},{"floor":12.0,"key":"Boot"},{"floor":14.0,"key":"Dream Catcher"},{"floor":23,"key":"Molten Egg 2"},{"floor":26,"key":"Akabeko"}],"event_choices":[{"cards_removed":["hermit:Strike_Hermit"],"damage_healed":0.0,"max_hp_gain":0.0,"max_hp_loss":0.0,"gold_gain":0.0,"event_name":"Bonfire Elementals","player_choice":"Offered Basic","floor":2.0,"gold_loss":0.0,"damage_taken":0.0},{"damage_healed":0.0,"max_hp_gain":0.0,"max_hp_loss":0.0,"gold_gain":0.0,"event_name":"N\u0027loth","player_choice":"Traded Relic","floor":19.0,"relics_lost":["Dream Catcher"],"gold_loss":0.0,"damage_taken":0.0,"relics_obtained":["Nloth\u0027s Gift"]},{"damage_healed":0,"gold_gain":0,"player_choice":"Upgraded","damage_taken":0,"max_hp_gain":0,"max_hp_loss":0,"event_name":"Upgrade Shrine","floor":30,"gold_loss":0,"cards_upgraded":["hermit:Dive"]}],"is_beta":false,"boss_relics":[{"not_picked":["Pandora\u0027s Box","hermit:BartenderGlass"],"picked":"Empty Cage"}],"items_purged_floors":[3,31],"is_endless":false,"potions_floor_spawned":[4,5,7,14,18,20,24,28],"killed_by":"Collector","ascension_level":0}}