{"host":"fpfqy36ymrhhouft","time":1612440848,"event":{"mods":["100% Spire Juice","Act Like it!","Arknights","BaseMod","Colored Powertips","Downfall","Gensokyo","Hermit","Marisa????????","Minty Spire (QoL Compilation)","Reliquary","Replay The Spire","Spire Arcade","StSLib"],"gold_per_floor":[99,118,118,171,190,206,231,261,261,261,276,316,116,126,146,264,364,364,379,394,394,404,404,428,448,448,448,468,0,0,0,317,317,317,317],"floor_reached":33,"language":"ENG","playtime":3490,"items_purged":[],"score":251,"play_id":"ffd79167-7f0a-42f3-84af-2f3e0ba28589","local_time":"20210204051408","is_ascension_mode":false,"campfire_choices":[{"floor":1.0,"key":"RECALL"},{"floor":13.0,"key":"REST"},{"data":"Voices","floor":18.0,"key":"PURGE"},{"data":"Pot Of Greed","floor":30,"key":"SMITH"}],"circlet_count":0,"master_deck":["Guardian:Strike_Guardian+1","Guardian:Strike_Guardian","Guardian:Strike_Guardian","Guardian:Strike_Guardian","Guardian:Defend_Guardian","Guardian:Defend_Guardian+1","Guardian:Defend_Guardian","Guardian:CurlUp","Guardian:TwinSlam","Guardian:DecasProtection","Guardian:Reroute","Guardian:DonusPower","Guardian:ChargeCore","Guardian:SentryBeam","Guardian:EvasiveProtocol","Guardian:StasisField","Gensokyo:SevenSchoolMysteries","Guardian:Gem_Cyan","Pot Of Greed","Pot Of Greed","Guardian:Gem_Yellow","Guardian:TemporalShield+1","Gensokyo:BlemishedSteel","Gensokyo:ManorOfTheDishes","Pot Of Greed+1","Gensokyo:Shovel","Gensokyo:TarnishedGold","Gensokyo:LockedMedkit","Guardian:SpikerProtocol","Guardian:ExploitGems"],"relics":["Guardian:ModeShifter","NeowsBlessing","Gensokyo:LunaticRedEyes","Bronze Scales","Regal Pillow","Mango","ReplayTheSpireMod:Ring of Challenge","Ring of Misfortune","downfall:HeartBlessingGreen","downfall:HeartBlessingRed","Replay:Wanted Poster","Grinning Jar"],"acts_visited":["Gensokyo:Gensokyo","Gensokyo:Gensokyoer"],"potions_floor_usage":[32,33],"damage_taken":[{"damage":0.0,"enemies":"Gensokyo:2_Kodama","floor":2.0,"turns":1.0},{"damage":1.0,"enemies":"Gensokyo:3_Fairies","floor":5.0,"turns":2.0},{"damage":1.0,"enemies":"Gensokyo:Gryphon","floor":6.0,"turns":1.0},{"damage":20.0,"enemies":"Gensokyo:Mamizou","floor":8.0,"turns":10.0},{"damage":0.0,"enemies":"Gensokyo:LivingMonolith","floor":11.0,"turns":3.0},{"damage":8.0,"enemies":"Gensokyo:5_Fairies","floor":12.0,"turns":5.0},{"damage":12.0,"enemies":"Gensokyo:Python_and_Kodama","floor":14.0,"turns":4.0},{"damage":6.0,"enemies":"Gensokyo:VengefulSpirit","floor":15.0,"turns":3.0},{"damage":34.0,"enemies":"IC_STATUS_ARCHETYPE","floor":16.0,"turns":10.0},{"damage":1.0,"enemies":"Gensokyo:3_Dogs","floor":19.0,"turns":4.0},{"damage":4.0,"enemies":"Gensokyo:Chomper","floor":20.0,"turns":6.0},{"damage":32,"enemies":"Gensokyo:Monolith_and_Dog","floor":22,"turns":5},{"damage":0,"enemies":"Gensokyo:Swordslinger","floor":25,"turns":4},{"damage":0,"enemies":"Gensokyo:Wraith","floor":28,"turns":4},{"damage":0,"enemies":"downfall:FleeingMerchant","floor":31,"turns":4},{"damage":45,"enemies":"Gensokyo:Chomper_and_Gloop","floor":32,"turns":10},{"damage":8,"enemies":"SI_MIRROR_ARCHETYPE","floor":33,"turns":4}],"seed_played":"-7403104393819798943","potions_obtained":[{"floor":2.0,"key":"PowerPotion"},{"floor":8.0,"key":"Adrenaline Potion"},{"floor":11.0,"key":"Strength Potion"},{"floor":20.0,"key":"SpeedPotion"},{"floor":25,"key":"Doom Potion"},{"floor":32,"key":"Elixir"}],"is_trial":false,"path_per_floor":["R","M","?","T","M","M","T","E","?","?","M","M","R","M","M","B",null,"R","M","M","?","M","?","T","M","?","?","M","COS","R","$","M","B"],"character_chosen":"GUARDIAN","items_purchased":[],"campfire_rested":1,"item_purchase_floors":[],"current_hp_per_floor":[80,80,80,80,79,78,78,58,51,51,51,43,86,74,68,34,94,94,93,89,85,53,53,53,53,53,53,53,53,53,53,8,0,0,0],"gold":317,"neow_bonus":"THREE_ENEMY_KILL","is_daily":false,"chose_seed":false,"campfire_upgraded":1,"win_rate":0.0,"timestamp":1612440848,"path_taken":["R","M","?","?","M","M","T","E","?","?","M","?","R","M","M","BOSS","R","M","M","?","M","?","T","M","?","?","M","COS","R","?","M","BOSS"],"items_purchased_type":[],"build_version":"2020-12-22","purchased_purges":0,"victory":false,"max_hp_per_floor":[80,80,80,80,80,80,80,80,94,94,94,94,94,94,94,94,94,94,94,94,85,85,85,85,85,85,85,85,85,85,85,85,85,85,85],"card_choices":[{"not_picked":["Guardian:DonusPower","Guardian:PolyBeam"],"picked":"Guardian:DecasProtection","floor":2.0},{"not_picked":["Guardian:PiercingHide","Guardian:Incinerate"],"picked":"Guardian:Reroute","floor":5.0},{"not_picked":["Guardian:Planning","Guardian:Reroute"],"picked":"Guardian:DonusPower","floor":6.0},{"not_picked":["Guardian:Gem_Blue","Guardian:PiercingHide"],"picked":"Guardian:Gem_Purple","floor":8.0},{"not_picked":["Guardian:Incinerate","Guardian:Recover"],"picked":"Guardian:Gem_Green","floor":11.0},{"not_picked":["Guardian:DonusPower","Guardian:Gem_Blue"],"picked":"Guardian:ChargeCore","floor":12.0},{"not_picked":["Guardian:BodySlam","Guardian:TemporalStrike"],"picked":"Guardian:SentryBeam","floor":14.0},{"not_picked":["Guardian:Gem_Red","Guardian:Gem_White"],"picked":"Guardian:EvasiveProtocol","floor":15.0},{"not_picked":["Guardian:StasisStrike","Guardian:HyperBeam_Guardian"],"picked":"Guardian:StasisField","floor":16.0},{"not_picked":["Guardian:RefractedBeam","Guardian:SentryBeam","Guardian:CrystalBeam"],"picked":"SKIP","floor":19.0},{"not_picked":["Guardian:RollAttack","Guardian:ChargeCore"],"picked":"Guardian:Gem_Red","floor":20.0},{"not_picked":["Gensokyo:Doppelganger","Gensokyo:Apocalypse"],"picked":"Gensokyo:SevenSchoolMysteries","floor":21},{"not_picked":["Guardian:Gem_Red","Guardian:Planning"],"picked":"Guardian:Gem_Cyan","floor":22},{"not_picked":["Guardian:ShieldCharger","Guardian:BronzeOrb","Guardian:Incinerate"],"picked":"SKIP","floor":25},{"not_picked":["Guardian:ShieldCharger","Guardian:Reroute"],"picked":"Guardian:TemporalShield+1","floor":28},{"not_picked":["Guardian:PiercingHide","Guardian:Gem_Yellow"],"picked":"Guardian:SpikerProtocol","floor":31},{"not_picked":["Guardian:Gem_White","Guardian:CrystalBeam"],"picked":"Guardian:ExploitGems","floor":32}],"player_experience":759661,"relics_obtained":[{"floor":4.0,"key":"Simple Rune"},{"floor":7.0,"key":"Bronze Scales"},{"floor":8.0,"key":"Regal Pillow"},{"floor":10.0,"key":"ReplayTheSpireMod:Ring of Challenge"},{"floor":10.0,"key":"Ring of Misfortune"},{"floor":24,"key":"Grinning Jar"}],"event_choices":[],"is_beta":false,"boss_relics":[{"not_picked":["Replay:Drink Me","Runic Pyramid"],"picked":"Replay:Wanted Poster"}],"items_purged_floors":[],"is_endless":false,"potions_floor_spawned":[2,8,11,14,15,20,25,32],"killed_by":"SI_MIRROR_ARCHETYPE","ascension_level":0}}