{"host":"mn5kbj4x7gv3jr0o","time":1612414492,"event":{"mods":["2.2 Compatiblity","A Magickal Journey","AchievementEnabler","Ascension Reborn","Aspiration","BaseMod","Bestiary","Better Altar","Better Note","Better Sensory Stone","Better Silent Start","Better Skull","Better Third Choice","Better Vampires","Better-Laid Plans","BetterRewards","Block Reminder","CCEM2","Colored Powertips","Colorless Booster Pack","Conspire","Curses Come First","Dota2Spire","Downfall","Emptier Cage","Energized Spire","Fox Events","GifTheSpireLib","Halation","HololiveMod","Hubris","Infinite Spire","Ironclad Rager","Jess\u0027s Bottle","Keyboard Shortcuts","Minty Spire (QoL Compilation)","Mirrors Mod","Poem Panic","Potion Indicator Mod","Potionbrewer","Puzzle Mod","Quarter Circle Forward PUNCH!","Quick Restart","Random Character Button","RatMod","Relic Sorter","Reliquary","Retaliation","Reworked Bosses","SCP261 Mod","SacredBarkPlus","Shop Mod","Small Relic Pack","Spicy Shops","Spikes Relics","StS++","StSLib","Stuff the Spire","The Blue Laboratory","Thieving Mod","Trackpad","Uncapped","UnlockEverythingMod","Useless Jewels Mod","Virulent Crown","Weighted Paths","Wide Potions"],"gold_per_floor":[113,129,129,146,16,47,47,82,106,132,132,132,146,160,160,265,265,283,283,297,136,146,146,146],"floor_reached":23,"language":"ENG","playtime":2078,"items_purged":[],"score":248,"play_id":"3944ae34-e926-47cd-a05a-a263845d7950","local_time":"20210203235452","is_ascension_mode":true,"campfire_choices":[{"floor":7,"key":"REST"},{"data":"theextravagant:Flashback","floor":11,"key":"SMITH"},{"data":"theextravagant:Flashback","floor":15,"key":"SMITH"}],"circlet_count":0,"master_deck":["theextravagant:SlyStrike","theextravagant:SlyStrike","theextravagant:SlyStrike","theextravagant:SlyStrike","theextravagant:Fence","theextravagant:Fence","theextravagant:Fence","theextravagant:Fence","theextravagant:QuickAttack","theextravagant:Triumph","theextravagant:Drift","theextravagant:Impulse","theextravagant:HeavyBlows","theextravagant:GlyphOfSight","theextravagant:Flashback+1","theextravagant:Comeback","theextravagant:Flashback+1","hubris:NaturalOne","theextravagant:Overpower","theextravagant:PerfectTheBasics+1","potionbrewer:Collect+1","theextravagant:HeavyBlows","theextravagant:GlyphOfChoice","PlatinumSkin","theextravagant:Nihil"],"relics":["StuffTheSpire:ModemDavis","hubris:Icosahedron","halation:LostSnail","CCEMRelics:Sandal","hubris:BottledRain","halation:AfternoonTea","infinitespire:PuzzleCube","hubris:Towel","StSpp:Magatama"],"acts_visited":["Exordium","TheCity"],"potions_floor_usage":[6,13,16,16,23,23,23,23],"damage_taken":[{"damage":0,"enemies":"2 Louse","floor":1,"turns":3},{"damage":0,"enemies":"conspire:RoseBush","floor":2,"turns":5},{"damage":5,"enemies":"FloatingMirror","floor":4,"turns":4},{"damage":32,"enemies":"Lagavulin","floor":6,"turns":8},{"damage":0,"enemies":"Gremlin Nob","floor":8,"turns":3},{"damage":12,"enemies":"3 Sentries","floor":10,"turns":6},{"damage":5,"enemies":"conspire:2 RoseBushes","floor":13,"turns":8},{"damage":4,"enemies":"Exordium Thugs","floor":14,"turns":3},{"damage":44,"enemies":"Hexaghost","floor":16,"turns":10},{"damage":22,"enemies":"3 Byrds","floor":18,"turns":9},{"damage":3,"enemies":"conspire:FuzzyDice","floor":20,"turns":6},{"damage":36,"enemies":"Snake Plant","floor":22,"turns":6},{"damage":16,"enemies":"Book of Stabbing","floor":23,"turns":7}],"seed_played":"3014389725274390148","potions_obtained":[{"floor":1,"key":"DDmod:CleansePotion"},{"floor":4,"key":"Dota2Spire:HealingSalve"},{"floor":6,"key":"LiquidBronze"},{"floor":13,"key":"blueLaboratory:BottleOfVodka"},{"floor":22,"key":"blueLaboratory:StoneskinPotion"}],"is_trial":false,"path_per_floor":["M","M","?","M","$","E","R","E","T","E","R","?","M","M","R","B",null,"M","?","M","$","M","E"],"character_chosen":"THE_EXTRAVAGANT","items_purchased":["halation:LostSnail","theextravagant:HeavyBlows","theextravagant:GlyphOfChoice","PlatinumSkin"],"campfire_rested":1,"item_purchase_floors":[5,5,21,21],"current_hp_per_floor":[75,75,75,70,70,38,60,60,60,48,48,48,61,57,57,13,75,53,53,50,50,14,0,0],"gold":146,"neow_bonus":"BOSS_RELIC","is_daily":false,"chose_seed":false,"campfire_upgraded":2,"win_rate":0.0,"timestamp":1612414492,"path_taken":["M","M","?","M","$","E","R","E","T","E","R","?","M","M","R","BOSS","M","?","M","?","M","E"],"items_purchased_type":["Relic","Card","Card","Card"],"build_version":"2020-12-22","purchased_purges":0,"victory":false,"max_hp_per_floor":[75,75,75,75,75,75,75,75,75,75,75,75,75,75,75,75,75,75,75,75,75,75,75,75],"card_choices":[{"not_picked":["theextravagant:StepBack","theextravagant:Tension"],"picked":"theextravagant:Drift","floor":1},{"not_picked":["theextravagant:Precaution","theextravagant:Pushthrough","theextravagant:StepBack"],"picked":"SKIP","floor":2},{"not_picked":["theextravagant:Tension","theextravagant:Drift"],"picked":"theextravagant:Impulse","floor":4},{"not_picked":["theextravagant:GlyphOfTime","theextravagant:Comeback"],"picked":"theextravagant:GlyphOfSight","floor":6},{"not_picked":["theextravagant:SpiritBolt","theextravagant:GlyphOfChoice"],"picked":"theextravagant:Flashback","floor":8},{"not_picked":["theextravagant:Vintage","theextravagant:ManifestIllusion"],"picked":"theextravagant:Comeback","floor":10},{"not_picked":["theextravagant:Precaution","theextravagant:Tension"],"picked":"theextravagant:Flashback","floor":13},{"not_picked":["theextravagant:GlyphOfTime","theextravagant:Clairvoyance","theextravagant:Twitch"],"picked":"SKIP","floor":14},{"not_picked":["theextravagant:WhiffOfMagic","theextravagant:RiskyStrike"],"picked":"theextravagant:Overpower","floor":16},{"not_picked":["theextravagant:ShootingStar+1","theextravagant:Precaution"],"picked":"theextravagant:PerfectTheBasics+1","floor":18},{"not_picked":["theextravagant:PuffUp+1","theextravagant:SpontaneousStrike"],"picked":"theextravagant:HeavyBlows","floor":20},{"not_picked":["theextravagant:Shake","theextravagant:StepBack"],"picked":"theextravagant:Nihil","floor":22}],"player_experience":183280,"relics_obtained":[{"floor":6,"key":"CCEMRelics:Sandal"},{"floor":8,"key":"hubris:BottledRain"},{"floor":9,"key":"halation:AfternoonTea"},{"floor":10,"key":"infinitespire:PuzzleCube"}],"event_choices":[{"cards_removed":["theextravagant:Overpower"],"damage_healed":0,"gold_gain":0,"player_choice":"Take \u0026 Give","damage_taken":0,"max_hp_gain":0,"max_hp_loss":0,"event_name":"betterNote:BetterNote","floor":19,"gold_loss":0,"cards_obtained":["potionbrewer:Collect"]}],"is_beta":false,"boss_relics":[{"not_picked":["StuffTheSpire:RunicHypercube","Busted Crown"],"picked":"StSpp:Magatama"}],"items_purged_floors":[],"is_endless":false,"potions_floor_spawned":[1,4,6,13,22],"killed_by":"Book of Stabbing","ascension_level":1}}