{"host":"e4mqwdeqkh64qloq","time":1612411898,"event":{"mods":["BaseMod","Downfall","Minty Spire (QoL Compilation)","Replay The Spire","StSLib","The Cursed"],"gold_per_floor":[99,109,121,121,135,135,135,153,153,186,186,203,35,63,74,173,173,173,184,200,213,53,80,80,96,108,128,158,68,68,68,83,185,185,185,205,216,234,234,168,168,187,203,203,214,227,77,87,104,104],"floor_reached":51,"language":"ENG","playtime":3556,"items_purged":["TheCursedMod:Strike_TheCursed"],"score":784,"play_id":"a6738092-9e9f-4518-b2d9-fb03806f11e3","local_time":"20210203231138","is_ascension_mode":false,"campfire_choices":[{"data":"TheCursedMod:CursedWand","floor":1,"key":"SMITH"},{"data":"TheCursedMod:CleanUpWorkshop","floor":6,"key":"SMITH"},{"data":"TheCursedMod:WearCloak","floor":11,"key":"SMITH"},{"data":"TheCursedMod:DemonSword","floor":18,"key":"SMITH"},{"floor":30,"key":"REST"},{"floor":44,"key":"REST"}],"circlet_count":0,"master_deck":["TheCursedMod:Strike_TheCursed","TheCursedMod:Strike_TheCursed","TheCursedMod:Defend_TheCursed","TheCursedMod:Defend_TheCursed","TheCursedMod:Defend_TheCursed","TheCursedMod:Defend_TheCursed","TheCursedMod:CursedWand+1","TheCursedMod:CleanUpWorkshop+1","TheCursedMod:Dregs","TheCursedMod:WearCloak+1","TheCursedMod:SpreadPlague+1","TheCursedMod:CursedMace","TheCursedMod:HellfireBreathing+1","TheCursedMod:CircleOfFlame","TheCursedMod:Mangle","TheCursedMod:Stigma","TheCursedMod:CursedBlade","TheCursedMod:DemonSword+1","TheCursedMod:WearCloak","TheCursedMod:CursedAmulet","TheCursedMod:SaltUponWound+1","TheCursedMod:SurpriseAttack+1","TheCursedMod:VitalStrike+1","TheCursedMod:WearCloak+1","TheCursedMod:CursedSpellbook","TheCursedMod:DoubleShield+1","TheCursedMod:CursedArmor+1","TheCursedMod:DemonSword+1","TheCursedMod:Stigma","TheCursedMod:CircleOfAbyss","TheCursedMod:ManaCirculation","TheCursedMod:Obscuration","TheCursedMod:VitalStrike+1","TheCursedMod:Neurasthenia","ReplayTheSpireMod:Restless Dread","TheCursedMod:SpitefulPray","TheCursedMod:CursedBlade+1","TheCursedMod:DoubleShield+1","TheCursedMod:RavingStaff+1","TheCursedMod:Stigma+1"],"relics":["TheCursedMod:BlackMagic101","InkBottle","Strawberry","Guide Book","Garlic","TheCursedMod:OminousMark","Akabeko","StrikeDummy","Durian","Nunchaku","Cursed Key","Mercury Hourglass","PreservedInsect","Replay:Bottled Steam","Toolbox"],"acts_visited":["Exordium","TheCity","TheBeyond"],"potions_floor_usage":[16,23,28,33,33,50,50],"damage_taken":[{"damage":0,"enemies":"Small Slimes","floor":2,"turns":3},{"damage":0,"enemies":"Jaw Worm","floor":3,"turns":3},{"damage":0,"enemies":"2 Louse","floor":5,"turns":3},{"damage":8,"enemies":"Red Slaver","floor":8,"turns":5},{"damage":20,"enemies":"Gremlin Nob","floor":10,"turns":5},{"damage":19,"enemies":"Exordium Thugs","floor":12,"turns":4},{"damage":0,"enemies":"downfall:FleeingMerchant","floor":13,"turns":4},{"damage":30,"enemies":"Lagavulin","floor":14,"turns":6},{"damage":0,"enemies":"2 Fungi Beasts","floor":15,"turns":3},{"damage":42,"enemies":"DF_ARCHETYPE_STREAMLINE","floor":16,"turns":9},{"damage":5,"enemies":"Shell Parasite","floor":19,"turns":3},{"damage":3,"enemies":"3 Byrds","floor":20,"turns":3},{"damage":3,"enemies":"3 Cultists","floor":21,"turns":5},{"damage":0,"enemies":"downfall:FleeingMerchant","floor":22,"turns":4},{"damage":13,"enemies":"Slavers","floor":23,"turns":4},{"damage":6,"enemies":"Centurion and Healer","floor":25,"turns":3},{"damage":18,"enemies":"Sentry and Sphere","floor":26,"turns":6},{"damage":5,"enemies":"Chosen and Byrds","floor":27,"turns":4},{"damage":21,"enemies":"Gremlin Leader","floor":28,"turns":5},{"damage":0,"enemies":"downfall:FleeingMerchant","floor":29,"turns":4},{"damage":8,"enemies":"Cultist and Chosen","floor":32,"turns":5},{"damage":19,"enemies":"IC_MUSHROOM_ARCHETYPE","floor":33,"turns":7},{"damage":0,"enemies":"Orb Walker","floor":36,"turns":2},{"damage":9,"enemies":"3 Darklings","floor":37,"turns":6},{"damage":0,"enemies":"Sphere and 2 Shapes","floor":38,"turns":4},{"damage":0,"enemies":"downfall:FleeingMerchant","floor":40,"turns":1},{"damage":25,"enemies":"Transient","floor":42,"turns":5},{"damage":0,"enemies":"3 Darklings","floor":43,"turns":5},{"damage":2,"enemies":"Spire Growth","floor":45,"turns":4},{"damage":4,"enemies":"Maw","floor":46,"turns":5},{"damage":9,"enemies":"Sphere and 2 Shapes","floor":48,"turns":2},{"damage":19,"enemies":"Jaw Worm Horde","floor":49,"turns":3},{"damage":0,"enemies":"SI_POISON_ARCHETYPE","floor":50,"turns":7}],"seed_played":"4315795324334028460","potions_obtained":[{"floor":2,"key":"sneckomod:MuddlingPotion"},{"floor":12,"key":"Explosive Potion"},{"floor":14,"key":"FairyPotion"},{"floor":19,"key":"Swift Potion"},{"floor":21,"key":"ColorlessPotion"},{"floor":23,"key":"Energy Potion"},{"floor":27,"key":"PowerPotion"},{"floor":32,"key":"DistilledChaos"},{"floor":36,"key":"TheCursedMod:DregsPotion"},{"floor":38,"key":"Energy Potion"},{"floor":39,"key":"downfall:CursedFountainPotion"},{"floor":48,"key":"AttackPotion"}],"is_trial":false,"path_per_floor":["R","M","M","?","M","R","T","M","?","E","R","M","$","E","M","B",null,"R","M","M","M","$","E","T","M","M","M","E","$","R","?","M","B",null,"R","M","M","M","?","$","T","M","M","R","M","M","$","M","M","B",null],"character_chosen":"THE_CURSED","items_purchased":["Guide Book","Akabeko","Mercury Hourglass","PreservedInsect","Toolbox"],"campfire_rested":2,"item_purchase_floors":[13,22,40,40,47],"current_hp_per_floor":[82,82,82,82,82,82,82,74,74,61,61,42,42,12,12,7,89,89,84,81,78,78,65,70,64,46,41,20,20,48,48,40,21,94,94,94,85,85,85,85,85,60,60,88,86,82,82,73,54,54],"gold":104,"neow_bonus":"TEN_PERCENT_HP_BONUS","is_daily":false,"chose_seed":false,"campfire_upgraded":4,"win_rate":0.0,"timestamp":1612411898,"path_taken":["R","M","M","?","M","R","T","M","?","E","R","M","$","E","M","BOSS","R","M","M","M","$","E","T","M","M","M","E","$","R","?","M","BOSS","R","M","M","M","?","$","T","M","M","R","M","M","?","?","M","BOSS"],"items_purchased_type":["Relic","Relic","Relic","Relic","Relic"],"build_version":"2020-12-22","purchased_purges":1,"victory":true,"max_hp_per_floor":[82,82,82,82,82,82,82,82,82,89,89,89,89,89,89,89,89,89,89,89,89,89,89,94,94,94,94,94,94,94,94,94,94,94,94,94,94,94,94,94,94,94,94,94,94,94,94,94,94,94],"card_choices":[{"not_picked":["TheCursedMod:AshesToAshes","TheCursedMod:SurpriseAttack"],"picked":"TheCursedMod:WearCloak","floor":2},{"not_picked":["TheCursedMod:CircleOfAmplification","TheCursedMod:SpitefulStrike"],"picked":"TheCursedMod:SpreadPlague","floor":3},{"not_picked":["TheCursedMod:CircleOfCorruption","TheCursedMod:Torture"],"picked":"TheCursedMod:CursedMace","floor":5},{"not_picked":["TheCursedMod:CircleOfFocus","TheCursedMod:TacticalStrike"],"picked":"TheCursedMod:HellfireBreathing","floor":8},{"not_picked":["TheCursedMod:Torture","TheCursedMod:TacticalStrike"],"picked":"TheCursedMod:CircleOfFlame","floor":10},{"not_picked":["TheCursedMod:CursedArmor","TheCursedMod:Torture"],"picked":"TheCursedMod:Mangle","floor":12},{"not_picked":["TheCursedMod:Torture","TheCursedMod:FleshFromBone","TheCursedMod:CursedShiv"],"picked":"SKIP","floor":13},{"not_picked":["TheCursedMod:CircleOfFlame","TheCursedMod:DemonSword"],"picked":"TheCursedMod:Stigma","floor":14},{"not_picked":["TheCursedMod:Stretching","TheCursedMod:CursedMace"],"picked":"TheCursedMod:CursedBlade","floor":15},{"not_picked":["TheCursedMod:CircleOfAbyss","TheCursedMod:DarkBarrier"],"picked":"TheCursedMod:DemonSword","floor":16},{"not_picked":["TheCursedMod:Torture","TheCursedMod:RapidMovement"],"picked":"TheCursedMod:WearCloak","floor":19},{"not_picked":["TheCursedMod:Stretching","TheCursedMod:CursedBlade"],"picked":"TheCursedMod:CursedAmulet","floor":20},{"not_picked":["TheCursedMod:CursedShiv","TheCursedMod:WearCloak"],"picked":"TheCursedMod:SaltUponWound+1","floor":21},{"not_picked":["TheCursedMod:CircleOfFlame+1","TheCursedMod:CircleOfCorruption"],"picked":"TheCursedMod:SurpriseAttack+1","floor":22},{"not_picked":["TheCursedMod:SmokeScreen+1","TheCursedMod:OutForBlood"],"picked":"TheCursedMod:VitalStrike+1","floor":23},{"not_picked":["TheCursedMod:CursedArmor","TheCursedMod:FleshFromBone"],"picked":"TheCursedMod:WearCloak+1","floor":25},{"not_picked":["TheCursedMod:ReleasedStrength","TheCursedMod:ManaBullet+1"],"picked":"TheCursedMod:CursedSpellbook","floor":26},{"not_picked":["TheCursedMod:FleshFromBone","TheCursedMod:AshesToAshes"],"picked":"TheCursedMod:DoubleShield+1","floor":27},{"not_picked":["TheCursedMod:FuryStrike","TheCursedMod:CursedRelics"],"picked":"TheCursedMod:CursedArmor+1","floor":28},{"not_picked":["TheCursedMod:PrepareRite","TheCursedMod:ReleasedStrength","TheCursedMod:CircleOfFlame"],"picked":"SKIP","floor":29},{"not_picked":["TheCursedMod:Torture+1","TheCursedMod:CursedMace+1"],"picked":"TheCursedMod:Stigma","floor":32},{"not_picked":["TheCursedMod:DemonSword","TheCursedMod:DemonicPact"],"picked":"TheCursedMod:CircleOfAbyss","floor":33},{"not_picked":["TheCursedMod:CircleOfFlame","TheCursedMod:Torture+1"],"picked":"TheCursedMod:Obscuration","floor":36},{"not_picked":["TheCursedMod:CircleOfAmplification","TheCursedMod:CursedShiv+1"],"picked":"TheCursedMod:VitalStrike+1","floor":37},{"not_picked":["TheCursedMod:WearCloak+1","TheCursedMod:CircleOfFlame+1"],"picked":"TheCursedMod:Neurasthenia","floor":38},{"not_picked":["TheCursedMod:TroublousMinions+1","TheCursedMod:CircleOfFlame","TheCursedMod:ManaBullet+1"],"picked":"SKIP","floor":40},{"not_picked":["TheCursedMod:CursedShiv","TheCursedMod:WearCloak+1","TheCursedMod:ReleasedStrength"],"picked":"SKIP","floor":42},{"not_picked":["TheCursedMod:CursedStaff","TheCursedMod:RavingStaff+1"],"picked":"TheCursedMod:SpitefulPray","floor":43},{"not_picked":["TheCursedMod:FleshFromBone+1","TheCursedMod:Stigma+1"],"picked":"TheCursedMod:CursedBlade+1","floor":45},{"not_picked":["TheCursedMod:WearCloak+1","TheCursedMod:RavingStaff+1"],"picked":"TheCursedMod:DoubleShield+1","floor":46},{"not_picked":["TheCursedMod:CircleOfAmplification+1","TheCursedMod:TroublousMinions"],"picked":"TheCursedMod:RavingStaff+1","floor":48},{"not_picked":["TheCursedMod:Obscuration","TheCursedMod:CursedAmulet+1"],"picked":"TheCursedMod:Stigma+1","floor":49}],"player_experience":231465,"relics_obtained":[{"floor":7,"key":"InkBottle"},{"floor":10,"key":"Strawberry"},{"floor":14,"key":"Garlic"},{"floor":23,"key":"StrikeDummy"},{"floor":24,"key":"Durian"},{"floor":28,"key":"Nunchaku"},{"floor":41,"key":"Replay:Bottled Steam"}],"event_choices":[],"is_beta":false,"boss_relics":[{"not_picked":["Philosopher\u0027s Stone","Black Star"],"picked":"TheCursedMod:OminousMark"},{"not_picked":["Painkiller Herb","Replay:Drink Me"],"picked":"Cursed Key"}],"items_purged_floors":[29],"is_endless":false,"potions_floor_spawned":[2,12,14,15,19,21,23,27,32,36,38,43,48],"ascension_level":0}}