{"host":"e326moqq81vao3qq","time":1612451076,"event":{"mods":["BaseMod","Colored Powertips","Highlight Path","Minty Spire (QoL Compilation)","Quick Restart","Relic Stats","Spicy Shops","StSLib","The Druid"],"gold_per_floor":[112,36,50,50,63,95,270,305,329,329,361,375,375,390,390,494,494,494,494],"floor_reached":18,"language":"ENG","playtime":820,"items_purged":[],"score":216,"play_id":"bcd45d07-ff4d-48b8-876f-9f1ec9f83f92","local_time":"20210204100436","is_ascension_mode":true,"campfire_choices":[{"floor":10,"key":"REST"},{"floor":15,"key":"REST"}],"circlet_count":0,"master_deck":["Strike_R","Strike_R","Strike_R","Strike_R","Defend_R","Defend_R","Defend_R","Defend_R","Bash","The Bomb","Body Slam+1","Flame Barrier","True Grit","True Grit","Doubt","Disarm","Sentinel","Barricade"],"relics":["Burning Blood","Toy Ornithopter","PreservedInsect","Kunai","SlaversCollar"],"acts_visited":["Exordium","TheCity"],"potions_floor_usage":[6,14,16],"damage_taken":[{"damage":1,"enemies":"Cultist","floor":1,"turns":4},{"damage":7,"enemies":"Small Slimes","floor":3,"turns":4},{"damage":0,"enemies":"2 Louse","floor":5,"turns":3},{"damage":16,"enemies":"3 Sentries","floor":6,"turns":4},{"damage":49,"enemies":"Gremlin Nob","floor":8,"turns":5},{"damage":9,"enemies":"3 Sentries","floor":11,"turns":5},{"damage":2,"enemies":"Red Slaver","floor":12,"turns":4},{"damage":21,"enemies":"Gremlin Gang","floor":14,"turns":4},{"damage":32,"enemies":"Slime Boss","floor":16,"turns":11},{"damage":78,"enemies":"Spheric Guardian","floor":18,"turns":8}],"seed_played":"-2081377635328871909","potions_obtained":[{"floor":3,"key":"Explosive Potion"},{"floor":8,"key":"Explosive Potion"},{"floor":12,"key":"Regen Potion"}],"is_trial":false,"path_per_floor":["M","$","M","?","M","E","?","E","T","R","E","M","?","M","R","B",null,"M"],"character_chosen":"IRONCLAD","items_purchased":["Flame Barrier"],"campfire_rested":2,"item_purchase_floors":[2],"current_hp_per_floor":[72,72,71,64,70,60,60,17,17,38,35,39,39,29,50,44,72,0,0],"gold":494,"neow_bonus":"RANDOM_COLORLESS_2","is_daily":false,"chose_seed":false,"campfire_upgraded":0,"win_rate":0.0,"timestamp":1612451076,"path_taken":["M","?","M","?","M","E","?","E","T","R","E","M","?","M","R","BOSS","M"],"items_purchased_type":["Card"],"build_version":"2020-12-22","purchased_purges":0,"victory":false,"max_hp_per_floor":[72,72,72,72,72,72,72,72,72,72,72,72,72,72,72,72,72,72,72],"relic_stats":{"counters":[10,52],"PreservedInsect":31,"Kunai":[3],"obtain_stats":[{"SlaversCollar":17,"PreservedInsect":8,"Kunai":11,"Burning Blood":0,"Toy Ornithopter":6},{"SlaversCollar":9,"PreservedInsect":5,"Kunai":6,"Burning Blood":0,"Toy Ornithopter":4},{"SlaversCollar":44,"PreservedInsect":20,"Kunai":25,"Burning Blood":0,"Toy Ornithopter":15}],"Burning Blood":49,"Toy Ornithopter":10},"card_choices":[{"not_picked":["Transmutation","Sadistic Nature"],"picked":"The Bomb","floor":0},{"not_picked":["Dark Embrace","Uppercut"],"picked":"Body Slam","floor":1},{"not_picked":["Pommel Strike","Searing Blow"],"picked":"True Grit","floor":3},{"not_picked":["Anger","Twin Strike"],"picked":"True Grit","floor":5},{"not_picked":["Flex","Headbutt","Armaments"],"picked":"SKIP","floor":6},{"not_picked":["Flex","Metallicize"],"picked":"Disarm","floor":8},{"not_picked":["Anger","Brutality","Uppercut"],"picked":"SKIP","floor":11},{"not_picked":["Whirlwind","Pommel Strike","Heavy Blade"],"picked":"SKIP","floor":12},{"not_picked":["Clothesline","Thunderclap"],"picked":"Sentinel","floor":14},{"not_picked":["Double Tap","Limit Break"],"picked":"Barricade","floor":16}],"player_experience":269720,"relics_obtained":[{"floor":6,"key":"Toy Ornithopter"},{"floor":8,"key":"PreservedInsect"},{"floor":11,"key":"Kunai"}],"event_choices":[{"cards_removed":["Strike_R"],"damage_healed":0,"gold_gain":0,"player_choice":"Card Removal","damage_taken":7,"max_hp_gain":0,"max_hp_loss":0,"event_name":"Golden Wing","floor":4,"gold_loss":0},{"damage_healed":0,"gold_gain":175,"player_choice":"AGREE","damage_taken":0,"max_hp_gain":0,"max_hp_loss":0,"event_name":"Liars Game","floor":7,"gold_loss":0,"cards_obtained":["Doubt"]},{"damage_healed":0,"gold_gain":0,"player_choice":"Forge","damage_taken":0,"max_hp_gain":0,"max_hp_loss":0,"event_name":"Accursed Blacksmith","floor":13,"gold_loss":0,"cards_upgraded":["Body Slam"]}],"is_beta":false,"boss_relics":[{"not_picked":["Tiny House","Busted Crown"],"picked":"SlaversCollar"}],"items_purged_floors":[],"is_endless":false,"potions_floor_spawned":[3,8,12],"killed_by":"Spheric Guardian","ascension_level":4}}