{"host":"2q4w55ev63ot6isg","time":1612456101,"event":{"mods":["Aspiration","BaseMod","Downfall","Hubris","Marisa????????","Minty Spire (QoL Compilation)","Replay The Spire","StSLib","The Cursed","The Jungle","The Servant 0.9.4"],"gold_per_floor":[118,118,128,53,53,53,53,53,87,87,110,110,10,21,54,73,73,171,221,234,253,264,23,23,58,58,58,58,58,75,75,75,3,3,104,104,118,137,151,151,162,162,162],"floor_reached":42,"language":"ENG","playtime":1215,"items_purged":["Strike_R","Strike_R"],"score":572,"play_id":"ed0c714d-a1c8-449c-9340-d3ad8f076167","local_time":"20210204082821","is_ascension_mode":true,"campfire_choices":[{"data":"Sword Boomerang","floor":6,"key":"SMITH"},{"data":"1","floor":10,"key":"LIFT"},{"data":"2","floor":12,"key":"LIFT"},{"floor":17,"key":"REST"},{"floor":27,"key":"REST"},{"data":"3","floor":29,"key":"LIFT"},{"floor":34,"key":"DIG"}],"circlet_count":0,"master_deck":["Strike_R","Defend_R","Defend_R","Defend_R","Bash","Sword Boomerang+1","Pommel Strike+1","Reaper+1","Havoc","Iron Wave+1","Disarm","Feed+1","Blood for Blood+1","Replay:Undeath\u0027s Touch+1","Pommel Strike+1","Havoc+1"],"relics":["hubris:HollowSoul","ReplayTheSpireMod:Ring of Addiction","Chameleon Ring","hubris:EmptyBottle","Girya","aspiration:Lifesprig","Tiny House","Pantograph","Letter Opener","Molten Egg 2","FossilizedHelix","aspiration:FutureDiary"],"acts_visited":["Exordium","TheCity","TheBeyond"],"potions_floor_usage":[9,9,14,15,16,18,18,18,20,21,22,22,25,25,35,35,35,35,35,35,38,39,41,42,42,42],"damage_taken":[{"damage":0,"enemies":"Small Slimes","floor":1,"turns":3},{"damage":11,"enemies":"Cultist","floor":3,"turns":4},{"damage":8,"enemies":"Gremlin Nob","floor":9,"turns":3},{"damage":0,"enemies":"Jaw Worm","floor":14,"turns":2},{"damage":49,"enemies":"3 Sentries","floor":15,"turns":9},{"damage":1,"enemies":"Exordium Thugs","floor":16,"turns":3},{"damage":13,"enemies":"The Guardian","floor":18,"turns":9},{"damage":33,"enemies":"3 Byrds","floor":20,"turns":5},{"damage":39,"enemies":"Shell Parasite","floor":21,"turns":5},{"damage":12,"enemies":"Cultist and Chosen","floor":22,"turns":3},{"damage":29,"enemies":"Replay:Snechameleon","floor":25,"turns":5},{"damage":19,"enemies":"Snake Plant","floor":30,"turns":3},{"damage":46,"enemies":"Champ","floor":35,"turns":6},{"damage":26,"enemies":"3 Shapes","floor":37,"turns":5},{"damage":11,"enemies":"3 Darklings","floor":38,"turns":5},{"damage":0,"enemies":"Spire Growth","floor":39,"turns":4},{"damage":65,"enemies":"Sphere and 2 Shapes","floor":41,"turns":4},{"damage":26,"enemies":"Reptomancer","floor":42,"turns":2}],"seed_played":"-3497896789113712162","potions_obtained":[{"floor":3,"key":"SteroidPotion"},{"floor":5,"key":"BlessingOfTheForge"},{"floor":5,"key":"Dexterity Potion"},{"floor":15,"key":"PowerPotion"},{"floor":18,"key":"PowerPotion"},{"floor":19,"key":"Regen Potion"},{"floor":21,"key":"Adrenaline Potion"},{"floor":31,"key":"champ:CounterPotion"},{"floor":31,"key":"Cursed Concoction"},{"floor":35,"key":"SpeedPotion"},{"floor":37,"key":"BlessingOfTheForge"},{"floor":38,"key":"Swift Potion"}],"is_trial":false,"path_per_floor":["M","?","M","$","?","R","PTL","PTL","E","R","T","R","$","M","E","M","R","B",null,"M","M","M","$","?","E","?","R","T","R","M","R","?","$","R","B",null,"M","M","M","?","M","E"],"character_chosen":"IRONCLAD","items_purchased":["Pantograph","Languid Potion"],"campfire_rested":2,"item_purchase_floors":[23,33],"current_hp_per_floor":[72,72,61,61,61,61,61,61,53,53,53,53,53,53,4,3,25,12,65,63,31,34,34,34,20,20,44,44,44,25,25,25,25,25,28,63,49,58,66,66,17,0,0],"gold":162,"neow_bonus":"BOSS_RELIC","is_daily":false,"chose_seed":false,"campfire_upgraded":1,"win_rate":0.0,"timestamp":1612456101,"path_taken":["M","?","?","$","?","R","PTL","PTL","E","R","T","R","?","M","E","M","R","BOSS","M","?","M","$","?","E","?","R","T","R","?","R","?","?","R","BOSS","M","M","M","?","M","E"],"items_purchased_type":["Relic","Potion"],"build_version":"2020-12-22","purchased_purges":2,"victory":false,"max_hp_per_floor":[80,80,80,80,80,80,80,80,78,78,78,78,76,76,76,76,76,76,81,81,81,81,81,81,81,81,81,81,79,79,79,77,77,77,75,75,79,79,79,79,79,79,79],"card_choices":[{"not_picked":["Clothesline","Life Link","Massacre"],"picked":"SKIP","floor":1},{"not_picked":["Perfected Strike","Anger"],"picked":"Sword Boomerang","floor":3},{"not_picked":["Heavy Blade","Infernal Blade","hubris:ReadiedAction"],"picked":"SKIP","floor":9},{"not_picked":["Bloodletting","Rupture","Run Through"],"picked":"SKIP","floor":14},{"not_picked":["ReplayTheSpireMod:Limb From Limb","Demonic Infusion"],"picked":"Pommel Strike","floor":15},{"not_picked":["Run Through","Body Slam","Twin Strike"],"picked":"SKIP","floor":16},{"not_picked":["Fiend Fire","Double Tap"],"picked":"Reaper","floor":18},{"not_picked":["Dual Wield","True Grit","Rage"],"picked":"SKIP","floor":20},{"not_picked":["Reckless Charge+1","Burning Pact"],"picked":"Havoc","floor":21},{"not_picked":["Run Through+1","True Grit","Life Link+1"],"picked":"SKIP","floor":22},{"not_picked":["Havoc","Thunderclap+1"],"picked":"Iron Wave+1","floor":25},{"not_picked":["Headbutt+1","Power Through"],"picked":"Disarm","floor":30},{"not_picked":["Double Tap","Immolate+1"],"picked":"Feed+1","floor":35},{"not_picked":["Defy Death","Evolve"],"picked":"Blood for Blood+1","floor":37},{"not_picked":["Clothesline+1","Flame Barrier+1"],"picked":"Replay:Undeath\u0027s Touch+1","floor":38},{"not_picked":["hubris:SharpeningStone","Twin Strike+1"],"picked":"Pommel Strike+1","floor":39},{"not_picked":["Thunderclap+1","Run Through+1"],"picked":"Havoc+1","floor":41}],"player_experience":217579,"relics_obtained":[{"floor":5,"key":"ReplayTheSpireMod:Ring of Addiction"},{"floor":5,"key":"Chameleon Ring"},{"floor":5,"key":"hubris:EmptyBottle"},{"floor":9,"key":"Girya"},{"floor":15,"key":"aspiration:Lifesprig"},{"floor":25,"key":"Letter Opener"},{"floor":28,"key":"Molten Egg 2"},{"floor":34,"key":"FossilizedHelix"}],"event_choices":[{"cards_removed":["Strike_R"],"damage_healed":0,"gold_gain":0,"player_choice":"Offered Basic","damage_taken":0,"max_hp_gain":0,"max_hp_loss":0,"event_name":"Bonfire Elementals","floor":2,"gold_loss":0},{"cards_removed":["Strike_R"],"damage_healed":0,"gold_gain":0,"player_choice":"Purged","damage_taken":0,"max_hp_gain":0,"max_hp_loss":0,"event_name":"Purifier","floor":26,"gold_loss":0},{"damage_healed":0,"gold_gain":0,"player_choice":"Ignored","damage_taken":0,"max_hp_gain":0,"max_hp_loss":0,"event_name":"Vampires","floor":32,"gold_loss":0},{"cards_removed":["Defend_R"],"damage_healed":0,"gold_gain":0,"player_choice":"Removed Skill","damage_taken":0,"max_hp_gain":0,"max_hp_loss":0,"event_name":"Falling","floor":40,"gold_loss":0}],"is_beta":false,"boss_relics":[{"not_picked":["aspiration:SilentSkillbook","bronze:MakeshiftBattery"],"picked":"Tiny House"},{"not_picked":["hubris:Stopwatch","Runic Dome"],"picked":"aspiration:FutureDiary"}],"items_purged_floors":[4,13],"is_endless":false,"potions_floor_spawned":[3,15,18,21,35,37,38],"killed_by":"Reptomancer","ascension_level":7}}