{"host":"6to8m083wj0ro91z","time":1612436025,"event":{"mods":["BaseMod","Better Third Choice","BetterRewards","CatGirl Mod","ChefMod","Friendly Minions","Hubris","Mad Scientist","Marisa????????","Minty Spire (QoL Compilation)","Railgun Mod","Robot Space Explorer","Shade Mod","Spicy Shops","StSLib","The Alterego","The Blackbeard","The Death Knight","The Gatherer","The Marked","The Mystic","The Necromancer","The Servant 0.9.4"],"gold_per_floor":[116,130,130,149,149,190,190,234,260,260,36,36,36,54,54,183,183,206,206,206,206,221,260,260,300,300,314,314,314,357,5,5,125,125,149,149,168,68,68,109,9,33,33,33,56,56,89,51,51,51,51,51,25,64,64],"floor_reached":56,"language":"ENG","playtime":1842,"items_purged":["Gatherer:Strike_Gatherer","Gatherer:Strike_Gatherer","Gatherer:Strike_Gatherer","Gatherer:Strike_Gatherer","Gatherer:Defend_Gatherer","Gatherer:Centralize"],"score":1523,"play_id":"39ba9523-e5e2-4530-a6b0-9bec8552d82e","local_time":"20210204115345","is_ascension_mode":true,"metric_token":1489,"campfire_choices":[{"data":"Gatherer:FlowerBeam+1","floor":7.0,"key":"SMITH"},{"data":"Gatherer:FlowerShield+1","floor":10.0,"key":"SMITH"},{"data":"Gatherer:FlowerWhip+1","floor":12.0,"key":"SMITH"},{"data":"Gatherer:Snatch","floor":15,"key":"SMITH"},{"data":"Gatherer:BomberForm","floor":24,"key":"SMITH"},{"data":"Gatherer:EnergyBasket","floor":28,"key":"SMITH"},{"data":"Gatherer:Examine","floor":32,"key":"SMITH"},{"data":"Gatherer:FlowerShield+1","floor":44,"key":"SMITH"},{"data":"1","floor":46,"key":"LIFT"},{"floor":49,"key":"RECALL"},{"data":"2","floor":52,"key":"LIFT"}],"circlet_count":0,"master_deck":["Gatherer:Defend_Gatherer","Gatherer:Defend_Gatherer","Gatherer:Defend_Gatherer","Gatherer:Defend_Gatherer","Gatherer:FlowerWhip+3","Gatherer:FlowerShield+3","Gatherer:FlowerBeam+3","Gatherer:Nutrients","Gatherer:Snatch+1","Gatherer:Examine+1","Gatherer:BomberForm+1","Gatherer:TacticalStrike","Gatherer:EnergyBasket+1","Gatherer:GrowBook+1","Madness+1","Madness+1","Gatherer:FlowerShield+2","Gatherer:RecoveryHerb+1","Gatherer:EnergyBasket+1"],"relics":["Gatherer:AlchemyBag","Oddly Smooth Stone","hubris:SphereOfDissonance","Vajra","Bronze Scales","hubris:TenFootPole","hubris:OldNail","Golden Idol","Eternal Feather","Bag of Marbles","HandDrill","Lee\u0027s Waffle","SacredBark","MutagenicStrength","Centennial Puzzle","DeathKnight:PutricidesVial","Anchor","Pen Nib","Membership Card","Toxic Egg 2","Cursed Key","Girya","Juzu Bracelet","hubris:SlimyHat","Blue Candle"],"acts_visited":["Exordium","TheCity","TheBeyond","TheEnding"],"potions_floor_usage":[25,55,55,55,55,55,55],"damage_taken":[{"damage":0.0,"enemies":"2 Louse","floor":1.0,"turns":2.0},{"damage":0.0,"enemies":"Small Slimes","floor":2.0,"turns":2.0},{"damage":0.0,"enemies":"Cultist","floor":4.0,"turns":2.0},{"damage":1.0,"enemies":"Lagavulin","floor":6.0,"turns":4.0},{"damage":0.0,"enemies":"3 Sentries","floor":8.0,"turns":5.0},{"damage":0,"enemies":"2 Fungi Beasts","floor":14,"turns":2},{"damage":4,"enemies":"Slime Boss","floor":16,"turns":5},{"damage":0,"enemies":"Chosen","floor":18,"turns":2},{"damage":0,"enemies":"Shell Parasite","floor":22,"turns":2},{"damage":0,"enemies":"Gremlin Leader","floor":23,"turns":3},{"damage":0,"enemies":"Book of Stabbing","floor":25,"turns":3},{"damage":0,"enemies":"Snecko","floor":27,"turns":3},{"damage":0,"enemies":"Gremlin Leader","floor":30,"turns":3},{"damage":24,"enemies":"Champ","floor":33,"turns":4},{"damage":0,"enemies":"3 Darklings","floor":35,"turns":3},{"damage":0,"enemies":"Orb Walker","floor":37,"turns":2},{"damage":0,"enemies":"Giant Head","floor":40,"turns":4},{"damage":7,"enemies":"4 Shapes","floor":42,"turns":5},{"damage":0,"enemies":"Sphere and 2 Shapes","floor":45,"turns":2},{"damage":0,"enemies":"Nemesis","floor":47,"turns":1},{"damage":22,"enemies":"Awakened One","floor":50,"turns":6},{"damage":7,"enemies":"Shield and Spear","floor":54,"turns":4},{"damage":1,"enemies":"The Heart","floor":55,"turns":4}],"seed_played":"1725658896190957944","potions_obtained":[{"floor":6.0,"key":"PowerPotion"},{"floor":8.0,"key":"EssenceOfSteel"},{"floor":14,"key":"DeathKnight:RimePotion"},{"floor":25,"key":"Block Potion"}],"is_trial":false,"path_per_floor":["M","M","?","M","?","E","R","E","T","R","$","R","?","M","R","B",null,"M","?","?","?","M","E","R","E","T","M","R","?","E","$","R","B",null,"M","?","M","NS","?","E","$","M","T","R","M","R","E","$","R","B",null,"R","$","E","B",null],"character_chosen":"THE_GATHERER","items_purchased":["Oddly Smooth Stone","hubris:SphereOfDissonance","Vajra","Bronze Scales","Gatherer:FlowerShield","hubris:TenFootPole","hubris:OldNail","GhostInAJar","HandDrill","Lee\u0027s Waffle","Membership Card","Toxic Egg 2","hubris:SlimyHat","Gatherer:EnergyBasket+1"],"campfire_rested":0,"item_purchase_floors":[0,0,0,0,0,0,0,0,11,11,31,31,48,53],"current_hp_per_floor":[30,30,21,21,26,25,31,31,31,37,84,84,84,84,84,80,84,84,72,72,72,72,72,78,78,78,81,84,80,80,80,84,60,84,84,84,84,84,79,82,82,75,75,84,84,84,84,84,84,67,84,84,84,79,84],"gold":64,"neow_bonus":"","is_daily":false,"chose_seed":false,"campfire_upgraded":8,"win_rate":0.0,"timestamp":1612436025,"path_taken":["M","M","?","M","?","E","R","E","T","R","$","R","?","?","R","BOSS","M","?","?","?","M","E","R","E","T","M","R","?","E","?","R","BOSS","M","?","M","NS","?","E","$","M","T","R","M","R","E","$","R","BOSS","R","$","E","BOSS"],"items_purchased_type":["Relic","Relic","Relic","Relic","Card","Relic","Relic","Potion","Relic","Relic","Relic","Relic","Relic","Card"],"build_version":"2020-12-22","purchased_purges":6,"victory":true,"max_hp_per_floor":[72,72,72,72,77,77,77,77,77,77,84,84,84,84,84,84,84,84,84,84,84,84,84,84,84,84,84,84,84,84,84,84,84,84,84,84,84,84,84,84,84,84,84,84,84,84,84,84,84,84,84,84,84,84,84],"card_choices":[{"not_picked":["Gatherer:MiningStrike","Gatherer:BambuSword"],"picked":"Gatherer:FlowerBeam","floor":1.0},{"not_picked":["Gatherer:AromaProtection","Gatherer:FeelingFine"],"picked":"Gatherer:Nutrients","floor":2.0},{"not_picked":["Gatherer:EchoOfNature","Gatherer:FragileHammer","Gatherer:RecipeChange"],"picked":"SKIP","floor":4.0},{"not_picked":["Gatherer:SaveValuables","Gatherer:FlowerPower","Gatherer:PotentialSlash"],"picked":"SKIP","floor":6.0},{"not_picked":["Gatherer:Misfortune","Gatherer:Transmute"],"picked":"Gatherer:Snatch","floor":8.0},{"not_picked":["Gatherer:GlowingPlant","Gatherer:CollectorsShot","Gatherer:Duality"],"picked":"SKIP","floor":14},{"not_picked":["Gatherer:CursedBlade","Gatherer:FinishingStrike"],"picked":"Gatherer:Examine","floor":16},{"not_picked":["Gatherer:SaveValuables+1","Gatherer:DrugPower","Gatherer:FragileHammer"],"picked":"SKIP","floor":18},{"not_picked":["Gatherer:FruitForce","Gatherer:RecipeChange+1"],"picked":"Gatherer:FlowerBeam+1","floor":22},{"not_picked":["Gatherer:PotentialSlash","Gatherer:Pollute"],"picked":"Gatherer:BomberForm","floor":23},{"not_picked":["Gatherer:FeelingFine","Gatherer:MiningStrike"],"picked":"Gatherer:TacticalStrike","floor":25},{"not_picked":["Gatherer:QuickSynthesis+1","Gatherer:TreeGrowth"],"picked":"Gatherer:EnergyBasket","floor":27},{"not_picked":["Gatherer:TacticalStrike","Gatherer:Convert","Gatherer:MiningStrike+1"],"picked":"SKIP","floor":30},{"not_picked":["Gatherer:BomberForm","Gatherer:MindSearch+1"],"picked":"Gatherer:GrowBook+1","floor":33},{"not_picked":["Gatherer:CollectorsShot","Gatherer:Convert+1","Gatherer:BambuSword"],"picked":"SKIP","floor":35},{"not_picked":["Mind Blast","HandOfGreed"],"picked":"hubris:Ssssneak+1","floor":36},{"not_picked":["Gatherer:FlowerFalling","Gatherer:AcidicSpray+1","Gatherer:Transmute+1"],"picked":"SKIP","floor":37},{"not_picked":["Gatherer:SaveValuables+1","Gatherer:AcidicSpray+1","Gatherer:DrugPower+1"],"picked":"SKIP","floor":40},{"not_picked":["Gatherer:AromaProtection+1","Gatherer:RecoveryHerb+1"],"picked":"Gatherer:FlowerShield+1","floor":42},{"not_picked":["Gatherer:TacticalStrike","Gatherer:FlowerFalling"],"picked":"Gatherer:RecoveryHerb+1","floor":45},{"not_picked":["Gatherer:FlowerFalling","Gatherer:Examine+1","Gatherer:WoolGloves+1"],"picked":"SKIP","floor":47},{"not_picked":["Gatherer:Snatch","Gatherer:CollectorsShot","Gatherer:AlchemyTrial+1"],"picked":"SKIP","floor":54}],"player_experience":1108694,"relics_obtained":[{"floor":6.0,"key":"Eternal Feather"},{"floor":8.0,"key":"Bag of Marbles"},{"floor":25,"key":"Centennial Puzzle"},{"floor":26,"key":"DeathKnight:PutricidesVial"},{"floor":30,"key":"Pen Nib"},{"floor":40,"key":"Girya"},{"floor":47,"key":"Juzu Bracelet"},{"floor":54,"key":"Blue Candle"}],"event_choices":[{"damage_healed":0.0,"max_hp_gain":0.0,"max_hp_loss":0.0,"gold_gain":0.0,"event_name":"Golden Idol","player_choice":"Take Damage","floor":3.0,"gold_loss":0.0,"damage_taken":18.0,"relics_obtained":["Golden Idol"]},{"damage_healed":0.0,"max_hp_gain":5.0,"max_hp_loss":0.0,"gold_gain":0.0,"event_name":"Big Fish","player_choice":"Donut","floor":5.0,"gold_loss":0.0,"damage_taken":0.0},{"damage_healed":0,"gold_gain":0,"player_choice":"Ignored","damage_taken":0,"max_hp_gain":0,"max_hp_loss":0,"event_name":"WeMeetAgain","floor":13,"gold_loss":0},{"damage_healed":0,"gold_gain":0,"player_choice":"Inject Mutagens","damage_taken":0,"relics_obtained":["MutagenicStrength"],"max_hp_gain":0,"max_hp_loss":0,"event_name":"Drug Dealer","floor":20,"gold_loss":0},{"cards_removed":["Gatherer:Strike_Gatherer"],"damage_healed":0,"gold_gain":0,"player_choice":"Elegance","damage_taken":0,"max_hp_gain":0,"max_hp_loss":0,"event_name":"betterThird:BetterWriting","floor":21,"gold_loss":0},{"damage_healed":0,"gold_gain":0,"player_choice":"Anchor","damage_taken":0,"relics_obtained":["Anchor"],"max_hp_gain":0,"max_hp_loss":0,"event_name":"blackbeard:ShipwreckEvent","floor":29,"gold_loss":0},{"damage_healed":0,"gold_gain":0,"player_choice":"Memory 1","damage_taken":0,"max_hp_gain":0,"max_hp_loss":0,"event_name":"SensoryStone","floor":36,"gold_loss":0},{"damage_healed":0,"gold_gain":0,"player_choice":"Embrace Madness","damage_taken":11,"max_hp_gain":0,"max_hp_loss":0,"event_name":"Winding Halls","floor":39,"gold_loss":0,"cards_obtained":["Madness","Madness"]}],"is_beta":false,"boss_relics":[{"not_picked":["Ectoplasm","Velvet Choker"],"picked":"SacredBark"},{"not_picked":["hubris:ScarierMask","hubris:BlackHole"],"picked":"Cursed Key"}],"items_purged_floors":[0,0,0,0,31,41],"is_endless":false,"potions_floor_spawned":[6,8,14,22,25,27,30,33,42,45,47,54],"ascension_level":1}}