{"host":"18ybagvpjbhxblmx","time":1612482485,"event":{"mods":["BaseMod","BetterRewards","Colored Map","Conspire","Friendly Minions","Hubris","Infinite Spire","Koishi","Marisa????????","Minty Spire (QoL Compilation)","Quick Restart","Replay The Spire","StSLib","The Administrix","The Servant 0.9.4"],"gold_per_floor":[116,116,116,16,49,49,89,89,114,114,198,198,198,73,73,277,277,269,291,291,519,532,776,894,894,921,997,696,696,696,918,918,1021,1021,1164,1220,1255,1255,1255,1403,1748,2420,2469,2469,2469,2649,2649,2872,2872,2876],"floor_reached":51,"language":"ENG","playtime":7733,"items_purged":["Defend_MRS","Strike_MRS","Strike_MRS","Strike_MRS","UpSweep","Defend_MRS"],"score":1095,"play_id":"37e06e3c-e910-4ad6-a5cf-32717335a934","local_time":"20210205004805","is_ascension_mode":false,"campfire_choices":[{"data":"OortCloud","floor":6.0,"key":"SMITH"},{"data":"OortCloud+1","floor":8.0,"key":"SMITH"},{"data":"OortCloud+2","floor":10.0,"key":"SMITH"},{"data":"OortCloud+3","floor":13.0,"key":"SMITH"},{"data":"OortCloud+4","floor":15.0,"key":"SMITH"},{"data":"GalacticHalo+1","floor":25.0,"key":"SMITH"},{"data":"EnergyFlow","floor":32.0,"key":"SMITH"},{"data":"EnergyFlow+1","floor":45,"key":"SMITH"},{"data":"CollectingQuirk","floor":47,"key":"SMITH"},{"data":"OortCloud+6","floor":49,"key":"SMITH"}],"circlet_count":0,"master_deck":["Defend_MRS","Defend_MRS","MasterSpark","OortCloud+7","ShootingEcho","Robbery","GalacticHalo+2","BlazeAway","EnergyFlow+2","TreasureHunter","CollectingQuirk+1"],"relics":["MiniHakkero","Replay:PocketPolymizer","conspire:InfiniteJournal","infinitespire:Lucky Rock","ShroomBag","hubris:Backtick","Singing Bowl","Empty Cage","Thread and Needle","Replay:Bandana","Oddly Smooth Stone","Replay:Baseball","MutagenicStrength","hubris:BottledHeart","Mango","infinitespire:EvilPickle","hubris:ToyBattleship","hubris:BottledRain","Smiling Mask","Centennial Puzzle","ReplayFunnel"],"acts_visited":["Exordium","TheCity","TheBeyond"],"potions_floor_usage":[33],"damage_taken":[{"damage":0.0,"enemies":"2 Louse","floor":1.0,"turns":3.0},{"damage":5.0,"enemies":"Jaw Worm","floor":5.0,"turns":4.0},{"damage":1.0,"enemies":"Cultist","floor":7.0,"turns":5.0},{"damage":2.0,"enemies":"Blue Slaver","floor":11.0,"turns":23.0},{"damage":9.0,"enemies":"Slime Boss","floor":16.0,"turns":17.0},{"damage":10.0,"enemies":"2 Thieves","floor":18.0,"turns":4.0},{"damage":0.0,"enemies":"conspire:FuzzyDice","floor":19.0,"turns":12.0},{"damage":0.0,"enemies":"conspire:HollyBat","floor":21.0,"turns":12.0},{"damage":9.0,"enemies":"Centurion and Healer","floor":22.0,"turns":18.0},{"damage":0.0,"enemies":"conspire:Head Lice","floor":23.0,"turns":10.0},{"damage":0.0,"enemies":"Snake Plant","floor":24.0,"turns":9.0},{"damage":8.0,"enemies":"Chosen and Byrds","floor":27.0,"turns":17.0},{"damage":0.0,"enemies":"conspire:HollyBat","floor":31.0,"turns":12.0},{"damage":0,"enemies":"Pondfish","floor":33,"turns":9},{"damage":0,"enemies":"3 Darklings","floor":35,"turns":12},{"damage":0,"enemies":"2 Orb Walkers","floor":36,"turns":6},{"damage":0,"enemies":"Orb Walker","floor":37,"turns":6},{"damage":0,"enemies":"Nemesis","floor":40,"turns":11},{"damage":0,"enemies":"Writhing Mass","floor":41,"turns":9},{"damage":0,"enemies":"Giant Head","floor":42,"turns":9},{"damage":0,"enemies":"3 Darklings","floor":46,"turns":5},{"damage":0,"enemies":"R_Hoarder","floor":48,"turns":11},{"damage":0,"enemies":"Replay:Hell Engine","floor":50,"turns":11}],"seed_played":"7230278060204386023","potions_obtained":[{"floor":1.0,"key":"Languid Potion"},{"floor":5.0,"key":"PowerPotion"},{"floor":16.0,"key":"LiquidMemories"},{"floor":18.0,"key":"Adrenaline Potion"},{"floor":31.0,"key":"ColorlessPotion"},{"floor":33,"key":"ColorlessPotion"},{"floor":40,"key":"Adrenaline Potion"},{"floor":46,"key":"Swift Potion"}],"is_trial":false,"path_per_floor":["M","?","?","$","M","R","M","R","T","R","M","?","R","$","R","B",null,"M","M","AVR","M","M","E","M","R","T","M","$","?","?","M","R","B",null,"M","?","M","?","AVR","E","M","E","T","?","R","M","R","E","R","B",null],"character_chosen":"MARISA","items_purchased":["OortCloud","ShootingEcho","Replay:Baseball"],"campfire_rested":0,"item_purchase_floors":[0,0,28],"current_hp_per_floor":[40,40,33,33,28,28,27,27,27,27,29,29,29,29,29,20,69,61,61,61,63,54,56,58,58,58,52,52,52,1,1,1,1,1,1,1,1,1,1,1,1,1,1,1,1,1,1,1,1,1],"gold":2876,"neow_bonus":"","is_daily":false,"chose_seed":false,"campfire_upgraded":10,"win_rate":0.0,"timestamp":1612482485,"path_taken":["M","?","?","?","M","R","M","R","T","R","?","?","R","$","R","BOSS","M","M","AVR","M","?","E","?","R","T","M","$","?","?","M","R","BOSS","M","?","M","?","AVR","E","?","E","T","?","R","M","R","E","R","BOSS"],"items_purchased_type":["Card","Card","Relic"],"build_version":"2020-12-22","purchased_purges":6,"victory":true,"max_hp_per_floor":[75,75,75,75,75,75,75,75,75,75,75,69,69,69,69,69,69,71,71,71,73,73,75,77,77,77,79,79,79,1,1,1,1,1,1,1,1,1,1,1,1,1,1,1,1,1,1,1,1,1],"card_choices":[{"not_picked":["IllusionStar","NonDirectionalLaser"],"picked":"Robbery","floor":1.0},{"not_picked":["DragonMeteor","GasGiant","GrandCross"],"picked":"SKIP","floor":5.0},{"not_picked":["OneTimeOff","IllusionStar","EnergyRecoil"],"picked":"SKIP","floor":7.0},{"not_picked":["DeepEcoloBomb","PulseMagic","WitchOfGreed"],"picked":"SKIP","floor":11.0},{"not_picked":["CollectingQuirk","CasketOfStar"],"picked":"JA","floor":16.0},{"not_picked":["EventHorizon+1","StarBarrage+1","MeteoricShower"],"picked":"Singing Bowl","floor":18.0},{"not_picked":["WitchLeyline+1","DarkMatter"],"picked":"GalacticHalo+1","floor":19.0},{"not_picked":["SporeBomb","NonDirectionalLaser","DC"],"picked":"Singing Bowl","floor":21.0},{"not_picked":["Acceleration","PowerUp"],"picked":"BlazeAway","floor":22.0},{"not_picked":["DoubleSpark+1","DC","MagicAbsorber"],"picked":"Singing Bowl","floor":23.0},{"not_picked":["SuperPerseids+1","WitchOfGreed","Acceleration"],"picked":"Singing Bowl","floor":24.0},{"not_picked":["MysteriousBeam","IllusionStar","AlicesGift"],"picked":"Singing Bowl","floor":27.0},{"not_picked":["ChargingUp+1","Orbital"],"picked":"EnergyFlow","floor":31.0},{"not_picked":["AbsoluteMagnitude","MillisecondPulsars"],"picked":"TreasureHunter","floor":33},{"not_picked":["EnergyFlow","AsteroidBelt+1","UnstableBomb"],"picked":"Singing Bowl","floor":35},{"not_picked":["AsteroidBelt+1","LuminesStrike","GravityBeat+1"],"picked":"Singing Bowl","floor":36},{"not_picked":["EarthLightRay+1","IllusionStar","DarkSpark+1"],"picked":"Singing Bowl","floor":37},{"not_picked":["WitchLeyline","CollectingQuirk","RefractionSpark+1"],"picked":"Singing Bowl","floor":40},{"not_picked":["OortCloud+1","DC","GrandCross+1"],"picked":"Singing Bowl","floor":41},{"not_picked":["EventHorizon+1","StarBarrage"],"picked":"CollectingQuirk","floor":42},{"not_picked":["ReplayTheSpireMod:??????????????????????","ReplayTheSpireMod:Chaos Vortex","hubris:Fate"],"picked":"Singing Bowl","floor":44},{"not_picked":["UnstableBomb+1","StarBarrage","WitchOfGreed+1"],"picked":"Singing Bowl","floor":46},{"not_picked":["EarthLightRay","MagicAbsorber+1","BigCrunch"],"picked":"Singing Bowl","floor":48}],"player_experience":187074,"relics_obtained":[{"floor":9.0,"key":"ShroomBag"},{"floor":23.0,"key":"Replay:Bandana"},{"floor":26.0,"key":"Oddly Smooth Stone"},{"floor":36,"key":"Mango"},{"floor":40,"key":"hubris:ToyBattleship"},{"floor":42,"key":"hubris:BottledRain"},{"floor":43,"key":"Smiling Mask"},{"floor":48,"key":"Centennial Puzzle"},{"floor":48,"key":"ReplayFunnel"}],"event_choices":[{"damage_healed":0.0,"max_hp_gain":0.0,"max_hp_loss":0.0,"gold_gain":0.0,"event_name":"Scrap Ooze","player_choice":"Success","floor":3.0,"gold_loss":0.0,"damage_taken":7.0,"relics_obtained":["infinitespire:Lucky Rock"]},{"cards_removed":["Parasite","Parasite"],"damage_healed":0.0,"max_hp_gain":0.0,"max_hp_loss":0.0,"gold_gain":0.0,"event_name":"Fountain of Cleansing","player_choice":"Removed Curses","floor":12.0,"gold_loss":0.0,"damage_taken":0.0},{"damage_healed":0.0,"max_hp_gain":0.0,"max_hp_loss":0.0,"gold_gain":0.0,"event_name":"Drug Dealer","player_choice":"Inject Mutagens","floor":29.0,"gold_loss":0.0,"damage_taken":0.0,"relics_obtained":["MutagenicStrength"]},{"damage_healed":0,"gold_gain":0,"player_choice":"Fight","damage_taken":0,"max_hp_gain":0,"max_hp_loss":0,"event_name":"Mysterious Sphere","floor":36,"gold_loss":0},{"damage_healed":0,"gold_gain":0,"player_choice":"Upgraded","damage_taken":0,"max_hp_gain":0,"max_hp_loss":0,"event_name":"Upgrade Shrine","floor":38,"gold_loss":0,"cards_upgraded":["OortCloud"]}],"is_beta":false,"boss_relics":[{"not_picked":["Tiny House","Replay:Grab Bag"],"picked":"hubris:Backtick"},{"not_picked":["hubris:GrandSneckoEye","Busted Crown","Replay:Bronze Core"]}],"items_purged_floors":[0,4,14,20,28,39],"is_endless":false,"potions_floor_spawned":[1,5,16,18,19,24,31,33,40,41,46,48],"ascension_level":0}}