{"host":"8is2j71l4wmybkoi","time":1612425095,"event":{"mods":["AchievementEnabler","BaseMod","Colored Map","Minty Spire (QoL Compilation)","Rare Cards Sparkle","StSLib","SuperFastMode"],"gold_per_floor":[13,23,23,23,23,23,37,51,77,77,89,89,106,106,106,184,184,196,209,209,7,7,37,37,37,37],"floor_reached":25,"language":"KOR","playtime":723,"items_purged":[],"score":369,"play_id":"8e6ae0a0-b779-4e0a-a33d-381b92464c5a","local_time":"20210204165135","is_ascension_mode":true,"campfire_choices":[{"data":"Zap","floor":6.0,"key":"SMITH"},{"data":"Recycle","floor":10,"key":"SMITH"},{"data":"Dualcast","floor":12,"key":"SMITH"},{"data":"Hologram","floor":15,"key":"SMITH"},{"data":"Hyperbeam","floor":24,"key":"SMITH"}],"circlet_count":0,"master_deck":["AscendersBane","Defend_B","Defend_B","Defend_B","Zap+1","Dualcast+1","Ball Lightning","Go for the Eyes","Recycle+1","Hologram+1","Gash","Hyperbeam+1","Auto Shields+1","Biased Cognition+1","Beam Cell+1","Coolheaded","Barrage+1","RitualDagger","Heatsinks"],"relics":["Cracked Core","Pocketwatch","Astrolabe","Mummified Hand","Runic Capacitor","Pen Nib"],"acts_visited":["Exordium","TheCity"],"potions_floor_usage":[16,18,23,23],"damage_taken":[{"damage":4.0,"enemies":"Jaw Worm","floor":1.0,"turns":3.0},{"damage":2.0,"enemies":"2 Louse","floor":2.0,"turns":2.0},{"damage":0.0,"enemies":"Small Slimes","floor":7.0,"turns":2.0},{"damage":28,"enemies":"Exordium Thugs","floor":8,"turns":4},{"damage":8,"enemies":"Blue Slaver","floor":11,"turns":3},{"damage":2,"enemies":"Red Slaver","floor":13,"turns":3},{"damage":43,"enemies":"Slime Boss","floor":16,"turns":10},{"damage":12,"enemies":"2 Thieves","floor":18,"turns":4},{"damage":2,"enemies":"3 Byrds","floor":19,"turns":3},{"damage":15,"enemies":"Gremlin Leader","floor":23,"turns":5},{"damage":42,"enemies":"Slavers","floor":25,"turns":3}],"seed_played":"-4817281644586966809","potions_obtained":[{"floor":2.0,"key":"LiquidMemories"},{"floor":8,"key":"SpeedPotion"},{"floor":18,"key":"Ancient Potion"}],"is_trial":false,"path_per_floor":["M","M","?","?","?","R","M","M","T","R","M","R","M","?","R","B",null,"M","M","T","$","?","E","R","E"],"character_chosen":"DEFECT","items_purchased":["Runic Capacitor","Block Potion"],"campfire_rested":0,"item_purchase_floors":[21,21],"current_hp_per_floor":[60,58,58,63,56,56,56,28,28,28,20,20,18,86,86,43,75,63,61,61,61,55,40,40,0,0],"gold":37,"neow_bonus":"ONE_RARE_RELIC","is_daily":false,"chose_seed":false,"campfire_upgraded":5,"win_rate":0.0,"timestamp":1612425095,"path_taken":["M","M","?","?","?","R","M","?","T","R","M","R","M","?","R","BOSS","M","M","?","$","?","E","R","E"],"items_purchased_type":["Relic","Potion"],"build_version":"2020-12-22","purchased_purges":0,"victory":false,"max_hp_per_floor":[71,71,71,76,76,76,76,76,76,76,76,76,76,86,86,86,86,86,86,86,86,86,86,86,86,86],"card_choices":[{"not_picked":["Coolheaded","Gash"],"picked":"Ball Lightning","floor":1.0},{"not_picked":["Streamline","Stack"],"picked":"Go for the Eyes","floor":2.0},{"not_picked":["Ball Lightning","Recycle"],"picked":"Meteor Strike","floor":7.0},{"not_picked":["Stack","Consume"],"picked":"Recycle","floor":8},{"not_picked":["Ball Lightning","Steam"],"picked":"Hologram","floor":11},{"not_picked":["Coolheaded","Turbo"],"picked":"Gash","floor":13},{"not_picked":["Rainbow","Multi-Cast"],"picked":"Hyperbeam","floor":16},{"not_picked":["Hologram","Consume"],"picked":"Coolheaded","floor":18},{"not_picked":["Storm","Stack"],"picked":"Barrage+1","floor":19},{"not_picked":["Recycle","Barrage"],"picked":"Heatsinks","floor":23}],"player_experience":952891,"relics_obtained":[{"floor":20,"key":"Mummified Hand"},{"floor":23,"key":"Pen Nib"}],"event_choices":[{"cards_removed":["Strike_B"],"damage_healed":0.0,"max_hp_gain":0.0,"max_hp_loss":0.0,"gold_gain":0.0,"event_name":"Living Wall","player_choice":"Forget","floor":3.0,"gold_loss":0.0,"damage_taken":0.0},{"damage_healed":0.0,"max_hp_gain":5.0,"max_hp_loss":0.0,"gold_gain":0.0,"event_name":"Big Fish","player_choice":"Donut","floor":4.0,"gold_loss":0.0,"damage_taken":0.0},{"cards_removed":["Strike_B"],"damage_healed":0.0,"max_hp_gain":0.0,"max_hp_loss":0.0,"gold_gain":0.0,"event_name":"Golden Wing","player_choice":"Card Removal","floor":5.0,"gold_loss":0.0,"damage_taken":7.0},{"cards_removed":["Meteor Strike"],"damage_healed":58,"gold_gain":0,"player_choice":"Offered Rare","damage_taken":0,"max_hp_gain":10,"max_hp_loss":0,"event_name":"Bonfire Elementals","floor":14,"gold_loss":0},{"damage_healed":0,"gold_gain":0,"player_choice":"Joined the Cult","damage_taken":6,"max_hp_gain":0,"max_hp_loss":0,"event_name":"Nest","floor":22,"gold_loss":0,"cards_obtained":["RitualDagger"]}],"is_beta":false,"boss_relics":[{"not_picked":["Empty Cage","Philosopher\u0027s Stone"],"picked":"Astrolabe"}],"items_purged_floors":[],"is_endless":false,"potions_floor_spawned":[2,8,18],"killed_by":"Slavers","ascension_level":15}}