{"host":"6febr6iklru1ag3j","time":1612423952,"event":{"mods":["BaseMod","Better Note","DeckTracker","Hubris","Minty Spire (QoL Compilation)","Replay The Spire","Shop Mod","StSLib","slay the spire mod where everything is the same but ironclad has a cowboy hat"],"gold_per_floor":[110,123,143,143,155,155,186,204,204,204,217,64,84,110,110,110,110],"floor_reached":16,"language":"ENG","playtime":640,"items_purged":[],"score":120,"play_id":"cb60c8d3-ced6-49c0-a1f1-124f40a10235","local_time":"20210204023232","is_ascension_mode":true,"campfire_choices":[{"data":"Catalyst","floor":6,"key":"SMITH"},{"data":"Deflect","floor":10,"key":"SMITH"},{"floor":15,"key":"REST"}],"circlet_count":0,"master_deck":["Strike_G","Strike_G","Strike_G","Strike_G","Strike_G","Defend_G","Defend_G+1","Defend_G","Defend_G+1","Defend_G","Survivor","Neutralize","Dagger Throw","Caltrops","Catalyst+1","hubris:Counter","Deflect+1","Backflip","Fluid Movement"],"relics":["Ring of the Snake","NeowsBlessing","Pen Nib","Juzu Bracelet","Simple Rune"],"acts_visited":["Exordium"],"potions_floor_usage":[8,16],"damage_taken":[{"damage":0,"enemies":"Cultist","floor":1,"turns":1},{"damage":0,"enemies":"Jaw Worm","floor":2,"turns":1},{"damage":0,"enemies":"2 Louse","floor":3,"turns":1},{"damage":9,"enemies":"Blue Slaver","floor":5,"turns":5},{"damage":7,"enemies":"Replay:BlueRogue","floor":7,"turns":8},{"damage":15,"enemies":"Exordium Wildlife","floor":8,"turns":6},{"damage":11,"enemies":"3 Louse","floor":11,"turns":4},{"damage":5,"enemies":"Blue Slaver","floor":13,"turns":3},{"damage":50,"enemies":"Fading Forest","floor":16,"turns":7}],"seed_played":"7852550107296377235","potions_obtained":[{"floor":3,"key":"FearPotion"},{"floor":4,"key":"AttackPotion"},{"floor":4,"key":"Doom Potion"},{"floor":7,"key":"Death Potion"}],"is_trial":false,"path_per_floor":["M","M","M","?","M","R","E","M","T","R","M","$","M","T","R","B"],"character_chosen":"THE_SILENT","items_purchased":["Juzu Bracelet"],"campfire_rested":1,"item_purchase_floors":[12],"current_hp_per_floor":[70,70,70,70,61,61,54,39,39,39,28,28,23,23,44,0,0],"gold":110,"neow_bonus":"THREE_ENEMY_KILL","is_daily":false,"chose_seed":false,"campfire_upgraded":2,"win_rate":0.0,"timestamp":1612423952,"path_taken":["M","?","M","?","?","R","E","M","T","R","M","$","M","?","R","BOSS"],"items_purchased_type":["Relic"],"build_version":"2020-12-22","purchased_purges":0,"victory":false,"max_hp_per_floor":[70,70,70,70,70,70,70,70,70,70,70,70,70,70,70,70,70],"card_choices":[{"not_picked":["Hidden Blade","Outmaneuver"],"picked":"Dagger Throw","floor":1},{"not_picked":["Tactician","Prepared"],"picked":"Caltrops","floor":2},{"not_picked":["Bane","hubris:Counter"],"picked":"Catalyst","floor":3},{"not_picked":["Terror","Venomology"],"picked":"hubris:Counter","floor":5},{"not_picked":["Eviscerate","Heel Hook","Underhanded Strike"],"picked":"SKIP","floor":7},{"not_picked":["Concentrate","Replay:Poison Smokescreen"],"picked":"Deflect","floor":8},{"not_picked":["Dodge and Roll","Slice"],"picked":"Backflip","floor":11},{"not_picked":["Blade Dance","Dodge and Roll"],"picked":"Fluid Movement","floor":13}],"player_experience":439272,"relics_obtained":[{"floor":7,"key":"Pen Nib"},{"floor":14,"key":"Simple Rune"}],"event_choices":[{"damage_healed":0,"gold_gain":0,"player_choice":"Got Potions","damage_taken":0,"max_hp_gain":0,"max_hp_loss":0,"event_name":"Lab","floor":4,"gold_loss":0}],"is_beta":false,"boss_relics":[],"items_purged_floors":[],"is_endless":false,"potions_floor_spawned":[3,5,7],"killed_by":"Fading Forest","ascension_level":3}}