{"host":"la6t950uoatqs0xt","time":1612415554,"event":{"mods":["AchievementEnabler","BaseMod","Colored Powertips","Minty Spire (QoL Compilation)","Quick Restart","Rare Cards Sparkle"],"gold_per_floor":[117,137,154,154,3,61,61,95,122,122,122,136,136,150,150,281,281,305,305,305,81,96,96,137,150,150,82,125,144,26,47,47,173,173,196,44,59,59,59,59,59,93,93,93,93,93],"floor_reached":45,"language":"ENG","playtime":1852,"items_purged":[],"score":562,"play_id":"96c8678c-163e-4d67-9c4b-54a51fee4d57","local_time":"20210204001234","is_ascension_mode":true,"campfire_choices":[{"floor":7,"key":"REST"},{"floor":13,"key":"REST"},{"floor":15,"key":"REST"},{"floor":23,"key":"REST"},{"floor":32,"key":"REST"},{"floor":40,"key":"REST"},{"floor":44,"key":"REST"}],"circlet_count":0,"master_deck":["Strike_G+1","Strike_G+1","Strike_G+1","Strike_G+1","Strike_G+1","Defend_G+1","Defend_G+1","Defend_G+1","Survivor","Neutralize","PiercingWail+1","Catalyst","Injury","Noxious Fumes+1","Blur","Backflip","Catalyst","Deflect","Bane","Bane","Envenom+1","Poisoned Stab","After Image+1","Bane","Writhe","Envenom+1"],"relics":["Ring of the Serpent","Whetstone","Golden Idol","TwistedFunnel","War Paint","Regal Pillow","Happy Flower","Empty Cage","TheAbacus","Frozen Egg 2","Toy Ornithopter","Snake Skull","Kunai","Sling","Orichalcum","Shuriken"],"acts_visited":["Exordium","TheCity","TheBeyond"],"potions_floor_usage":[6,6,16,28,31,33,42],"damage_taken":[{"damage":1,"enemies":"Jaw Worm","floor":1,"turns":5},{"damage":0,"enemies":"Small Slimes","floor":2,"turns":3},{"damage":0,"enemies":"2 Louse","floor":3,"turns":4},{"damage":53,"enemies":"Gremlin Nob","floor":6,"turns":6},{"damage":9,"enemies":"3 Sentries","floor":8,"turns":7},{"damage":13,"enemies":"Large Slime","floor":12,"turns":7},{"damage":10,"enemies":"Exordium Thugs","floor":14,"turns":5},{"damage":20,"enemies":"Slime Boss","floor":16,"turns":14},{"damage":4,"enemies":"Shell Parasite","floor":18,"turns":6},{"damage":25,"enemies":"2 Thieves","floor":22,"turns":5},{"damage":17,"enemies":"Gremlin Leader","floor":24,"turns":6},{"damage":17,"enemies":"Cultist and Chosen","floor":25,"turns":9},{"damage":26,"enemies":"Slavers","floor":28,"turns":4},{"damage":0,"enemies":"Centurion and Healer","floor":29,"turns":4},{"damage":10,"enemies":"Snecko","floor":31,"turns":4},{"damage":44,"enemies":"Champ","floor":33,"turns":10},{"damage":4,"enemies":"Orb Walker","floor":35,"turns":4},{"damage":24,"enemies":"3 Darklings","floor":37,"turns":5},{"damage":59,"enemies":"Reptomancer","floor":42,"turns":7},{"damage":52,"enemies":"Jaw Worm Horde","floor":45,"turns":4}],"seed_played":"-5438535722684611475","potions_obtained":[{"floor":1,"key":"ColorlessPotion"},{"floor":2,"key":"CunningPotion"},{"floor":8,"key":"Poison Potion"},{"floor":12,"key":"Swift Potion"},{"floor":16,"key":"Swift Potion"},{"floor":18,"key":"BlessingOfTheForge"},{"floor":33,"key":"SkillPotion"},{"floor":35,"key":"Weak Potion"}],"is_trial":false,"path_per_floor":["M","M","M","?","$","E","R","E","T","?","?","M","R","M","R","B",null,"M","?","?","$","M","R","E","M","T","?","E","M","$","M","R","B",null,"M","$","M","$","?","R","?","E","T","R","M"],"character_chosen":"THE_SILENT","items_purchased":["TwistedFunnel","Catalyst","TheAbacus","Envenom+1","Poisoned Stab","Sling"],"campfire_rested":7,"item_purchase_floors":[5,21,21,30,30,36],"current_hp_per_floor":[69,69,69,69,69,16,37,28,28,28,28,15,51,41,70,50,70,66,66,66,66,41,70,53,36,36,36,15,15,15,10,46,7,70,66,66,42,42,42,70,70,16,16,52,0,0],"gold":93,"neow_bonus":"RANDOM_COMMON_RELIC","is_daily":false,"chose_seed":false,"campfire_upgraded":0,"win_rate":0.0,"timestamp":1612415554,"path_taken":["M","M","M","?","$","E","R","E","T","?","?","M","R","M","R","BOSS","M","?","?","$","M","R","E","M","T","?","E","M","$","M","R","BOSS","M","$","M","$","?","R","?","E","T","R","M"],"items_purchased_type":["Relic","Card","Relic","Card","Card","Relic"],"build_version":"2020-12-22","purchased_purges":0,"victory":false,"max_hp_per_floor":[70,70,70,70,70,70,70,70,70,70,70,70,70,70,70,70,70,70,70,70,70,70,70,70,70,70,70,70,70,70,70,70,70,70,70,70,70,70,70,70,70,70,70,70,70,70],"card_choices":[{"not_picked":["Predator","Masterful Stab","Well Laid Plans"],"picked":"SKIP","floor":1},{"not_picked":["Bane","Leg Sweep"],"picked":"PiercingWail","floor":2},{"not_picked":["Expertise","Prepared"],"picked":"Catalyst","floor":3},{"not_picked":["Reflex","Die Die Die"],"picked":"Noxious Fumes","floor":6},{"not_picked":["Flying Knee","Cloak And Dagger"],"picked":"Blur","floor":8},{"not_picked":["Bouncing Flask","Footwork"],"picked":"Backflip","floor":12},{"not_picked":["Underhanded Strike","Concentrate","Escape Plan"],"picked":"SKIP","floor":14},{"not_picked":["Grand Finale","Bullet Time"],"picked":"Envenom","floor":16},{"not_picked":["Setup","Blade Dance+1","Quick Slash"],"picked":"SKIP","floor":18},{"not_picked":["Dagger Throw","Dodge and Roll","Prepared"],"picked":"SKIP","floor":22},{"not_picked":["Outmaneuver","All Out Attack"],"picked":"Deflect","floor":24},{"not_picked":["Leg Sweep+1","Flechettes+1"],"picked":"Bane","floor":25},{"not_picked":["Slice","Burst"],"picked":"Bane","floor":28},{"not_picked":["Backflip","Quick Slash","Masterful Stab"],"picked":"SKIP","floor":29},{"not_picked":["Prepared","Terror","Dodge and Roll"],"picked":"SKIP","floor":31},{"not_picked":["Grand Finale","Storm of Steel"],"picked":"After Image+1","floor":33},{"not_picked":["Choke+1","Acrobatics+1"],"picked":"Bane","floor":35},{"not_picked":["Backflip+1","Sucker Punch","Prepared"],"picked":"SKIP","floor":37},{"not_picked":["Prepared","Dagger Spray"],"picked":"Envenom+1","floor":42}],"player_experience":270531,"relics_obtained":[{"floor":6,"key":"War Paint"},{"floor":8,"key":"Regal Pillow"},{"floor":9,"key":"Happy Flower"},{"floor":24,"key":"Frozen Egg 2"},{"floor":26,"key":"Toy Ornithopter"},{"floor":28,"key":"Kunai"},{"floor":42,"key":"Orichalcum"},{"floor":43,"key":"Shuriken"}],"event_choices":[{"damage_healed":0,"gold_gain":0,"player_choice":"Take Wound","damage_taken":0,"relics_obtained":["Golden Idol"],"max_hp_gain":0,"max_hp_loss":0,"event_name":"Golden Idol","floor":4,"gold_loss":0,"cards_obtained":["Injury"]},{"damage_healed":0,"gold_gain":0,"player_choice":"Grow","damage_taken":0,"max_hp_gain":0,"max_hp_loss":0,"event_name":"Living Wall","floor":10,"gold_loss":0,"cards_upgraded":["Noxious Fumes"]},{"damage_healed":0,"gold_gain":0,"player_choice":"Ignored","damage_taken":0,"max_hp_gain":0,"max_hp_loss":0,"event_name":"Golden Wing","floor":11,"gold_loss":0},{"damage_healed":0,"gold_gain":0,"player_choice":"Ignored","damage_taken":0,"max_hp_gain":0,"max_hp_loss":0,"event_name":"Cursed Tome","floor":19,"gold_loss":0},{"damage_healed":0,"gold_gain":0,"player_choice":"Simplicity","damage_taken":0,"max_hp_gain":0,"max_hp_loss":0,"event_name":"Back to Basics","floor":20,"gold_loss":0,"cards_upgraded":["Strike_G","Strike_G","Strike_G","Defend_G","Defend_G"]},{"damage_healed":0,"gold_gain":0,"player_choice":"Paid Gold","damage_taken":0,"relics_obtained":["Snake Skull"],"max_hp_gain":0,"max_hp_loss":0,"event_name":"WeMeetAgain","floor":27,"gold_loss":68},{"cards_removed":["Envenom"],"damage_healed":0,"gold_gain":0,"player_choice":"Removed Power","damage_taken":0,"max_hp_gain":0,"max_hp_loss":0,"event_name":"Falling","floor":39,"gold_loss":0},{"damage_healed":18,"gold_gain":0,"player_choice":"Writhe","damage_taken":0,"max_hp_gain":0,"max_hp_loss":0,"event_name":"Winding Halls","floor":41,"gold_loss":0,"cards_obtained":["Writhe"]}],"is_beta":false,"boss_relics":[{"not_picked":["Ectoplasm","Cursed Key"],"picked":"Empty Cage"},{"not_picked":["Black Star","Astrolabe"],"picked":"Ring of the Serpent"}],"items_purged_floors":[],"is_endless":false,"potions_floor_spawned":[1,2,8,12,16,18,25,33,35],"killed_by":"Jaw Worm Horde","ascension_level":3}}