{"host":"h7xtspmc2x3i8s2i","time":1612470123,"event":{"mods":["2.2 Compatiblity","AchievementEnabler","Act Like it!","AlwaysNeverKeys","Aspiration","Astrologer","BaseMod","Bestiary","Better Altar","Better Match","Better Note","Better Sensory Stone","Better Skull","Better Third Choice","Better Vampires","Better-Laid Plans","Colored Map","Colored Powertips","Curses Come First","Defuse TimeMaze Blight","Dio Mod","Disable Question Mark Monsters","Dota2Spire","Downfall","Emptier Cage","Energized Spire","Evolution","Friendly Minions","GifTheSpireLib","Gold Saver","Gremlin Skip","Halation","Hubris","Hyrulean Relics","Jedi Mod","Key Reminder","Marked Mod","Minty Spire (QoL Compilation)","Permanent Neow","Potion Indicator Mod","Quick Restart","Random Character Button","Random Character Mod","Rare Cards Sparkle","Relic Filter","Relic Stats","Reliquary","Replay The Spire","SacredBarkPlus","Shop Mod","Smile Girya","Somnambulant","Spicy Shops","Spikes Relics","Spire Birthday Party","StSLib","Steal the Spire","SuperFastMode","The Awakened One except there are too many feathers","The Cursed","The Death Knight","The Edgeheg","The Problem Sleuth","The Runesmith","The Wild Card","Transform Curses","Uncapped","Unceasing Turn Reminder","Virulent Crown","Wide Potions","everything is the same but u backflip on backflip","slay the spire mod where everything is the same but ironclad has a cowboy hat"],"gold_per_floor":[148,165,183,199,199,216,289,89,189,209,209,229,229,246,263,361,361,361,378,378,393,393,293,293,169,169,189,189,22,39,39,57,155,155,155,172,184,201,201,201,226,238,14,47,62,25,25,52,63,63,63,90,57,57,57,57],"floor_reached":57,"language":"ENG","playtime":3541,"items_purged":["bronze:BitShift"],"score":1281,"play_id":"48b1077a-1693-4d4c-a4bf-8c19a9d9360a","local_time":"20210204152203","is_ascension_mode":false,"campfire_choices":[{"floor":1.0,"key":"RECALL"},{"data":"bronze:Replicate","floor":8.0,"key":"SMITH"},{"floor":11.0,"key":"REST"},{"data":"theWildCard:Alice","floor":13.0,"key":"SMITH"},{"data":"bronze:FineTuning","floor":18.0,"key":"SMITH"},{"data":"bronze:GetLatest","floor":23.0,"key":"SMITH"},{"data":"bronze:CleanCode","floor":26.0,"key":"SMITH"},{"data":"bronze:ChildClass","floor":35.0,"key":"SMITH"},{"floor":40.0,"key":"REST"},{"floor":47.0,"key":"REST"},{"floor":54,"key":"REST"}],"circlet_count":0,"master_deck":["bronze:Replicate+1","bronze:Goto+1","bronze:WhirlingStrike","bronze:Frontload+1","bronze:Repair+1","theWildCard:Alice+1","bronze:Overheat","bronze:GetLatest+1","bronze:FineTuning+1","bronze:CleanCode+1","bronze:ForceShield","bronze:ChildClass+1","bronze:Format","bronze:WildBeam+1","bronze:Flail+1","bronze:CutThrough","bronze:Boost","bronze:Verify+1","bronze:Verify","bronze:HardenedForm","bronze:Safeguard","bronze:ItsAFeature","bronze:Overload","bronze:Frontload","bronze:BronzeArmor","bronze:Fortify+1","bronze:ChildClass+1","bronze:CutThrough","bronze:CutThrough","bronze:ForLoop","bronze:Backtrace+1","bronze:FineTuning","bronze:DelayedGuard+1","bronze:FineTuning+1","bronze:BronzeOrb"],"relics":["bronze:BronzeCore","EVO:Axolotl","downfall:HeartBlessingRed","downfall:HeartBlessingBlue","Toy Ornithopter","energizedSpire:NeverEndingSparkler","downfall:HeartBlessingGreen","MerchantsRug","hubris:Towel","Quantum Egg","Vajra","champ:Barbells","Replay:Mystery Machine","MealTicket","hubris:MysteriousPyramids"],"acts_visited":["Exordium","TheCity","TheBeyond","TheEnding"],"potions_floor_usage":[],"damage_taken":[{"damage":6.0,"enemies":"Jaw Worm","floor":2.0,"turns":4.0},{"damage":0.0,"enemies":"2 Louse","floor":3.0,"turns":3.0},{"damage":1.0,"enemies":"Cultist","floor":4.0,"turns":3.0},{"damage":14.0,"enemies":"Red Slaver","floor":6.0,"turns":6.0},{"damage":56.0,"enemies":"downfall:LadyInBlue","floor":9.0,"turns":12.0},{"damage":0.0,"enemies":"Gremlin Gang","floor":10.0,"turns":2.0},{"damage":3.0,"enemies":"Blue Slaver","floor":12.0,"turns":5.0},{"damage":0.0,"enemies":"2 Fungi Beasts","floor":14.0,"turns":2.0},{"damage":1.0,"enemies":"Lots of Slimes","floor":15.0,"turns":2.0},{"damage":55.0,"enemies":"WA_ARCHETYPE_RETAIN","floor":16.0,"turns":16.0},{"damage":5.0,"enemies":"Chosen","floor":19.0,"turns":5.0},{"damage":0.0,"enemies":"Shell Parasite","floor":21.0,"turns":1.0},{"damage":0.0,"enemies":"downfall:FleeingMerchant","floor":25.0,"turns":4.0},{"damage":8.0,"enemies":"Centurion and Healer","floor":27.0,"turns":6.0},{"damage":0.0,"enemies":"downfall:FleeingMerchant","floor":29.0,"turns":4.0},{"damage":0.0,"enemies":"Chosen and Byrds","floor":30.0,"turns":3.0},{"damage":0.0,"enemies":"Cultist and Chosen","floor":32.0,"turns":3.0},{"damage":24.0,"enemies":"DF_ARCHETYPE_CLAW","floor":33.0,"turns":6.0},{"damage":34.0,"enemies":"3 Darklings","floor":36.0,"turns":10.0},{"damage":27.0,"enemies":"Orb Walker","floor":37.0,"turns":5.0},{"damage":8.0,"enemies":"Writhing Mass","floor":38.0,"turns":5.0},{"damage":36.0,"enemies":"downfall:FleeingMerchant","floor":43.0,"turns":4.0},{"damage":22.0,"enemies":"Giant Head","floor":44.0,"turns":10.0},{"damage":0.0,"enemies":"Jaw Worm Horde","floor":45.0,"turns":4.0},{"damage":0.0,"enemies":"downfall:FleeingMerchant","floor":46.0,"turns":2.0},{"damage":0.0,"enemies":"Reptomancer","floor":48.0,"turns":4.0},{"damage":4.0,"enemies":"3 Darklings","floor":49.0,"turns":5.0},{"damage":97.0,"enemies":"SI_POISON_ARCHETYPE","floor":50.0,"turns":14.0},{"damage":77,"enemies":"downfall:CharBossMerchant","floor":52,"turns":17},{"damage":26,"enemies":"downfall:NeowBoss","floor":55,"turns":15},{"damage":65,"enemies":"downfall:NeowBossFinal","floor":56,"turns":12}],"seed_played":"1040069896083243080","potions_obtained":[{"floor":2.0,"key":"ColorlessPotion"},{"floor":4.0,"key":"LiquidBronze"},{"floor":9.0,"key":"DistilledChaos"},{"floor":9.0,"key":"Strength Potion"},{"floor":10.0,"key":"SpeedPotion"},{"floor":12.0,"key":"sneckomod:MuddlingPotion"},{"floor":15.0,"key":"bronze:FreeFunctionsPotion"},{"floor":16.0,"key":"DeathKnight:RimePotion"},{"floor":20.0,"key":"SmokeBomb"},{"floor":27.0,"key":"Fire Potion"},{"floor":32.0,"key":"Strength Potion"},{"floor":33.0,"key":"bronze:BurnAndBuffPotion"},{"floor":37.0,"key":"SpeedPotion"},{"floor":38.0,"key":"bronze:BurnAndBuffPotion"},{"floor":48.0,"key":"LiquidMemories"}],"is_trial":false,"path_per_floor":["R","M","M","M","?","M","T","R","?","M","R","M","R","M","M","B",null,"R","M","?","M","?","R","T","$","R","M","?","$","M","?","M","B",null,"R","M","M","M","?","R","T","?","$","E","M","$","R","E","M","B",null,"E","$","R","B","B",null],"character_chosen":"THE_AUTOMATON","items_purchased":["MerchantsRug","Replay:Baseball","Quantum Egg","bronze:CutThrough","champ:Barbells","bronze:FineTuning","Replay:Mystery Machine","bronze:BronzeOrb"],"campfire_rested":4,"item_purchase_floors":[25,29,43,43,46,46,46,53],"current_hp_per_floor":[70,64,64,63,63,56,56,66,17,29,53,57,57,57,73,25,80,80,80,80,80,80,80,80,80,80,72,72,80,80,72,72,63,80,80,46,29,31,31,55,55,55,39,32,32,32,56,68,76,34,80,13,28,52,36,49],"gold":57,"neow_bonus":"RANDOM_COMMON_RELIC","is_daily":false,"chose_seed":false,"campfire_upgraded":6,"win_rate":0.0,"timestamp":1612470123,"path_taken":["R","M","M","M","?","M","T","R","?","M","R","?","R","M","M","BOSS","R","M","?","?","?","R","T","$","R","M","?","$","?","?","M","BOSS","R","M","M","?","?","R","T","?","$","E","?","$","R","E","M","BOSS","E","$","R","BOSS","BOSS"],"items_purchased_type":["Relic","Relic","Relic","Card","Relic","Card","Relic","Card"],"build_version":"2020-12-22","purchased_purges":1,"victory":true,"max_hp_per_floor":[70,70,70,70,70,70,70,80,80,80,80,80,80,80,80,80,80,80,80,80,80,80,80,80,80,80,80,80,80,80,80,80,80,80,80,80,80,80,80,80,80,80,80,80,80,80,80,80,80,80,80,80,80,80,80,80],"relic_stats":{"counters":[31,194],"MealTicket":15,"obtain_stats":[{"MerchantsRug":25,"champ:Barbells":46,"bronze:BronzeCore":0,"downfall:HeartBlessingRed":8,"Dota2Spire:ArmletOfMordiggian":0,"Blue Candle":24,"Quantum Egg":43,"Vajra":44,"downfall:HeartBlessingGreen":23,"EVO:Axolotl":0,"hubris:Towel":39,"Replay:Mystery Machine":46,"hubris:MysteriousPyramids":52,"MawBank":41,"keyreminder:keyreminder":1,"Replay:Baseball":29,"downfall:HeartBlessingBlue":8,"energizedSpire:NeverEndingSparkler":17,"Pandora\u0027s Box":34,"MealTicket":48,"Toy Ornithopter":9},{"MerchantsRug":13,"champ:Barbells":25,"bronze:BronzeCore":0,"downfall:HeartBlessingRed":4,"Dota2Spire:ArmletOfMordiggian":0,"Blue Candle":12,"Quantum Egg":22,"Vajra":23,"downfall:HeartBlessingGreen":12,"EVO:Axolotl":0,"hubris:Towel":21,"Replay:Mystery Machine":25,"hubris:MysteriousPyramids":29,"MawBank":21,"keyreminder:keyreminder":0,"Replay:Baseball":15,"downfall:HeartBlessingBlue":4,"energizedSpire:NeverEndingSparkler":10,"Pandora\u0027s Box":18,"MealTicket":26,"Toy Ornithopter":5},{"MerchantsRug":65,"champ:Barbells":127,"bronze:BronzeCore":0,"downfall:HeartBlessingRed":16,"Dota2Spire:ArmletOfMordiggian":0,"Blue Candle":61,"Quantum Egg":111,"Vajra":121,"downfall:HeartBlessingGreen":61,"EVO:Axolotl":0,"hubris:Towel":107,"Replay:Mystery Machine":127,"hubris:MysteriousPyramids":167,"MawBank":107,"keyreminder:keyreminder":0,"Replay:Baseball":75,"downfall:HeartBlessingBlue":16,"energizedSpire:NeverEndingSparkler":55,"Pandora\u0027s Box":87,"MealTicket":131,"Toy Ornithopter":28}],"Toy Ornithopter":33},"card_choices":[{"not_picked":["bronze:DelayedGuard","bronze:Iterate"],"picked":"bronze:WhirlingStrike","floor":2.0},{"not_picked":["bronze:BuggyMess","bronze:Shell"],"picked":"bronze:Frontload","floor":3.0},{"not_picked":["bronze:Turbo","bronze:BugBarrage"],"picked":"bronze:Repair","floor":4.0},{"not_picked":["bronze:Shield","bronze:BronzeArmor"],"picked":"bronze:Overheat","floor":6.0},{"not_picked":["bronze:Overload","bronze:ClassDefault"],"picked":"bronze:GetLatest","floor":9.0},{"not_picked":["bronze:Philosophize","bronze:Fortify"],"picked":"bronze:FineTuning","floor":10.0},{"not_picked":["bronze:BuggyMess","bronze:MaxOutput"],"picked":"bronze:CleanCode","floor":12.0},{"not_picked":["bronze:BitShift","bronze:BuggyMess"],"picked":"bronze:ForceShield","floor":14.0},{"not_picked":["bronze:ForLoop","bronze:Optimize"],"picked":"bronze:ChildClass","floor":15.0},{"not_picked":["bronze:BurnOut","bronze:HyperBeam"],"picked":"bronze:Format","floor":16.0},{"not_picked":["bronze:Frontload","bronze:Safeguard"],"picked":"bronze:WildBeam+1","floor":19.0},{"not_picked":["bronze:Deprecate+1","bronze:Philosophize+1","bronze:Shield"],"picked":"SKIP","floor":21.0},{"not_picked":["bronze:NullPointer+1","bronze:Repair","bronze:BitShift"],"picked":"SKIP","floor":25.0},{"not_picked":["bronze:Return","bronze:BronzeArmor"],"picked":"bronze:Flail+1","floor":27.0},{"not_picked":["bronze:Return","bronze:Invalidate+1"],"picked":"bronze:CutThrough","floor":29.0},{"not_picked":["bronze:ClassDefault+1","bronze:Optimize"],"picked":"bronze:Boost","floor":30.0},{"not_picked":["bronze:Safeguard","bronze:Invalidate","bronze:OilSpill"],"picked":"SKIP","floor":32.0},{"not_picked":["bronze:CleanCode","bronze:Mutator"],"picked":"bronze:Verify","floor":33.0},{"not_picked":["bronze:OilSpill+1","bronze:Shield+1"],"picked":"bronze:BronzeArmor","floor":36.0},{"not_picked":["bronze:Deprecate+1","bronze:BuggyMess+1","bronze:Shell"],"picked":"SKIP","floor":37.0},{"not_picked":["bronze:Shield","bronze:Frontload+1"],"picked":"bronze:Fortify+1","floor":38.0},{"not_picked":["bronze:Overheat+1","bronze:ForceShield"],"picked":"bronze:ChildClass+1","floor":43.0},{"not_picked":["bronze:BuggyMess","bronze:BugBarrage+1","bronze:Overheat"],"picked":"SKIP","floor":44.0},{"not_picked":["bronze:NullPointer+1","bronze:Shell"],"picked":"bronze:ForLoop","floor":45.0},{"not_picked":["bronze:AlphaBuild","bronze:Deprecate+1"],"picked":"bronze:Backtrace","floor":46.0},{"not_picked":["bronze:BitShift","bronze:Fortify"],"picked":"bronze:DelayedGuard+1","floor":48.0},{"not_picked":["bronze:OilSpill+1","bronze:Backtrace","bronze:MaxOutput"],"picked":"SKIP","floor":49.0},{"not_picked":["bronze:DelayedGuard","bronze:ItsAFeature+1"],"picked":"bronze:FineTuning+1","floor":52}],"player_experience":368681,"relics_obtained":[{"floor":9.0,"key":"Toy Ornithopter"},{"floor":24.0,"key":"Blue Candle"},{"floor":41.0,"key":"MawBank"},{"floor":44.0,"key":"Vajra"},{"floor":48.0,"key":"MealTicket"},{"floor":52,"key":"hubris:MysteriousPyramids"}],"event_choices":[{"damage_healed":0.0,"max_hp_gain":0.0,"max_hp_loss":0.0,"gold_gain":0.0,"event_name":"Lab","player_choice":"Got Potions","floor":20.0,"gold_loss":0.0,"damage_taken":0.0}],"is_beta":false,"boss_relics":[{"not_picked":["aspiration:WatcherSkillbook","Coffee Dripper"],"picked":"energizedSpire:NeverEndingSparkler"},{"not_picked":["aspiration:FutureDiary","Empty Cage"],"picked":"Pandora\u0027s Box"}],"items_purged_floors":[46],"is_endless":false,"potions_floor_spawned":[2,4,10,12,15,16,27,32,33,37,38,48],"ascension_level":0}}