{"host":"3i0tc1zs9k2bo7un","time":1612462700,"event":{"mods":["Act Like it!","Aspiration","BaseMod","Gensokyo","Minty Spire (QoL Compilation)","MostiFishMod","Quick Restart","Reliquary","Replay The Spire","StSLib","TestMod","Wide Potions","[IsaacMod]ÒÔÈö¼âËþ","¡¾ÒÅÎï¿¨ÅÆ¡¿REMEMod"],"gold_per_floor":[126,126,526,540,540,576,576,608,608,608,543,557,569,599,599,726,726,752,776,872,872,896,942,942,967,967,967,1005,0,25,43,43,377,377,394,394,458,476,476,476,504,517,540,128,143,169,169,187,187,187,187,187,26,53,60],"floor_reached":56,"language":"ZHS","playtime":2270,"items_purged":["Strike_G","Strike_G","Strike_G+1","Survivor+1"],"score":2451,"play_id":"e92c5d0f-e63e-43c0-b769-c217186eaff2","local_time":"20210205021820","is_ascension_mode":true,"campfire_choices":[{"data":"Fiend Fire","floor":7,"key":"SMITH"},{"data":"Adrenaline","floor":10,"key":"SMITH"},{"data":"Strike_G","floor":15,"key":"PURGE"},{"floor":24,"key":"REST"},{"floor":27,"key":"REST"},{"data":"Strike_G+1","floor":32,"key":"PURGE"},{"floor":40,"key":"RECALL"},{"floor":49,"key":"REST"},{"floor":52,"key":"REST"}],"circlet_count":0,"master_deck":["AscendersBane","Defend_G+1","Defend_G+1","Defend_G+1","Neutralize+1","Fiend Fire+1","Cloak And Dagger+1","Adrenaline+1","Adrenaline+1","MostiFishMod:ShivMaster+1","Adrenaline+1","Acrobatics+1","Acrobatics+1","Burst+1","MostiFishMod:LethalBlade+1","MostiFishMod:AdrenalineArouse+1","Gensokyo:ShootingStar+1","Adrenaline+1","MostiFishMod:ShivMaster+1"],"relics":["Ring of the Snake","testmod-TestBox","HushsDoor","REME_ComplimentaryCards","SalivaCoin","testmod-AscensionHeart","FeatherPendant","aspiration:Nostalgia","PureWater","SynthV:TestCard","Kunai","Anchor","Mummified Hand","testmod-BloodSacrificeSpiritualization","GuppysCollar","Gensokyo:RedStar","Replay:Bottled Eggs","Bottled Lightning","reliquary:BrokenClock","ClockworkSouvenir","SynthV:MejaisSoulstealer","Akabeko","Runic Pyramid","SatanicBible","Calipers","Leech","MealTicket","GuppysHead","testmod-TurbochargingSystem","Chaos","WristBlade"],"acts_visited":["Gensokyo:Gensokyo","Gensokyo:Gensokyoer","Gensokyo:Gensokyoest","TheEnding"],"potions_floor_usage":[],"damage_taken":[{"damage":2.0,"enemies":"Gensokyo:2_Kodama","floor":1.0,"turns":2.0},{"damage":0.0,"enemies":"Gensokyo:Gryphon","floor":4.0,"turns":2.0},{"damage":2,"enemies":"Gensokyo:Cirno","floor":6,"turns":6},{"damage":19,"enemies":"Gensokyo:Mamizou","floor":8,"turns":7},{"damage":0,"enemies":"Gensokyo:Python","floor":12,"turns":1},{"damage":0,"enemies":"Gensokyo:VengefulSpirit","floor":13,"turns":2},{"damage":0,"enemies":"Gensokyo:Cirno","floor":14,"turns":5},{"damage":0,"enemies":"Gensokyo:Yukari","floor":16,"turns":3},{"damage":5,"enemies":"Gensokyo:3_Dogs","floor":18,"turns":2},{"damage":5,"enemies":"Gensokyo:CosmicMonolith","floor":19,"turns":1},{"damage":5,"enemies":"Gensokyo:Wraith","floor":22,"turns":2},{"damage":9,"enemies":"Gensokyo:Tenshi","floor":23,"turns":2},{"damage":5,"enemies":"Gensokyo:Monolith_and_Dog","floor":25,"turns":2},{"damage":5,"enemies":"Gensokyo:Reisen","floor":28,"turns":1},{"damage":5,"enemies":"Gensokyo:Slime_Group","floor":30,"turns":2},{"damage":5,"enemies":"Gensokyo:Wraith","floor":31,"turns":2},{"damage":2,"enemies":"Gensokyo:Eiki","floor":33,"turns":1},{"damage":4,"enemies":"Gensokyo:3_Bats","floor":35,"turns":1},{"damage":4,"enemies":"Gensokyo:3_Boulders","floor":38,"turns":1},{"damage":0,"enemies":"Gensokyo:Marisa","floor":41,"turns":1},{"damage":0,"enemies":"Gensokyo:Rafflesia","floor":42,"turns":1},{"damage":0,"enemies":"Gensokyo:Dusk_and_Dawn","floor":45,"turns":1},{"damage":0,"enemies":"Gensokyo:Kasen","floor":46,"turns":1},{"damage":0,"enemies":"Gensokyo:4_Bats","floor":48,"turns":1},{"damage":0,"enemies":"Gensokyo:Scarlet_Devils","floor":50,"turns":4},{"damage":0,"enemies":"Shield and Spear","floor":54,"turns":1},{"damage":5,"enemies":"Delirium","floor":55,"turns":3}],"seed_played":"-4032789571683596163","potions_obtained":[{"floor":1.0,"key":"PowerPotion"},{"floor":30,"key":"Swift Potion"}],"is_trial":false,"path_per_floor":["M","?","?","M","?","E","R","E","T","R","$","M","M","E","R","B",null,"M","M","?","?","M","E","R","M","T","R","E","COS","M","M","R","B",null,"M","?","?","M","?","R","E","M","T","$","M","E","?","M","R","B",null,"R","$","E","B",null],"character_chosen":"THE_SILENT","items_purchased":["Adrenaline","GuppysCollar","SatanicBible","GuppysHead","Chaos"],"campfire_rested":4,"item_purchase_floors":[17,17,34,44,53],"current_hp_per_floor":[58,58,58,59,59,59,59,42,42,42,42,43,44,46,46,52,52,47,43,36,36,32,25,40,36,36,51,48,48,44,40,40,57,42,38,38,31,28,28,28,30,31,31,43,43,44,44,44,44,49,49,49,49,50,52],"gold":60,"neow_bonus":"NOSTALGIA","is_daily":false,"chose_seed":false,"campfire_upgraded":2,"win_rate":0.0,"timestamp":1612462700,"path_taken":["M","?","?","?","?","E","R","E","T","R","$","M","M","E","R","BOSS","M","M","?","?","M","E","R","M","T","R","E","COS","M","M","R","BOSS","M","?","?","M","?","R","E","?","T","$","M","E","?","M","R","BOSS","R","$","E","BOSS"],"items_purchased_type":["Card","Relic","Relic","Relic","Card"],"build_version":"2020-12-22","purchased_purges":4,"victory":true,"max_hp_per_floor":[66,66,66,66,66,67,67,68,68,68,68,68,68,69,69,74,52,52,52,52,52,52,53,53,53,53,53,54,54,54,54,54,59,42,42,42,42,42,42,42,43,43,43,43,43,44,44,44,44,49,49,49,49,50,55],"card_choices":[{"not_picked":["REME_ShadowStrike","Deadly Poison","Accuracy"],"picked":"SKIP","floor":1.0},{"not_picked":["Leg Sweep","Dagger Spray","Underhanded Strike","Sucker Punch","Poisoned Stab"],"picked":"SKIP","floor":4.0},{"not_picked":["REME_CopyPotion","MostiFishMod:ShivMaster","Corpse Explosion","A Thousand Cuts"],"picked":"Adrenaline","floor":6},{"not_picked":["MostiFishMod:Wind","Glass Knife","MostiFishMod:Neurotoxin","MostiFishMod:Wind"],"picked":"Adrenaline","floor":8},{"not_picked":["Crippling Poison","Escape Plan","Masterful Stab","Outmaneuver","Catalyst"],"picked":"SKIP","floor":12},{"not_picked":["Backstab","Backflip","Slice","MostiFishMod:Confrontation","Setup"],"picked":"SKIP","floor":13},{"not_picked":["MostiFishMod:SpreadingSpore","Storm of Steel","ReplayTheSpireMod:From All Sides","Poison Darts"],"picked":"MostiFishMod:ShivMaster","floor":14},{"not_picked":["Quick Slash","Noxious Fumes","Slice","Cloak And Dagger"],"picked":"Acrobatics","floor":18},{"not_picked":["Deadly Poison","MostiFishMod:ShivMaster","Dodge and Roll+1","MostiFishMod:PerfectParry","Backflip"],"picked":"SKIP","floor":19},{"not_picked":["PiercingWail+1","ReplayTheSpireMod:Necrosis","Backstab","Prepared"],"picked":"Acrobatics+1","floor":22},{"not_picked":["Bullet Time","MostiFishMod:GrandStart","Doppelganger","MostiFishMod:ShivMaster"],"picked":"Burst","floor":23},{"not_picked":["Flying Knee+1","Dodge and Roll","Deadly Poison","Slice","Deflect+1"],"picked":"SKIP","floor":25},{"not_picked":["MostiFishMod:ShivMaster","MostiFishMod:Opportunism","MostiFishMod:Listen","MostiFishMod:AdrenalineArouse"],"picked":"MostiFishMod:LethalBlade","floor":28},{"not_picked":["PiercingWail","Dagger Spray","Hidden Blade","Underhanded Strike","Backflip"],"picked":"SKIP","floor":30},{"not_picked":["MostiFishMod:LethalBlade","Replay:Bag of Tricks","aspiration:Lunge","REME_SpectralBlade"],"picked":"MostiFishMod:AdrenalineArouse","floor":31},{"not_picked":["Sucker Punch","Leg Sweep","Blur","ReplayTheSpireMod:Shiv Toss+1","Grand Finale"],"picked":"SKIP","floor":31},{"not_picked":[],"picked":"Gensokyo:ShootingStar","floor":33},{"not_picked":["Die Die Die","MostiFishMod:LethalBlade","Unload","Burst"],"picked":"Adrenaline","floor":33},{"not_picked":["Flying Knee","Backstab","Blade Dance","Deadly Poison+1","Outmaneuver"],"picked":"SKIP","floor":35},{"not_picked":["Dagger Throw","Flying Knee+1","Caltrops","MostiFishMod:InvigoratingSolution","Malaise"],"picked":"SKIP","floor":38},{"not_picked":["Burst","Night Terror","MostiFishMod:Confrontation","MostiFishMod:Wind","MostiFishMod:Wind"],"picked":"SKIP","floor":41},{"not_picked":["Burst","Night Terror","MostiFishMod:Confrontation","MostiFishMod:Wind","MostiFishMod:Wind"],"picked":"SKIP","floor":41},{"not_picked":["Leg Sweep","Backflip","Acrobatics","Hidden Blade","ReplayTheSpireMod:Scrap Shanks"],"picked":"SKIP","floor":42},{"not_picked":["MostiFishMod:PerfectParry","Dagger Throw","A Thousand Cuts","PiercingWail","MostiFishMod:FrostNova"],"picked":"SKIP","floor":45},{"not_picked":["ReplayTheSpireMod:From All Sides","ReplayTheSpireMod:Necrosis","After Image","MostiFishMod:AdrenalineArouse","Glass Knife"],"picked":"SKIP","floor":46},{"not_picked":["Hidden Blade","MostiFishMod:PreservedThorns","ReplayTheSpireMod:Scrap Shanks+1","ReplayTheSpireMod:Shiv Toss+1","MostiFishMod:PerfectParry"],"picked":"SKIP","floor":48},{"not_picked":["MostiFishMod:Dislodge","Burst","Doppelganger","Doppelganger"],"picked":"MostiFishMod:ShivMaster","floor":54}],"player_experience":702407,"relics_obtained":[{"floor":1.0,"key":"SynthV:TestCard"},{"floor":6,"key":"Kunai"},{"floor":8,"key":"Anchor"},{"floor":9,"key":"Mummified Hand"},{"floor":23,"key":"Replay:Bottled Eggs"},{"floor":28,"key":"Bottled Lightning"},{"floor":41,"key":"Leech"},{"floor":43,"key":"MealTicket"},{"floor":46,"key":"testmod-TurbochargingSystem"},{"floor":54,"key":"WristBlade"}],"event_choices":[{"damage_healed":0.0,"max_hp_gain":0.0,"max_hp_loss":0.0,"gold_gain":400.0,"event_name":"¶÷ÂåË¹µÄÅÌ×Ó","player_choice":"Sell","floor":3.0,"relics_lost":["DaveBox"],"gold_loss":0.0,"damage_taken":0.0}],"is_beta":false,"boss_relics":[{"not_picked":["testmod-DreamHouse","Empty Cage"],"picked":"testmod-BloodSacrificeSpiritualization"},{"not_picked":[]},{"not_picked":["aspiration:DefectSkillbook","Calling Bell"],"picked":"Runic Pyramid"},{"not_picked":[]}],"items_purged_floors":[11,17,34,44],"is_endless":false,"potions_floor_spawned":[1,13,14,16,18,19,25,30,31,38,41,45,54],"ascension_level":19}}