{"host":"c4psiqwczhd30bq5","time":1612465766,"event":{"mods":["Act Like it!","Aspiration","BaseMod","BetterRewards","Conspire","Downfall","Hallownest","Hubris","Minty Spire (QoL Compilation)","StSLib"],"gold_per_floor":[110,110,127,37,47,78,78,112,112,146,160,15,27,85,85,187,187,197,197,209,243,243,243,269,269,269,269,269],"floor_reached":27,"language":"ENG","playtime":1553,"items_purged":[],"score":263,"play_id":"fba704ec-3aba-4d75-80a7-1a2a2fccdece","local_time":"20210204200926","is_ascension_mode":true,"campfire_choices":[{"floor":7.0,"key":"REST"},{"floor":15.0,"key":"REST"},{"data":"Dramatic Entrance","floor":23,"key":"SMITH"}],"circlet_count":0,"master_deck":["Strike_R","Strike_R","Strike_R","Strike_R","Strike_R","Defend_R","Defend_R","Defend_R","Defend_R","Bash","Perfected Strike","Warcry","Intimidate","conspire:Charge","Shrug It Off","hubris:CleavingFinish","Ghostly Armor","Heavy Blade+1","Dropkick","Hallownest:curseDreamersLament","Shrug It Off+1","Endless Agony","hubris:Counter","Infinite Blades"],"relics":["Black Blood","Bag of Preparation","conspire:DeflatedDodgeball","Bottled Flame","PreservedInsect","aspiration:Nostalgia","PureWater","Ancient Tea Set","Hallownest:WatcherSealRelic","Orichalcum"],"acts_visited":["Exordium","Hallownest:CityofTears"],"potions_floor_usage":[16,18,21,21,24,27],"damage_taken":[{"damage":2.0,"enemies":"Small Slimes","floor":1.0,"turns":5.0},{"damage":1.0,"enemies":"Cultist","floor":3.0,"turns":3.0},{"damage":1.0,"enemies":"2 Louse","floor":5.0,"turns":2.0},{"damage":20.0,"enemies":"3 Sentries","floor":6.0,"turns":7.0},{"damage":8.0,"enemies":"Gremlin Nob","floor":8.0,"turns":4.0},{"damage":35.0,"enemies":"Lagavulin","floor":10.0,"turns":6.0},{"damage":9.0,"enemies":"Gremlin Gang","floor":11.0,"turns":2.0},{"damage":0.0,"enemies":"Looter","floor":13.0,"turns":2.0},{"damage":0.0,"enemies":"Gremlin Nob","floor":14.0,"turns":2.0},{"damage":25,"enemies":"The Guardian","floor":16,"turns":11},{"damage":20,"enemies":"Hallownest:3_Youths","floor":18,"turns":7},{"damage":14,"enemies":"Hallownest:2_Mistakes","floor":20,"turns":6},{"damage":44,"enemies":"Hallownest:Glutton_and_Coward","floor":21,"turns":6},{"damage":45,"enemies":"Hallownest:eliteWatcherKnight","floor":24,"turns":10},{"damage":33,"enemies":"Hallownest:Nosk","floor":27,"turns":9}],"seed_played":"1005320216026701454","potions_obtained":[{"floor":0.0,"key":"BlessingOfTheForge"},{"floor":0.0,"key":"conspire:TimeTravelPotion"},{"floor":0.0,"key":"ElixirPotion"},{"floor":1.0,"key":"Block Potion"},{"floor":10.0,"key":"Block Potion"},{"floor":16,"key":"ColorlessPotion"},{"floor":18,"key":"BloodPotion"},{"floor":21,"key":"Fruit Juice"}],"is_trial":false,"path_per_floor":["M","?","M","$","M","E","R","E","T","E","M","$","M","?","R","B",null,"M","?","M","M","?","R","E","?","T","E"],"character_chosen":"IRONCLAD","items_purchased":["Dramatic Entrance","aspiration:Nostalgia"],"campfire_rested":2,"item_purchase_floors":[4,12],"current_hp_per_floor":[80,80,80,80,80,66,80,78,78,49,46,46,52,58,80,61,80,72,72,70,59,59,59,26,26,26,0,0],"gold":269,"neow_bonus":"THREE_SMALL_POTIONS","is_daily":false,"chose_seed":false,"campfire_upgraded":1,"win_rate":0.0,"timestamp":1612465766,"path_taken":["M","?","M","?","M","E","R","E","T","E","?","$","M","?","R","BOSS","M","?","M","M","?","R","E","?","T","E"],"items_purchased_type":["Card","Relic"],"build_version":"2020-12-22","purchased_purges":0,"victory":false,"max_hp_per_floor":[80,80,80,80,80,80,80,80,80,80,80,80,80,80,80,80,80,80,80,80,85,85,85,85,85,85,85,85],"card_choices":[{"not_picked":["Feel No Pain","Armaments"],"picked":"Perfected Strike","floor":1.0},{"not_picked":["Feel No Pain","True Grit"],"picked":"Warcry","floor":3.0},{"not_picked":["Armaments","Uppercut"],"picked":"Intimidate","floor":5.0},{"not_picked":["Disarm","Flame Barrier"],"picked":"conspire:Charge","floor":6.0},{"not_picked":["Infernal Blade","Second Wind"],"picked":"conspire:Charge","floor":8.0},{"not_picked":["Feel No Pain","Dark Embrace","Heavy Blade"],"picked":"SKIP","floor":10.0},{"not_picked":["Body Slam","Exhume"],"picked":"Shrug It Off","floor":11.0},{"not_picked":["Shrug It Off","Bloodletting"],"picked":"hubris:CleavingFinish","floor":13.0},{"not_picked":["True Grit","Burning Pact"],"picked":"Ghostly Armor","floor":14.0},{"not_picked":["Blood for Blood+1","Perfected Strike"],"picked":"Heavy Blade+1","floor":18},{"not_picked":["Twin Strike","Pommel Strike+1"],"picked":"Dropkick","floor":20},{"not_picked":["Body Slam","Havoc+1"],"picked":"Inflame","floor":21},{"not_picked":["Thunderclap","Clash"],"picked":"Shrug It Off+1","floor":24}],"player_experience":266413,"relics_obtained":[{"floor":6.0,"key":"Bag of Preparation"},{"floor":8.0,"key":"conspire:DeflatedDodgeball"},{"floor":9.0,"key":"Bottled Flame"},{"floor":10.0,"key":"PreservedInsect"},{"floor":14.0,"key":"Ancient Tea Set"},{"floor":24,"key":"Orichalcum"}],"event_choices":[{"cards_removed":["Iron Wave"],"damage_healed":0.0,"max_hp_gain":0.0,"max_hp_loss":0.0,"gold_gain":0.0,"event_name":"NoteForYourself","player_choice":"Took Card","floor":2.0,"gold_loss":0.0,"damage_taken":0.0,"cards_obtained":["Iron Wave"]},{"damage_healed":0.0,"max_hp_gain":0.0,"max_hp_loss":0.0,"gold_gain":30.0,"event_name":"Dead Adventurer","player_choice":"Searched \u00272\u0027 times","floor":14.0,"gold_loss":0.0,"damage_taken":0.0}],"is_beta":false,"boss_relics":[{"not_picked":["Mark of Pain","aspiration:FutureDiary"],"picked":"Black Blood"}],"items_purged_floors":[],"is_endless":false,"potions_floor_spawned":[1,10,11,13,16,18,21],"killed_by":"Hallownest:Nosk","ascension_level":1}}