{"host":"mgjbkrm6zb65cm01","time":1612456564,"event":{"mods":["ATMod(°¢èªMod)","BaseMod","Conspire","Good Game Mod","Marisa£¨ìFÓê¡¡Ä§ÀíÉ³£©","Minty Spire (QoL Compilation)","Quick Restart","Relic Stats","Replay The Spire","Spicy Shops","StSLib","The Bladedancer","The Servant 0.9.4","UnlockEverythingMod","noobMod"],"gold_per_floor":[116,130,149,160,260,260,2,12,35,64,79,90,90,90,90],"floor_reached":14,"language":"ZHS","playtime":493,"items_purged":[],"score":94,"play_id":"365c8fed-b906-49f8-bb1c-c0d894a8d419","local_time":"20210205003604","is_ascension_mode":false,"campfire_choices":[{"data":"Flex","floor":6,"key":"SMITH"},{"floor":13,"key":"RECALL"}],"circlet_count":0,"master_deck":["Strike_R","Strike_R","Strike_R","Strike_R","Defend_R","Defend_R","Defend_R","Defend_R","Bash","Offering","AT_CaressingTears","Flex+1","Sword Boomerang","True Grit","Headbutt","Sword Boomerang","Armaments"],"relics":["Burning Blood","REME:ComplimentaryCards","ice","AT_ATBox","AT_SilvercatRing","Oddly Smooth Stone"],"acts_visited":[],"potions_floor_usage":[10],"damage_taken":[{"damage":17.0,"enemies":"Jaw Worm","floor":1.0,"turns":2.0},{"damage":1,"enemies":"Cultist","floor":2,"turns":3},{"damage":10,"enemies":"2 Louse","floor":3,"turns":3},{"damage":19,"enemies":"Exordium Wildlife","floor":4,"turns":4},{"damage":12,"enemies":"Large Slime","floor":8,"turns":3},{"damage":34,"enemies":"Lagavulin","floor":10,"turns":7},{"damage":6,"enemies":"3 Louse","floor":11,"turns":2},{"damage":15,"enemies":"2 Fungi Beasts","floor":12,"turns":2},{"damage":0,"enemies":"3 Sentries","floor":14,"turns":1}],"seed_played":"998807189734140888","potions_obtained":[{"floor":4,"key":"Swift Potion"},{"floor":8,"key":"Weak Potion"},{"floor":10,"key":"ColorlessPotion"},{"floor":12,"key":"LifebloodPotion"}],"is_trial":false,"path_per_floor":["M","M","M","M","?","R","$","M","T","E","M","M","R","E"],"character_chosen":"IRONCLAD","items_purchased":["AT_SilvercatRing"],"campfire_rested":0,"item_purchase_floors":[7],"current_hp_per_floor":[69,74,70,57,57,57,57,51,51,80,80,71,71,71,71],"gold":90,"neow_bonus":"TRANSFORM_CARD","is_daily":false,"chose_seed":false,"campfire_upgraded":1,"win_rate":0.0,"timestamp":1612456564,"path_taken":["M","M","M","M","?","R","?","M","T","E","M","M","R","E"],"items_purchased_type":["Relic"],"build_version":"2020-12-22","purchased_purges":0,"victory":false,"max_hp_per_floor":[80,80,80,80,80,80,80,80,80,80,81,82,82,82,82],"relic_stats":{"counters":[9,27],"obtain_stats":[{"REME:ComplimentaryCards":0,"AT_ATBox":0,"Oddly Smooth Stone":10,"ice":0,"AT_SilvercatRing":7,"Burning Blood":0},{"REME:ComplimentaryCards":0,"AT_ATBox":0,"Oddly Smooth Stone":6,"ice":0,"AT_SilvercatRing":4,"Burning Blood":0},{"REME:ComplimentaryCards":0,"AT_ATBox":0,"Oddly Smooth Stone":22,"ice":0,"AT_SilvercatRing":12,"Burning Blood":0}],"Burning Blood":42},"card_choices":[{"not_picked":["Pommel Strike","True Grit"],"picked":"Flex","floor":1.0},{"not_picked":["Corruption","Body Slam","Evolve"],"picked":"SKIP","floor":2},{"not_picked":["Armaments","Abandon"],"picked":"Sword Boomerang","floor":3},{"not_picked":["Evolve","Havoc"],"picked":"True Grit","floor":4},{"not_picked":["Warcry","Carnage"],"picked":"Headbutt","floor":8},{"not_picked":["Pommel Strike","Pummel"],"picked":"Sword Boomerang","floor":10},{"not_picked":["Carnage","Headbutt","Twin Strike"],"picked":"SKIP","floor":11},{"not_picked":["Perfected Strike","Corruption"],"picked":"Armaments","floor":12}],"player_experience":132888,"relics_obtained":[{"floor":10,"key":"Oddly Smooth Stone"}],"event_choices":[{"damage_healed":0,"gold_gain":100,"player_choice":"Pray","damage_taken":0,"max_hp_gain":0,"max_hp_loss":0,"event_name":"Golden Shrine","floor":5,"gold_loss":0}],"is_beta":false,"boss_relics":[],"items_purged_floors":[],"is_endless":false,"potions_floor_spawned":[4,8,10,12],"killed_by":"3 Sentries","ascension_level":0}}