{"host":"g907ck67u7c3hrs6","time":1612438540,"event":{"mods":["BaseMod","Colored Map","DeckTracker","Highlight Path","Keyboard Shortcuts","Minty Spire (QoL Compilation)","Permanent Neow","Say the Spire","SuperFastMode"],"gold_per_floor":[110,110,110,21,37,62,62,62,62,73,90,40,67,85,85,183,183,193,221,221,234,245,273,273,302,357,111,126,126,137,164,164,269,269,285,36,36,49,68,115,132,354,354,388,400,413,447,36,36,36],"floor_reached":51,"language":"KOR","playtime":1682,"items_purged":["Regret","Regret","Doubt","Decay","Doubt"],"score":1157,"play_id":"96d8c883-1774-4ae5-a842-5bfcb6ce8b1c","local_time":"20210204203540","daily_mods":["Specialized","Heirloom","DeadlyEvents","Cursed Run"],"is_ascension_mode":false,"campfire_choices":[{"data":"Zap","floor":7,"key":"SMITH"},{"data":"Buffer","floor":15,"key":"SMITH"},{"data":"Buffer","floor":24,"key":"SMITH"},{"data":"Buffer","floor":29,"key":"SMITH"},{"data":"Buffer","floor":32,"key":"SMITH"},{"floor":49,"key":"REST"}],"circlet_count":0,"master_deck":["Strike_B","Strike_B","Strike_B+1","Strike_B","Defend_B","Defend_B+1","Defend_B","Defend_B","Zap+1","Dualcast+1","Buffer+1","Buffer+1","Buffer","Buffer+1","Buffer+1","Gash","Static Discharge","Hologram","Echo Form","Leap","Coolheaded","Creative AI+1","Turbo","Biased Cognition+1","Double Energy","Storm+1","Injury","Consume","Core Surge","Force Field+1","Aggregate+1","Electrodynamics+1","Amplify+1","Apotheosis+1","Self Repair+1","Magnetism+1","Apotheosis+1","Secret Technique+1","Aggregate+1","Force Field+1","Loop+1","Turbo+1","Doubt","Consume+1","Sweeping Beam+1","Defragment+1","Seek+1","Decay"],"relics":["Cursed Key","Darkstone Periapt","Du-Vu Doll","Ice Cream","The Courier","PreservedInsect","Smiling Mask","Frozen Egg 2","Runic Dome","Red Mask","TungstenRod","Regal Pillow","Oddly Smooth Stone","DataDisk","Toxic Egg 2","Bottled Lightning","Fusion Hammer","Thread and Needle","Sundial","Dream Catcher","Nunchaku","Incense Burner"],"acts_visited":["Exordium","TheCity","TheBeyond"],"potions_floor_usage":[22,23,50,50,50,50,50],"damage_taken":[{"damage":0,"enemies":"2 Louse","floor":1,"turns":3},{"damage":0,"enemies":"Small Slimes","floor":5,"turns":4},{"damage":0,"enemies":"Gremlin Nob","floor":6,"turns":6},{"damage":1,"enemies":"Jaw Worm","floor":10,"turns":6},{"damage":9,"enemies":"Blue Slaver","floor":11,"turns":5},{"damage":13,"enemies":"3 Sentries","floor":13,"turns":7},{"damage":0,"enemies":"Looter","floor":14,"turns":5},{"damage":0,"enemies":"Slime Boss","floor":16,"turns":12},{"damage":10,"enemies":"2 Thieves","floor":18,"turns":4},{"damage":34,"enemies":"Masked Bandits","floor":19,"turns":7},{"damage":8,"enemies":"3 Byrds","floor":21,"turns":4},{"damage":0,"enemies":"Centurion and Healer","floor":22,"turns":5},{"damage":0,"enemies":"Slavers","floor":23,"turns":4},{"damage":0,"enemies":"Book of Stabbing","floor":25,"turns":4},{"damage":9,"enemies":"Sentry and Sphere","floor":28,"turns":3},{"damage":0,"enemies":"3 Cultists","floor":30,"turns":5},{"damage":3,"enemies":"Gremlin Leader","floor":31,"turns":5},{"damage":0,"enemies":"Collector","floor":33,"turns":6},{"damage":12,"enemies":"Orb Walker","floor":35,"turns":3},{"damage":12,"enemies":"3 Darklings","floor":38,"turns":2},{"damage":9,"enemies":"4 Shapes","floor":39,"turns":6},{"damage":0,"enemies":"Giant Head","floor":40,"turns":6},{"damage":11,"enemies":"Jaw Worm Horde","floor":41,"turns":3},{"damage":0,"enemies":"Nemesis","floor":44,"turns":3},{"damage":0,"enemies":"3 Darklings","floor":45,"turns":2},{"damage":0,"enemies":"Sphere and 2 Shapes","floor":46,"turns":3},{"damage":1,"enemies":"Giant Head","floor":47,"turns":6},{"damage":16,"enemies":"Awakened One","floor":50,"turns":5}],"seed_played":"2616644319227056993","potions_obtained":[{"floor":5,"key":"DistilledChaos"},{"floor":6,"key":"PowerPotion"},{"floor":11,"key":"Block Potion"},{"floor":30,"key":"SpeedPotion"},{"floor":31,"key":"EntropicBrew"},{"floor":39,"key":"ColorlessPotion"},{"floor":47,"key":"PotionOfCapacity"}],"is_trial":true,"path_per_floor":["M","?","?","$","M","E","R","?","T","M","M","$","E","M","R","B",null,"M","?","T","M","M","E","R","E","T","$","M","R","M","E","R","B",null,"M","$","?","M","M","E","M","?","T","E","M","M","E","$","R","B",null],"character_chosen":"DEFECT","items_purchased":["Static Discharge","Toxic Egg 2","Apotheosis+1","Self Repair+1","Seek+1","Incense Burner"],"campfire_rested":1,"item_purchase_floors":[4,27,36,36,48,48],"current_hp_per_floor":[75,60,66,66,66,66,66,66,72,71,62,62,49,49,49,55,93,83,49,55,47,47,47,47,47,53,53,44,44,44,41,41,47,111,99,99,90,78,69,89,88,88,94,114,114,114,117,117,117,107],"gold":36,"neow_bonus":"","is_daily":false,"chose_seed":false,"campfire_upgraded":5,"win_rate":0.0,"timestamp":1612438540,"path_taken":["M","?","?","$","M","E","R","?","T","M","?","$","E","M","R","BOSS","M","?","?","?","M","E","R","E","T","$","M","R","M","E","R","BOSS","M","$","?","M","?","E","M","?","T","?","?","M","?","?","R","BOSS"],"items_purchased_type":["Card","Relic","Card","Card","Card","Relic"],"build_version":"2020-12-22","purchased_purges":5,"victory":true,"max_hp_per_floor":[75,75,81,81,81,81,81,81,87,87,87,87,87,87,87,93,93,93,93,99,99,99,99,99,99,105,105,105,105,105,105,105,111,111,111,111,111,111,111,111,111,111,117,117,117,117,117,117,117,123],"card_choices":[{"not_picked":["Barrage","Beam Cell"],"picked":"Gash","floor":1},{"not_picked":["Rebound","Compile Driver"],"picked":"Hologram","floor":5},{"not_picked":["Redo","Gash"],"picked":"Echo Form","floor":6},{"not_picked":["Hologram","Compile Driver"],"picked":"Leap","floor":10},{"not_picked":["Ball Lightning","Redo"],"picked":"Coolheaded","floor":11},{"not_picked":["Self Repair+1","Aggregate"],"picked":"Creative AI+1","floor":13},{"not_picked":["Cold Snap","Redo"],"picked":"Turbo","floor":14},{"not_picked":["Reboot","Meteor Strike"],"picked":"Biased Cognition+1","floor":16},{"not_picked":["Streamline","Turbo"],"picked":"Double Energy","floor":18},{"not_picked":["Sunder","Ball Lightning"],"picked":"Storm+1","floor":19},{"not_picked":["Melter+1","Ball Lightning"],"picked":"Consume","floor":21},{"not_picked":["Turbo","Leap"],"picked":"Core Surge","floor":22},{"not_picked":["Beam Cell","Steam+1","Cold Snap"],"picked":"SKIP","floor":23},{"not_picked":["Consume","Multi-Cast","Streamline"],"picked":"SKIP","floor":25},{"not_picked":["Beam Cell","Leap+1"],"picked":"Force Field+1","floor":28},{"not_picked":["Reprogram+1","Streamline+1"],"picked":"Aggregate+1","floor":30},{"not_picked":["Genetic Algorithm+1","Stack+1"],"picked":"Electrodynamics+1","floor":31},{"not_picked":["Fission+1","Rainbow+1"],"picked":"Amplify+1","floor":33},{"not_picked":["Go for the Eyes+1","Beam Cell","Ball Lightning+1"],"picked":"SKIP","floor":35},{"not_picked":["Flash of Steel","Blind+1"],"picked":"Magnetism+1","floor":37},{"not_picked":["Trip+1","Blind+1"],"picked":"Apotheosis+1","floor":37},{"not_picked":["Transmutation+1","Swift Strike"],"picked":"Secret Technique+1","floor":37},{"not_picked":["Genetic Algorithm+1","Streamline"],"picked":"Aggregate+1","floor":38},{"not_picked":["Gash","FTL+1"],"picked":"Force Field+1","floor":39},{"not_picked":["Coolheaded+1","Hologram+1"],"picked":"Loop+1","floor":40},{"not_picked":["Ball Lightning","Meteor Strike"],"picked":"Turbo+1","floor":41},{"not_picked":["White Noise+1","Coolheaded+1"],"picked":"Consume+1","floor":44},{"not_picked":["Undo+1","Compile Driver","Go for the Eyes+1"],"picked":"SKIP","floor":45},{"not_picked":["Doom and Gloom+1","Cold Snap+1","Sweeping Beam+1"],"picked":"SKIP","floor":46},{"not_picked":["Doom and Gloom+1","Cold Snap+1"],"picked":"Sweeping Beam+1","floor":46},{"not_picked":["Scrape","Static Discharge+1"],"picked":"Defragment+1","floor":47}],"player_experience":256973,"relics_obtained":[{"floor":6,"key":"PreservedInsect"},{"floor":9,"key":"Smiling Mask"},{"floor":13,"key":"Frozen Egg 2"},{"floor":19,"key":"Red Mask"},{"floor":20,"key":"TungstenRod"},{"floor":23,"key":"Regal Pillow"},{"floor":25,"key":"Oddly Smooth Stone"},{"floor":26,"key":"DataDisk"},{"floor":31,"key":"Bottled Lightning"},{"floor":40,"key":"Thread and Needle"},{"floor":43,"key":"Sundial"},{"floor":44,"key":"Dream Catcher"},{"floor":47,"key":"Nunchaku"}],"event_choices":[{"damage_healed":0,"gold_gain":0,"player_choice":"Entered Light","damage_taken":15,"max_hp_gain":0,"max_hp_loss":0,"event_name":"Shining Light","floor":2,"gold_loss":0,"cards_upgraded":["Strike_B","Defend_B"]},{"damage_healed":0,"gold_gain":0,"player_choice":"Box","damage_taken":0,"relics_obtained":["The Courier"],"max_hp_gain":0,"max_hp_loss":0,"event_name":"Big Fish","floor":3,"gold_loss":0,"cards_obtained":["Regret"]},{"damage_healed":0,"gold_gain":0,"player_choice":"Grow","damage_taken":0,"max_hp_gain":0,"max_hp_loss":0,"event_name":"Living Wall","floor":8,"gold_loss":0,"cards_upgraded":["Dualcast"]},{"damage_healed":0,"gold_gain":0,"player_choice":"Fought Bandits","damage_taken":0,"max_hp_gain":0,"max_hp_loss":0,"event_name":"Masked Bandits","floor":19,"gold_loss":0},{"damage_healed":0,"gold_gain":0,"player_choice":"Memory 3","damage_taken":10,"max_hp_gain":0,"max_hp_loss":0,"event_name":"SensoryStone","floor":37,"gold_loss":0},{"damage_healed":0,"gold_gain":222,"player_choice":"Wore Mask","damage_taken":0,"max_hp_gain":0,"max_hp_loss":0,"event_name":"Tomb of Lord Red Mask","floor":42,"gold_loss":0}],"is_beta":false,"boss_relics":[{"not_picked":["Tiny House","Inserter"],"picked":"Runic Dome"},{"not_picked":["SacredBark","Snecko Eye"],"picked":"Fusion Hammer"}],"items_purged_floors":[4,12,27,36,48],"is_endless":false,"potions_floor_spawned":[5,6,11,13,19,21,30,31,39,45,47],"ascension_level":0}}