{"host":"gfmw02tnhhvp9jba","time":1612465181,"event":{"mods":["AchievementEnabler","BaseMod","Colored Map","Conspire","Downfall","Highlight Path","Minty Spire (QoL Compilation)","Replay The Spire","StSLib"],"gold_per_floor":[0,11,11,11,31,46,46,74,91,111,143,143,143,143,143],"floor_reached":13,"language":"ENG","playtime":547,"items_purged":[],"score":100,"play_id":"6cda08ea-09c8-4203-9587-6bd496dfa9ee","local_time":"20210204195941","is_ascension_mode":true,"campfire_choices":[{"data":"bronze:Replicate","floor":1,"key":"SMITH"}],"circlet_count":0,"master_deck":["bronze:Strike","bronze:Strike","bronze:Defend","bronze:Defend","bronze:Defend","bronze:BurnOut","bronze:Repulsor","bronze:DelayedGuard","Pain","bronze:Separator","bronze:CutThrough","bronze:Flail","bronze:Iterate","bronze:ItsAFeature","bronze:WildBeam","m_BronzeAgony+1","m_BronzeSurvivor"],"relics":["bronze:BronzeCore","WarpedTongs","Matryoshka","Orichalcum","Pen Nib"],"acts_visited":["Exordium"],"potions_floor_usage":[8,11,13],"damage_taken":[{"damage":4,"enemies":"2 Louse","floor":2,"turns":3},{"damage":9,"enemies":"conspire:RoseBush","floor":5,"turns":4},{"damage":2,"enemies":"Cultist","floor":6,"turns":3},{"damage":34,"enemies":"Lagavulin","floor":8,"turns":7},{"damage":10,"enemies":"conspire:2 RoseBushes","floor":9,"turns":4},{"damage":3,"enemies":"Large Slime","floor":10,"turns":5},{"damage":16,"enemies":"3 Sentries","floor":11,"turns":3},{"damage":10,"enemies":"Lagavulin","floor":13,"turns":2}],"seed_played":"-7193751466781352156","potions_obtained":[{"floor":2,"key":"conspire:TimeTravelPotion"},{"floor":6,"key":"BlessingOfTheForge"},{"floor":9,"key":"GamblersBrew"},{"floor":10,"key":"SmokeBomb"}],"is_trial":false,"path_per_floor":["R","M","?","?","M","M","T","E","M","M","E","?","E"],"character_chosen":"THE_AUTOMATON","items_purchased":[],"campfire_rested":0,"item_purchase_floors":[],"current_hp_per_floor":[70,66,66,66,57,55,55,39,29,26,10,10,0,0,0],"gold":143,"neow_bonus":"TRANSFORM_TWO_CARDS","is_daily":false,"chose_seed":false,"campfire_upgraded":1,"win_rate":0.0,"timestamp":1612465181,"path_taken":["R","M","?","?","M","M","T","E","M","?","E","?","E"],"items_purchased_type":[],"build_version":"2020-12-22","purchased_purges":0,"victory":false,"max_hp_per_floor":[70,70,70,70,70,70,70,70,70,70,70,70,70,70,70],"card_choices":[{"not_picked":["bronze:Overheat","bronze:FineTuning"],"picked":"bronze:DelayedGuard","floor":2},{"not_picked":["bronze:Shield","bronze:DelayedSlice"],"picked":"bronze:Separator","floor":5},{"not_picked":["bronze:Constructor","bronze:WhirlingStrike"],"picked":"bronze:CutThrough","floor":6},{"not_picked":["bronze:Philosophize","bronze:DigitalCarnage"],"picked":"bronze:Flail","floor":8},{"not_picked":["bronze:ForceShield","bronze:Allocate"],"picked":"bronze:Iterate","floor":9},{"not_picked":["bronze:WhirlingStrike","bronze:BugBarrage"],"picked":"bronze:ItsAFeature","floor":10},{"not_picked":["bronze:ShipIt","bronze:Fortify"],"picked":"bronze:WildBeam","floor":11}],"player_experience":121753,"relics_obtained":[{"floor":7,"key":"Matryoshka"},{"floor":8,"key":"Orichalcum"},{"floor":11,"key":"Pen Nib"}],"event_choices":[],"is_beta":false,"boss_relics":[],"items_purged_floors":[],"is_endless":false,"potions_floor_spawned":[2,6,9,10],"killed_by":"Lagavulin","ascension_level":1}}