{"host":"nuu0xlk1bpqu5s2n","time":1612445267,"event":{"mods":["AchievementEnabler","BaseMod","Minty Spire (QoL Compilation)","StSLib"],"gold_per_floor":[114,114,129,145,214,214,224,224,297,347,365,6,16,41,41,116,116,130,2,52,102,115,115,115,115],"floor_reached":24,"language":"ENG","playtime":1696,"items_purged":["Regret","Strike_G"],"score":411,"play_id":"25082a80-8851-4361-b42e-a916f6872a41","local_time":"20210204152747","is_ascension_mode":true,"campfire_choices":[{"data":"Dash","floor":6,"key":"SMITH"},{"data":"Skewer","floor":8,"key":"SMITH"},{"data":"Footwork","floor":15,"key":"SMITH"},{"floor":23,"key":"REST"}],"circlet_count":0,"master_deck":["AscendersBane","Strike_G","Strike_G","Defend_G","Defend_G","Defend_G","Defend_G","Defend_G","Survivor","Neutralize","Cloak And Dagger","Dash+1","Cloak And Dagger","Skewer+1","Envenom","Acrobatics","Footwork+1","Backflip+1","Bullet Time+1","Noxious Fumes","Footwork","RitualDagger","Quick Slash","Concentrate+1","Infinite Blades+1"],"relics":["Ring of the Snake","SsserpentHead","Paper Crane","Mango","Toxic Egg 2","Smiling Mask","Fusion Hammer"],"acts_visited":["Exordium","TheCity"],"potions_floor_usage":[14,24,24],"damage_taken":[{"damage":2,"enemies":"2 Louse","floor":1,"turns":3},{"damage":0,"enemies":"Cultist","floor":3,"turns":4},{"damage":2,"enemies":"Small Slimes","floor":4,"turns":5},{"damage":0,"enemies":"Looter","floor":5,"turns":4},{"damage":2,"enemies":"Blue Slaver","floor":7,"turns":4},{"damage":0,"enemies":"2 Fungi Beasts","floor":11,"turns":3},{"damage":0,"enemies":"3 Louse","floor":13,"turns":4},{"damage":15,"enemies":"3 Sentries","floor":14,"turns":13},{"damage":21,"enemies":"The Guardian","floor":16,"turns":17},{"damage":12,"enemies":"Spheric Guardian","floor":18,"turns":6},{"damage":35,"enemies":"3 Byrds","floor":22,"turns":5},{"damage":46,"enemies":"Gremlin Leader","floor":24,"turns":7}],"seed_played":"4294032016781284868","potions_obtained":[{"floor":5,"key":"GamblersBrew"},{"floor":7,"key":"SpeedPotion"},{"floor":14,"key":"Fire Potion"},{"floor":22,"key":"Ancient Potion"}],"is_trial":false,"path_per_floor":["M","?","M","M","M","R","M","R","T","?","M","$","M","E","R","B",null,"M","$","?","?","M","R","E"],"character_chosen":"THE_SILENT","items_purchased":["Toxic Egg 2","Footwork"],"campfire_rested":1,"item_purchase_floors":[12,19],"current_hp_per_floor":[63,63,63,61,61,61,59,59,59,73,73,73,73,58,58,37,74,62,62,56,56,21,46,0,0],"gold":115,"neow_bonus":"TEN_PERCENT_HP_BONUS","is_daily":false,"chose_seed":false,"campfire_upgraded":3,"win_rate":0.0,"timestamp":1612445267,"path_taken":["M","?","M","M","?","R","M","R","T","?","M","$","M","E","R","BOSS","M","$","?","?","M","R","E"],"items_purchased_type":["Relic","Card"],"build_version":"2020-12-22","purchased_purges":2,"victory":false,"max_hp_per_floor":[72,72,72,72,72,72,72,72,72,86,86,86,86,86,86,86,86,86,86,86,86,86,86,86,86],"card_choices":[{"not_picked":["Outmaneuver","Backflip"],"picked":"Cloak And Dagger","floor":1},{"not_picked":["Tactician","Dagger Spray"],"picked":"Dash","floor":3},{"not_picked":["Underhanded Strike","Catalyst"],"picked":"Cloak And Dagger","floor":4},{"not_picked":["Blade Dance","Quick Slash"],"picked":"Skewer","floor":5},{"not_picked":["Dodge and Roll","Flying Knee"],"picked":"Envenom","floor":7},{"not_picked":["Dagger Throw","Outmaneuver"],"picked":"Acrobatics","floor":11},{"not_picked":["Dagger Throw","Deflect+1"],"picked":"Footwork","floor":13},{"not_picked":["Outmaneuver+1","Dagger Throw"],"picked":"Backflip+1","floor":14},{"not_picked":["Storm of Steel+1","Glass Knife"],"picked":"Bullet Time+1","floor":16},{"not_picked":["Slice+1","Poisoned Stab"],"picked":"Noxious Fumes","floor":18},{"not_picked":["Flechettes","Dash"],"picked":"Infinite Blades+1","floor":22}],"player_experience":542849,"relics_obtained":[{"floor":9,"key":"Paper Crane"},{"floor":14,"key":"Smiling Mask"}],"event_choices":[{"damage_healed":0,"gold_gain":0,"player_choice":"Trade","damage_taken":0,"relics_obtained":["SsserpentHead"],"max_hp_gain":0,"max_hp_loss":0,"event_name":"FaceTrader","floor":2,"gold_loss":0},{"damage_healed":0,"gold_gain":0,"player_choice":"Box","damage_taken":0,"relics_obtained":["Mango"],"max_hp_gain":0,"max_hp_loss":0,"event_name":"Big Fish","floor":10,"gold_loss":0,"cards_obtained":["Regret"]},{"damage_healed":0,"gold_gain":0,"player_choice":"Joined the Cult","damage_taken":6,"max_hp_gain":0,"max_hp_loss":0,"event_name":"Nest","floor":20,"gold_loss":0,"cards_obtained":["RitualDagger"]},{"damage_healed":0,"gold_gain":0,"cards_transformed":["Strike_G","Strike_G"],"player_choice":"Became Test Subject","damage_taken":0,"max_hp_gain":0,"max_hp_loss":0,"event_name":"Drug Dealer","floor":21,"gold_loss":0,"cards_obtained":["Quick Slash","Concentrate"]}],"is_beta":false,"boss_relics":[{"not_picked":["SacredBark","Runic Pyramid"],"picked":"Fusion Hammer"}],"items_purged_floors":[12,19],"is_endless":false,"potions_floor_spawned":[5,7,14,22],"killed_by":"Gremlin Leader","ascension_level":19}}