{"host":"3xramekeme16g407","time":1612407698,"event":{"mods":["2.2 Compatiblity","AchievementEnabler","BaseMod","Bestiary","Minty Spire (QoL Compilation)","Relic Stats","StSLib"],"gold_per_floor":[210,185,185,185,204,204,240,252,252,45,61,61,61,26,26,121,121,139,139,64,64,90,90,90],"floor_reached":23,"language":"ENG","playtime":1885,"items_purged":[],"score":187,"play_id":"b59a3919-8667-409f-b602-6e2328e5dfdd","local_time":"20210203190138","is_ascension_mode":false,"campfire_choices":[{"data":"Chill","floor":6,"key":"SMITH"},{"data":"Capacitor","floor":13,"key":"SMITH"},{"data":"Consume","floor":15,"key":"SMITH"}],"circlet_count":0,"master_deck":["Strike_B","Strike_B","Strike_B","Strike_B","Defend_B","Defend_B","Defend_B","Defend_B","Zap","Dualcast","Coolheaded","Leap","Chill+1","Consume+1","Capacitor+1","Genetic Algorithm+1"],"relics":["Cracked Core","CeramicFish","Singing Bowl","Oddly Smooth Stone","Runic Pyramid","Enchiridion","Orichalcum"],"acts_visited":["Exordium","TheCity"],"potions_floor_usage":[23],"damage_taken":[{"damage":0,"enemies":"2 Louse","floor":1,"turns":3},{"damage":2,"enemies":"Small Slimes","floor":5,"turns":4},{"damage":41,"enemies":"Lagavulin","floor":7,"turns":15},{"damage":0,"enemies":"Cultist","floor":8,"turns":4},{"damage":0,"enemies":"Lots of Slimes","floor":11,"turns":6},{"damage":22,"enemies":"The Guardian","floor":16,"turns":12},{"damage":1,"enemies":"Chosen","floor":18,"turns":6},{"damage":2,"enemies":"2 Thieves","floor":20,"turns":5},{"damage":0,"enemies":"Centurion and Healer","floor":22,"turns":7},{"damage":83,"enemies":"Slavers","floor":23,"turns":7}],"seed_played":"3362289071690812187","potions_obtained":[{"floor":8,"key":"SmokeBomb"},{"floor":11,"key":"SpeedPotion"},{"floor":16,"key":"Strength Potion"},{"floor":22,"key":"Fire Potion"}],"is_trial":false,"path_per_floor":["M","$","?","?","M","R","E","M","T","$","M","?","R","?","R","B",null,"M","?","M","?","M","E"],"character_chosen":"DEFECT","items_purchased":["Leap","Capacitor","Oddly Smooth Stone"],"campfire_rested":0,"item_purchase_floors":[2,10,10],"current_hp_per_floor":[75,75,68,68,66,66,25,27,27,27,29,55,55,74,74,54,81,82,66,66,66,66,0,0],"gold":90,"neow_bonus":"HUNDRED_GOLD","is_daily":false,"chose_seed":false,"campfire_upgraded":3,"win_rate":0.0,"timestamp":1612407698,"path_taken":["M","$","?","?","M","R","E","M","T","$","M","?","R","?","R","BOSS","M","?","M","?","?","E"],"items_purchased_type":["Card","Card","Relic"],"build_version":"2020-12-22","purchased_purges":0,"victory":false,"max_hp_per_floor":[75,75,75,75,75,75,75,77,77,77,79,79,79,79,79,81,81,83,83,85,85,85,85,85],"relic_stats":{"Singing Bowl":10,"counters":[10,69],"CeramicFish":36,"Orichalcum":[36],"obtain_stats":[{"Singing Bowl":7,"CeramicFish":3,"Oddly Smooth Stone":10,"Enchiridion":19,"Orichalcum":21,"Cracked Core":0,"Runic Pyramid":17},{"Singing Bowl":3,"CeramicFish":1,"Oddly Smooth Stone":4,"Enchiridion":7,"Orichalcum":8,"Cracked Core":0,"Runic Pyramid":6},{"Singing Bowl":22,"CeramicFish":3,"Oddly Smooth Stone":26,"Enchiridion":50,"Orichalcum":55,"Cracked Core":0,"Runic Pyramid":44}]},"card_choices":[{"not_picked":["Conserve Battery","Steam"],"picked":"Coolheaded","floor":1},{"not_picked":["Double Energy","Conserve Battery"],"picked":"Chill","floor":5},{"not_picked":["Undo","Compile Driver"],"picked":"Consume","floor":7},{"not_picked":["Rainbow","Compile Driver","Beam Cell"],"picked":"Singing Bowl","floor":8},{"not_picked":["Stack","Sweeping Beam","Chaos"],"picked":"Singing Bowl","floor":11},{"not_picked":["Rainbow","Hyperbeam","Thunder Strike"],"picked":"Singing Bowl","floor":16},{"not_picked":["FTL","Compile Driver","Barrage"],"picked":"Singing Bowl","floor":18},{"not_picked":["Compile Driver+1","Ball Lightning+1","Leap"],"picked":"Singing Bowl","floor":20},{"not_picked":["Force Field","Undo"],"picked":"Genetic Algorithm+1","floor":22}],"player_experience":446236,"relics_obtained":[{"floor":7,"key":"Singing Bowl"},{"floor":19,"key":"Enchiridion"}],"event_choices":[{"damage_healed":0,"gold_gain":0,"player_choice":"Success","damage_taken":7,"relics_obtained":["CeramicFish"],"max_hp_gain":0,"max_hp_loss":0,"event_name":"Scrap Ooze","floor":3,"gold_loss":0},{"damage_healed":0,"gold_gain":0,"player_choice":"Ignored","damage_taken":0,"max_hp_gain":0,"max_hp_loss":0,"event_name":"Golden Wing","floor":4,"gold_loss":0},{"damage_healed":26,"gold_gain":0,"player_choice":"Banana","damage_taken":0,"max_hp_gain":0,"max_hp_loss":0,"event_name":"Big Fish","floor":12,"gold_loss":0},{"damage_healed":19,"gold_gain":0,"player_choice":"Healed","damage_taken":0,"max_hp_gain":0,"max_hp_loss":0,"event_name":"The Cleric","floor":14,"gold_loss":35},{"damage_healed":0,"gold_gain":0,"player_choice":"Obtained Book","damage_taken":16,"max_hp_gain":0,"max_hp_loss":0,"event_name":"Cursed Tome","floor":19,"gold_loss":0},{"damage_healed":0,"gold_gain":0,"player_choice":"Gave Potion","damage_taken":0,"relics_obtained":["Orichalcum"],"max_hp_gain":0,"max_hp_loss":0,"event_name":"WeMeetAgain","floor":21,"gold_loss":0}],"is_beta":false,"boss_relics":[{"not_picked":["Astrolabe","Coffee Dripper"],"picked":"Runic Pyramid"}],"items_purged_floors":[],"is_endless":false,"potions_floor_spawned":[8,11,16,18,22],"killed_by":"Slavers","ascension_level":0}}