{"host":"ELF","time":1612447122,"event":{"mods":["BaseMod","Bestiary","Minty Spire (QoL Compilation)","Relic Stats","Slay the Relics Exporter"],"gold_per_floor":[113,132,132,207,219,219,244,244,267,294,294,312,312,322,322,418,418,429,46,46,64,81,81,113,123,423,449,462,462,478,496,496,496,496],"floor_reached":33,"language":"ENG","playtime":805,"items_purged":["Strike_R"],"score":299,"play_id":"11103dad-0ef5-43d7-9cb8-b0f06a5260ea","local_time":"20210204075842","is_ascension_mode":false,"campfire_choices":[{"data":"Combust","floor":6,"key":"SMITH"},{"data":"Twin Strike","floor":8,"key":"SMITH"},{"data":"Whirlwind","floor":11,"key":"SMITH"},{"data":"Cleave","floor":13,"key":"SMITH"},{"data":"Bash","floor":15,"key":"SMITH"},{"floor":23,"key":"RECALL"},{"floor":32,"key":"REST"}],"circlet_count":0,"master_deck":["Strike_R","Strike_R","Strike_R","Strike_R","Defend_R+1","Defend_R","Defend_R+1","Bash+1","Combust+1","Twin Strike+1","Cleave+1","Whirlwind+1","Carnage","Shame","Flex+1"],"relics":["Burning Blood","Magic Flower","Bronze Scales","Lantern","Dead Branch","Fusion Hammer","Ginger","War Paint","Sundial","Old Coin","Toxic Egg 2"],"acts_visited":["Exordium","TheCity"],"potions_floor_usage":[25,27,33,33],"damage_taken":[{"damage":11,"enemies":"Jaw Worm","floor":1,"turns":3},{"damage":8,"enemies":"Cultist","floor":2,"turns":3},{"damage":1,"enemies":"Small Slimes","floor":5,"turns":2},{"damage":18,"enemies":"Gremlin Nob","floor":7,"turns":4},{"damage":40,"enemies":"Lagavulin","floor":10,"turns":4},{"damage":8,"enemies":"3 Louse","floor":12,"turns":2},{"damage":0,"enemies":"Exordium Thugs","floor":14,"turns":2},{"damage":29,"enemies":"Slime Boss","floor":16,"turns":8},{"damage":12,"enemies":"Spheric Guardian","floor":18,"turns":3},{"damage":4,"enemies":"3 Byrds","floor":21,"turns":2},{"damage":9,"enemies":"Snake Plant","floor":22,"turns":3},{"damage":42,"enemies":"Slavers","floor":24,"turns":3},{"damage":39,"enemies":"Shelled Parasite and Fungi","floor":25,"turns":4},{"damage":45,"enemies":"Book of Stabbing","floor":27,"turns":4},{"damage":15,"enemies":"Snecko","floor":28,"turns":4},{"damage":12,"enemies":"Chosen and Byrds","floor":30,"turns":2},{"damage":10,"enemies":"Centurion and Healer","floor":31,"turns":4},{"damage":61,"enemies":"Collector","floor":33,"turns":7}],"seed_played":"-4596349085522000051","potions_obtained":[{"floor":5,"key":"BloodPotion"},{"floor":7,"key":"FairyPotion"},{"floor":14,"key":"BlessingOfTheForge"},{"floor":22,"key":"Regen Potion"},{"floor":27,"key":"Block Potion"},{"floor":30,"key":"Swift Potion"},{"floor":31,"key":"Block Potion"}],"is_trial":false,"path_per_floor":["M","M","?","?","M","R","E","R","T","E","R","M","R","M","R","B",null,"M","$","?","M","M","R","E","M","T","E","M","?","M","M","R","B"],"character_chosen":"IRONCLAD","items_purchased":["Ginger"],"campfire_rested":1,"item_purchase_floors":[19],"current_hp_per_floor":[70,71,71,64,72,72,63,63,63,32,32,33,33,42,42,22,72,69,69,69,72,72,72,39,30,30,13,41,28,25,24,47,0,0],"gold":496,"neow_bonus":"ONE_RARE_RELIC","is_daily":false,"chose_seed":false,"campfire_upgraded":5,"win_rate":0.0,"timestamp":1612447122,"path_taken":["M","M","?","?","M","R","E","R","T","E","R","M","R","M","R","BOSS","M","$","?","M","M","R","E","M","T","E","M","?","M","M","R","BOSS"],"items_purchased_type":["Relic"],"build_version":"2020-12-18","purchased_purges":1,"victory":false,"max_hp_per_floor":[72,72,72,72,72,72,72,72,72,72,72,72,72,72,72,72,72,72,72,72,72,72,72,72,72,72,72,72,77,77,77,77,77,77],"relic_stats":{"counters":[18,64],"Sundial":[4],"Bronze Scales":[125],"Dead Branch":[3],"Magic Flower":[74],"Ginger":[7],"War Paint":["Defend_R","Defend_R"],"obtain_stats":[{"Lantern":9,"Sundial":24,"Bronze Scales":7,"Dead Branch":10,"Magic Flower":0,"Fusion Hammer":17,"Ginger":19,"War Paint":20,"Toxic Egg 2":27,"Burning Blood":0,"Old Coin":26},{"Lantern":4,"Sundial":12,"Bronze Scales":4,"Dead Branch":5,"Magic Flower":0,"Fusion Hammer":8,"Ginger":9,"War Paint":9,"Toxic Egg 2":14,"Burning Blood":0,"Old Coin":13},{"Lantern":12,"Sundial":39,"Bronze Scales":12,"Dead Branch":16,"Magic Flower":0,"Fusion Hammer":28,"Ginger":31,"War Paint":31,"Toxic Egg 2":47,"Burning Blood":0,"Old Coin":43}],"Burning Blood":151},"card_choices":[{"not_picked":["Pommel Strike","Clash"],"picked":"Combust","floor":1},{"not_picked":["Spot Weakness","Dark Embrace"],"picked":"Twin Strike","floor":2},{"not_picked":["Heavy Blade","Uppercut"],"picked":"Cleave","floor":5},{"not_picked":["Reaper","Headbutt","Power Through"],"picked":"SKIP","floor":7},{"not_picked":["Body Slam","Rupture"],"picked":"Whirlwind","floor":10},{"not_picked":["Armaments","Dual Wield","Infernal Blade"],"picked":"SKIP","floor":12},{"not_picked":["True Grit","Shrug It Off","Sword Boomerang"],"picked":"SKIP","floor":14},{"not_picked":["Second Wind","Searing Blow"],"picked":"Carnage","floor":18},{"not_picked":["Cleave","Shrug It Off","Armaments"],"picked":"SKIP","floor":21},{"not_picked":["Clash+1","Entrench","Shrug It Off"],"picked":"SKIP","floor":22},{"not_picked":["Rampage","Heavy Blade","Immolate"],"picked":"SKIP","floor":24},{"not_picked":["Evolve","Twin Strike+1"],"picked":"Flex+1","floor":25},{"not_picked":["Cleave+1","Immolate","Disarm+1"],"picked":"SKIP","floor":27},{"not_picked":["Clash","Thunderclap","Warcry+1"],"picked":"SKIP","floor":28},{"not_picked":["Pommel Strike","Warcry+1","Armaments+1"],"picked":"SKIP","floor":30},{"not_picked":["Heavy Blade","Clothesline","Entrench+1"],"picked":"SKIP","floor":31}],"player_experience":3393322,"relics_obtained":[{"floor":7,"key":"Bronze Scales"},{"floor":9,"key":"Lantern"},{"floor":10,"key":"Dead Branch"},{"floor":24,"key":"Sundial"},{"floor":26,"key":"Old Coin"},{"floor":27,"key":"Toxic Egg 2"}],"event_choices":[{"cards_removed":["Defend_R"],"damage_healed":0,"gold_gain":0,"player_choice":"Forget","damage_taken":0,"max_hp_gain":0,"max_hp_loss":0,"event_name":"Living Wall","floor":3,"gold_loss":0},{"damage_healed":0,"gold_gain":75,"player_choice":"Touch","damage_taken":7,"max_hp_gain":0,"max_hp_loss":0,"event_name":"FaceTrader","floor":4,"gold_loss":0},{"damage_healed":0,"gold_gain":0,"player_choice":"Stole Relic","damage_taken":0,"relics_obtained":["War Paint"],"max_hp_gain":0,"max_hp_loss":0,"event_name":"Addict","floor":20,"gold_loss":0,"cards_obtained":["Shame"]},{"damage_healed":0,"gold_gain":0,"player_choice":"Shed Blood","damage_taken":18,"max_hp_gain":5,"max_hp_loss":0,"event_name":"Forgotten Altar","floor":29,"gold_loss":0}],"is_beta":true,"boss_relics":[{"not_picked":["Black Blood","Philosopher\u0027s Stone"],"picked":"Fusion Hammer"}],"items_purged_floors":[19],"is_endless":false,"potions_floor_spawned":[5,7,14,21,22,27,30,31],"killed_by":"Collector","ascension_level":0}}