{"host":"c35j6tsoy7cxzn43","time":1612401252,"event":{"mods":["BaseMod","Better Third Choice","BetterRewards","Colored Map","Colored Powertips","Conspire","Highlight Path","Hubris","Infinite Spire","Minty Spire (QoL Compilation)","Quick Restart","Replay The Spire","Shop Mod","StSLib"],"gold_per_floor":[113,124,142,142,153,153,181,181,207,241,241,111,111,11,11,107,107,89,104,122,141,158,158,158,158],"floor_reached":24,"language":"ENG","playtime":1124,"items_purged":["Strike_B","Strike_B"],"score":208,"play_id":"c48e7c1c-7ac3-40ed-a87b-c0b9ad3e077e","local_time":"20210204021412","is_ascension_mode":false,"campfire_choices":[{"data":"Chaos","floor":6,"key":"SMITH"},{"data":"Chaos","floor":8,"key":"SMITH"},{"data":"Echo Form","floor":11,"key":"SMITH"},{"data":"Fission","floor":23,"key":"SMITH"}],"circlet_count":0,"master_deck":["Strike_B+1","Defend_B","Defend_B","Defend_B","Defend_B","Zap","Dualcast","Ball Lightning+1","Go for the Eyes+1","Force Field","Chaos+1","Chaos+1","Echo Form+1","FIFO Queue+1","Fission+1","Spreading Infection","Zap","Reboot","Replay:Bootleg Shield Generator","infinitespire:Gouge","Conserve Battery","Chaos+1"],"relics":["Cracked Core","Orichalcum","hubris:SlimyHat","Whetstone","DataDisk","ReplayTheSpireMod:SealedPack"],"acts_visited":["Exordium","TheCity"],"potions_floor_usage":[16,18,20,22],"damage_taken":[{"damage":0,"enemies":"Cultist","floor":1,"turns":3},{"damage":1,"enemies":"Jaw Worm","floor":2,"turns":2},{"damage":0,"enemies":"Small Slimes","floor":3,"turns":2},{"damage":16,"enemies":"3 Louse","floor":5,"turns":3},{"damage":25,"enemies":"3 Sentries","floor":7,"turns":8},{"damage":8,"enemies":"Lagavulin","floor":10,"turns":5},{"damage":24,"enemies":"Slime Boss","floor":16,"turns":6},{"damage":25,"enemies":"2 Thieves","floor":18,"turns":5},{"damage":27,"enemies":"3 Byrds","floor":19,"turns":5},{"damage":11,"enemies":"Snake Plant","floor":20,"turns":3},{"damage":2,"enemies":"Snecko","floor":21,"turns":5},{"damage":15,"enemies":"Chosen and Byrds","floor":22,"turns":5},{"damage":11,"enemies":"Snake Plant","floor":24,"turns":2}],"seed_played":"791178753072797267","potions_obtained":[{"floor":5,"key":"Reflective Coating"},{"floor":7,"key":"conspire:TimeTravelPotion"},{"floor":10,"key":"Fruit Juice"},{"floor":20,"key":"Venom Potion"},{"floor":21,"key":"PotionOfCapacity"}],"is_trial":false,"path_per_floor":["M","M","M","?","M","R","E","R","T","E","R","$","?","$","R_BF","B",null,"M","M","M","M","M","R","M"],"character_chosen":"DEFECT","items_purchased":["FIFO Queue+1"],"campfire_rested":0,"item_purchase_floors":[12],"current_hp_per_floor":[75,74,74,74,58,58,33,33,33,25,25,25,10,10,32,13,80,66,39,28,26,11,11,0,0],"gold":158,"neow_bonus":"RANDOM_COMMON_RELIC","is_daily":false,"chose_seed":false,"campfire_upgraded":4,"win_rate":0.0,"timestamp":1612401252,"path_taken":["M","?","M","?","M","R","E","R","T","E","R","?","?","$","R_BF","BOSS","M","M","M","M","M","R","M"],"items_purchased_type":["Card"],"build_version":"2020-12-22","purchased_purges":2,"victory":false,"max_hp_per_floor":[75,75,75,75,75,75,75,75,75,75,75,75,75,75,75,80,80,80,80,80,80,80,80,80,80],"card_choices":[{"not_picked":["Auto Shields","Turbo"],"picked":"Ball Lightning","floor":1},{"not_picked":["Gash","Melter","Streamline"],"picked":"SKIP","floor":2},{"not_picked":["Panic Button","Self Repair"],"picked":"Go for the Eyes","floor":3},{"not_picked":["Recycle","Rip and Tear"],"picked":"Chaos","floor":5},{"not_picked":["Conserve Battery","Stack"],"picked":"Chaos","floor":7},{"not_picked":["Panic Button","hubris:SpecializedCircuitry"],"picked":"Echo Form","floor":10},{"not_picked":["ReplayTheSpireMod:Omega Cannon","Creative AI"],"picked":"Fission","floor":16},{"not_picked":["hubris:MerchantsHand","Bash"],"picked":"Zap","floor":17},{"not_picked":["Thunder Strike","hubris:SpecializedCircuitry"],"picked":"Reboot","floor":17},{"not_picked":["Survey Options","Specialist"],"picked":"Replay:Bootleg Shield Generator","floor":17},{"not_picked":["ReplayTheSpireMod:??????????????????????","infinitespire:SevenWalls"],"picked":"infinitespire:Gouge","floor":17},{"not_picked":["FTL","Beam Cell","Barrage"],"picked":"SKIP","floor":18},{"not_picked":["hubris:Ukulele","Melter"],"picked":"Conserve Battery","floor":19},{"not_picked":["ReplayTheSpireMod:Calculation Training","BasicCrystalCard","Gash"],"picked":"SKIP","floor":20},{"not_picked":["Hello World","ReplayTheSpireMod:Dual Polarity","Beam Cell"],"picked":"SKIP","floor":21},{"not_picked":["Hologram+1","Panic Button"],"picked":"Chaos+1","floor":22}],"player_experience":453974,"relics_obtained":[{"floor":7,"key":"hubris:SlimyHat"},{"floor":10,"key":"Whetstone"}],"event_choices":[{"damage_healed":0,"gold_gain":0,"cards_transformed":["Strike_B"],"player_choice":"Transformed","damage_taken":0,"max_hp_gain":0,"max_hp_loss":0,"event_name":"Transmorgrifier","floor":4,"gold_loss":0,"cards_obtained":["Force Field"]},{"damage_healed":0,"gold_gain":1,"player_choice":"Relic ","damage_taken":15,"max_hp_gain":0,"max_hp_loss":0,"event_name":"betterThird:BetterScrap","floor":13,"gold_loss":0,"cards_obtained":["conspire:DoublingDagger"]}],"is_beta":false,"boss_relics":[{"not_picked":["conspire:SeveredTorchhead","hubris:VirtuousBlindfold"],"picked":"ReplayTheSpireMod:SealedPack"}],"items_purged_floors":[12,14],"is_endless":false,"potions_floor_spawned":[5,7,10,20,21],"killed_by":"Snake Plant","ascension_level":0}}