{"host":"yqw1zpryoutrnocq","time":1612451322,"event":{"mods":["2.2 Compatiblity","AchievementEnabler","BaseMod","Colored Map","Custom Start","DeckTracker","Minty Spire (QoL Compilation)","StSLib","SuperFastMode"],"gold_per_floor":[111,126,146,165,9,9,42,67,94,121,141,174,191,191,191,291,291,301,301,318,318,318,318,349,349,349,360,32,47,47,47,47,144,144,160,179,189,189,207,234,234,246,246,276,301,348,373,385,397,409],"floor_reached":51,"language":"KOR","playtime":1594,"items_purged":["Strike_R","Strike_R"],"score":1143,"play_id":"f8920ab8-583d-4305-85a0-3042cbac5595","local_time":"20210204090842","is_ascension_mode":true,"campfire_choices":[{"data":"Immolate","floor":6.0,"key":"SMITH"},{"floor":15.0,"key":"REST"},{"data":"Ghostly","floor":23.0,"key":"SMITH"},{"data":"Feed","floor":25.0,"key":"SMITH"},{"data":"Body Slam","floor":32.0,"key":"SMITH"},{"data":"Barricade","floor":41.0,"key":"SMITH"},{"data":"Seeing Red","floor":49.0,"key":"SMITH"}],"circlet_count":0,"master_deck":["Strike_R","Strike_R","Defend_R+1","Defend_R","Defend_R","Defend_R+1","Bash","Clothesline+1","Immolate+1","Wild Strike+1","Dropkick","Inflame","Burning Pact","Feel No Pain","Rage","Feed+1","Body Slam","Pommel Strike+1","Shame","Ghostly+1","Ghostly","Ghostly","Ghostly","Ghostly","Power Through+1","Fire Breathing","Offering","Body Slam+1","Barricade+1","Havoc+1","Madness","Madness","Shrug It Off","Warcry+1","Seeing Red+1","Forethought","Secret Technique","Finesse"],"relics":["Burning Blood","Whetstone","Odd Mushroom","Strawberry","Oddly Smooth Stone","Red Skull","Mark of Pain","Dream Catcher","Red Mask","StoneCalendar","Enchiridion","Black Star","HornCleat","Nunchaku","Ornamental Fan","MawBank","Omamori","Magic Flower"],"acts_visited":["TheCity","TheBeyond"],"potions_floor_usage":[50,50,50,50,50,50],"damage_taken":[{"damage":6.0,"enemies":"Cultist","floor":1.0,"turns":4.0},{"damage":4.0,"enemies":"2 Louse","floor":2.0,"turns":3.0},{"damage":0.0,"enemies":"Small Slimes","floor":3.0,"turns":2.0},{"damage":5.0,"enemies":"2 Fungi Beasts","floor":4.0,"turns":2.0},{"damage":40.0,"enemies":"Lagavulin","floor":7.0,"turns":4.0},{"damage":7.0,"enemies":"The Mushroom Lair","floor":8.0,"turns":2.0},{"damage":12.0,"enemies":"Gremlin Nob","floor":10.0,"turns":3.0},{"damage":10.0,"enemies":"3 Louse","floor":11.0,"turns":2.0},{"damage":18.0,"enemies":"Lagavulin","floor":12.0,"turns":5.0},{"damage":11.0,"enemies":"Looter","floor":13.0,"turns":2.0},{"damage":50.0,"enemies":"The Guardian","floor":16.0,"turns":9.0},{"damage":12.0,"enemies":"Shell Parasite","floor":18.0,"turns":4.0},{"damage":5.0,"enemies":"Spheric Guardian","floor":20.0,"turns":3.0},{"damage":0.0,"enemies":"Masked Bandits","floor":24.0,"turns":2.0},{"damage":0.0,"enemies":"Centurion and Healer","floor":27.0,"turns":7.0},{"damage":6.0,"enemies":"Cultist and Chosen","floor":29.0,"turns":7.0},{"damage":8.0,"enemies":"Champ","floor":33.0,"turns":9.0},{"damage":7.0,"enemies":"Orb Walker","floor":35.0,"turns":5.0},{"damage":1.0,"enemies":"3 Shapes","floor":36.0,"turns":6.0},{"damage":6.0,"enemies":"Maw","floor":37.0,"turns":8.0},{"damage":13.0,"enemies":"Sphere and 2 Shapes","floor":39.0,"turns":5.0},{"damage":7.0,"enemies":"Nemesis","floor":40.0,"turns":9.0},{"damage":1.0,"enemies":"Transient","floor":42.0,"turns":5.0},{"damage":0.0,"enemies":"Reptomancer","floor":44.0,"turns":4.0},{"damage":6.0,"enemies":"3 Darklings","floor":45.0,"turns":6.0},{"damage":6.0,"enemies":"Nemesis","floor":46.0,"turns":5.0},{"damage":7.0,"enemies":"Writhing Mass","floor":47.0,"turns":7.0},{"damage":6,"enemies":"Time Eater","floor":50,"turns":11}],"seed_played":"5085747891221218968","potions_obtained":[{"floor":3.0,"key":"Strength Potion"},{"floor":4.0,"key":"BloodPotion"},{"floor":7.0,"key":"HeartOfIron"},{"floor":10.0,"key":"DistilledChaos"},{"floor":11.0,"key":"EntropicBrew"},{"floor":20.0,"key":"Fire Potion"},{"floor":24.0,"key":"BlessingOfTheForge"},{"floor":33.0,"key":"Regen Potion"},{"floor":39.0,"key":"SpeedPotion"},{"floor":42.0,"key":"GamblersBrew"},{"floor":46.0,"key":"AttackPotion"}],"is_trial":false,"path_per_floor":["M","M","M","M","$","R","E","?","T","E","M","E","M","?","R","B",null,"M","?","M","?","?","R","?","R","T","M","$","M","$","?","R","B",null,"M","M","M","?","M","E","R","M","T","E","M","E","M","?","R","B",null],"character_chosen":"IRONCLAD","items_purchased":["Inflame","Fire Breathing","Offering"],"campfire_rested":1,"item_purchase_floors":[5,28,28],"current_hp_per_floor":[80,80,80,80,80,80,46,45,52,46,42,30,25,8,34,7,67,64,64,65,65,45,45,45,45,45,45,45,45,45,29,29,27,41,40,45,45,39,32,45,45,45,45,45,45,45,45,35,35,38],"gold":421,"neow_bonus":"REMOVE_CARD","is_daily":false,"chose_seed":false,"campfire_upgraded":6,"win_rate":0.0,"timestamp":1612451322,"path_taken":["M","M","M","?","?","R","E","?","T","E","M","E","M","?","R","BOSS","M","?","M","?","?","R","?","R","T","M","$","M","$","?","R","BOSS","M","M","M","?","M","E","R","M","T","E","M","E","M","?","R","BOSS"],"items_purchased_type":["Card","Card","Card"],"build_version":"2020-12-22","purchased_purges":2,"victory":true,"max_hp_per_floor":[80,80,80,80,80,80,80,80,87,87,87,87,87,87,87,87,87,90,90,90,90,45,45,45,45,45,45,45,45,45,45,45,45,45,45,45,45,45,45,45,45,45,45,45,45,45,45,45,45,45],"card_choices":[{"not_picked":["Hemokinesis","Thunderclap"],"picked":"Clothesline","floor":1.0},{"not_picked":["True Grit","Clash"],"picked":"Immolate","floor":2.0},{"not_picked":["Havoc","Sword Boomerang"],"picked":"Wild Strike","floor":3.0},{"not_picked":["Sentinel","Rupture"],"picked":"Dropkick","floor":4.0},{"not_picked":["Armaments","Power Through"],"picked":"Burning Pact","floor":7.0},{"not_picked":["Dark Embrace","Carnage"],"picked":"Feel No Pain","floor":10.0},{"not_picked":["Rupture","Pommel Strike","Infernal Blade"],"picked":"SKIP","floor":11.0},{"not_picked":["Twin Strike","Immolate","Perfected Strike"],"picked":"SKIP","floor":12.0},{"not_picked":["Pommel Strike","Iron Wave"],"picked":"Rage","floor":13.0},{"not_picked":["Offering","Immolate"],"picked":"Feed","floor":16.0},{"not_picked":["Wild Strike","Clothesline","Rupture"],"picked":"SKIP","floor":18.0},{"not_picked":["Hemokinesis","Clash"],"picked":"Pommel Strike+1","floor":20.0},{"not_picked":["Perfected Strike","Battle Trance"],"picked":"Power Through+1","floor":24.0},{"not_picked":["Sword Boomerang","Clothesline","Metallicize"],"picked":"SKIP","floor":27.0},{"not_picked":["Reckless Charge+1","Armaments"],"picked":"Body Slam","floor":29.0},{"not_picked":["Fiend Fire","Brutality"],"picked":"Barricade","floor":33.0},{"not_picked":["Seeing Red","Warcry"],"picked":"Havoc+1","floor":35.0},{"not_picked":["Bloodletting+1","Anger","Clash"],"picked":"SKIP","floor":36.0},{"not_picked":["Twin Strike+1","Hemokinesis+1","Searing Blow+1"],"picked":"SKIP","floor":37.0},{"not_picked":["Bloodletting+1","Thunderclap+1"],"picked":"Shrug It Off","floor":39.0},{"not_picked":["Fiend Fire","Clash+1"],"picked":"Warcry+1","floor":40.0},{"not_picked":["Shockwave+1","Heavy Blade","Dual Wield"],"picked":"SKIP","floor":42.0},{"not_picked":["Iron Wave+1","Sword Boomerang+1","Flex"],"picked":"SKIP","floor":44.0},{"not_picked":["Flex+1","Twin Strike","Iron Wave"],"picked":"SKIP","floor":45.0},{"not_picked":["Flex+1","Perfected Strike","Sword Boomerang"],"picked":"SKIP","floor":46.0},{"not_picked":["Rampage+1","Warcry"],"picked":"Seeing Red","floor":47.0},{"not_picked":["The Bomb","Magnetism"],"picked":"Forethought","floor":48.0},{"not_picked":["Madness","Impatience"],"picked":"Secret Technique","floor":48.0},{"not_picked":["Swift Strike","Discovery"],"picked":"Finesse","floor":48.0}],"player_experience":278056,"relics_obtained":[{"floor":7.0,"key":"Whetstone"},{"floor":8.0,"key":"Odd Mushroom"},{"floor":9.0,"key":"Strawberry"},{"floor":10.0,"key":"Oddly Smooth Stone"},{"floor":12.0,"key":"Red Skull"},{"floor":24.0,"key":"Red Mask"},{"floor":26.0,"key":"StoneCalendar"},{"floor":31.0,"key":"Enchiridion"},{"floor":40.0,"key":"HornCleat"},{"floor":40.0,"key":"Nunchaku"},{"floor":44.0,"key":"Ornamental Fan"},{"floor":44.0,"key":"MawBank"},{"floor":46.0,"key":"Omamori"},{"floor":46.0,"key":"Magic Flower"}],"event_choices":[{"damage_healed":0.0,"max_hp_gain":0.0,"max_hp_loss":0.0,"gold_gain":0.0,"event_name":"Mushrooms","player_choice":"Fought Mushrooms","floor":8.0,"gold_loss":0.0,"damage_taken":0.0},{"damage_healed":0.0,"max_hp_gain":0.0,"max_hp_loss":0.0,"gold_gain":0.0,"event_name":"Shining Light","player_choice":"Entered Light","floor":14.0,"gold_loss":0.0,"damage_taken":17.0,"cards_upgraded":["Defend_R","Defend_R"]},{"damage_healed":0.0,"max_hp_gain":0.0,"max_hp_loss":0.0,"gold_gain":0.0,"event_name":"The Library","player_choice":"Read","floor":19.0,"gold_loss":0.0,"damage_taken":0.0,"cards_obtained":["Body Slam"]},{"damage_healed":0.0,"max_hp_gain":0.0,"max_hp_loss":0.0,"gold_gain":0.0,"event_name":"Addict","player_choice":"Stole Relic","floor":21.0,"gold_loss":0.0,"damage_taken":0.0,"relics_obtained":["Dream Catcher"],"cards_obtained":["Shame"]},{"damage_healed":0.0,"max_hp_gain":0.0,"max_hp_loss":45.0,"gold_gain":0.0,"event_name":"Ghosts","player_choice":"Became a Ghost","floor":22.0,"gold_loss":0.0,"damage_taken":0.0,"cards_obtained":["Ghostly","Ghostly","Ghostly","Ghostly","Ghostly"]},{"damage_healed":0.0,"max_hp_gain":0.0,"max_hp_loss":0.0,"gold_gain":0.0,"event_name":"Masked Bandits","player_choice":"Fought Bandits","floor":24.0,"gold_loss":0.0,"damage_taken":0.0},{"damage_healed":0.0,"max_hp_gain":0.0,"max_hp_loss":0.0,"gold_gain":0.0,"event_name":"Cursed Tome","player_choice":"Obtained Book","floor":31.0,"gold_loss":0.0,"damage_taken":16.0},{"damage_healed":0.0,"max_hp_gain":0.0,"max_hp_loss":0.0,"gold_gain":0.0,"event_name":"Winding Halls","player_choice":"Embrace Madness","floor":38.0,"gold_loss":0.0,"damage_taken":6.0,"cards_obtained":["Madness","Madness"]},{"damage_healed":0.0,"max_hp_gain":0.0,"max_hp_loss":0.0,"gold_gain":0.0,"event_name":"SensoryStone","player_choice":"Memory 3","floor":48.0,"gold_loss":0.0,"damage_taken":10.0}],"is_beta":false,"boss_relics":[{"not_picked":["SacredBark","Snecko Eye"],"picked":"Mark of Pain"},{"not_picked":["Runic Dome","Tiny House"],"picked":"Black Star"}],"items_purged_floors":[5,28],"is_endless":false,"potions_floor_spawned":[3,4,7,10,11,20,24,27,33,35,39,42,44,46],"ascension_level":5}}