{"host":"nolo0osttpwefhwj","time":1612450302,"event":{"mods":["AchievementEnabler","BaseMod","Bestiary","Colored Powertips","Minty Spire (QoL Compilation)","Permanent Neow","Quick Restart","Relic Stats"],"gold_per_floor":[112,124,136,136,35,70,70,103,181,331,331,344,375,391,391,487,487,506,431,431,431,13,48,48,84,84,84,29,29,68,68,68,163,163,188,208,98,114,133,166,166,204,204,217,257,257,278,278,278,278,278,278,1,44,44],"floor_reached":56,"language":"ENG","playtime":2370,"items_purged":["Defend_R","Writhe"],"score":2186,"play_id":"4dd442b2-461b-4d73-be5a-5fc382bec606","local_time":"20210204155142","is_ascension_mode":true,"campfire_choices":[{"data":"Perfected Strike","floor":7.0,"key":"SMITH"},{"data":"Armaments","floor":15.0,"key":"SMITH"},{"data":"1","floor":24.0,"key":"LIFT"},{"data":"2","floor":27.0,"key":"LIFT"},{"data":"3","floor":32.0,"key":"LIFT"},{"data":"Armaments","floor":41.0,"key":"SMITH"},{"floor":46.0,"key":"RECALL"},{"data":"Demon Form","floor":49.0,"key":"SMITH"},{"data":"Inflame","floor":52.0,"key":"SMITH"}],"circlet_count":0,"master_deck":["AscendersBane","Strike_R+1","Strike_R","Strike_R","Strike_R","Strike_R","Defend_R","Defend_R","Bash","Perfected Strike+1","Twin Strike","Inflame+1","Twin Strike","Armaments+1","Clothesline","Demon Form+1","Evolve","Heavy Blade","Perfected Strike+1","Fiend Fire","Twin Strike","Armaments+1","Perfected Strike","Perfected Strike","Armaments+1","Ghostly Armor+1"],"relics":["Burning Blood","Thread and Needle","Torii","Bag of Preparation","Potion Belt","Singing Bowl","Golden Idol","Art of War","Coffee Dripper","Omamori","Girya","Pen Nib","Pantograph","Ornamental Fan","StoneCalendar","Snecko Eye","Blue Candle","Oddly Smooth Stone","Toxic Egg 2","Lee\u0027s Waffle","FossilizedHelix"],"acts_visited":["TheCity","TheBeyond","TheEnding"],"potions_floor_usage":[55,55,55],"damage_taken":[{"damage":2.0,"enemies":"Jaw Worm","floor":1.0,"turns":5.0},{"damage":0.0,"enemies":"2 Louse","floor":2.0,"turns":2.0},{"damage":7.0,"enemies":"Small Slimes","floor":3.0,"turns":5.0},{"damage":6.0,"enemies":"Lagavulin","floor":6.0,"turns":5.0},{"damage":13.0,"enemies":"Gremlin Nob","floor":8.0,"turns":4.0},{"damage":1.0,"enemies":"Blue Slaver","floor":12.0,"turns":3.0},{"damage":13.0,"enemies":"3 Sentries","floor":13.0,"turns":6.0},{"damage":1.0,"enemies":"Looter","floor":14.0,"turns":2.0},{"damage":37.0,"enemies":"The Guardian","floor":16.0,"turns":10.0},{"damage":1.0,"enemies":"Chosen","floor":18.0,"turns":4.0},{"damage":17.0,"enemies":"Slavers","floor":23.0,"turns":4.0},{"damage":11.0,"enemies":"Book of Stabbing","floor":25.0,"turns":3.0},{"damage":1.0,"enemies":"Gremlin Leader","floor":30.0,"turns":7.0},{"damage":67.0,"enemies":"Automaton","floor":33.0,"turns":7.0},{"damage":1.0,"enemies":"3 Darklings","floor":35.0,"turns":2.0},{"damage":0.0,"enemies":"Orb Walker","floor":36.0,"turns":1.0},{"damage":4.0,"enemies":"Sphere and 2 Shapes","floor":38.0,"turns":3.0},{"damage":1.0,"enemies":"Jaw Worm Horde","floor":39.0,"turns":2.0},{"damage":0.0,"enemies":"Reptomancer","floor":40.0,"turns":3.0},{"damage":2.0,"enemies":"Nemesis","floor":42.0,"turns":3.0},{"damage":24.0,"enemies":"4 Shapes","floor":44.0,"turns":3.0},{"damage":1.0,"enemies":"Giant Head","floor":45.0,"turns":3.0},{"damage":1.0,"enemies":"Sphere and 2 Shapes","floor":47.0,"turns":2.0},{"damage":85.0,"enemies":"Donu and Deca","floor":50.0,"turns":6.0},{"damage":50.0,"enemies":"Shield and Spear","floor":54.0,"turns":6.0},{"damage":68,"enemies":"The Heart","floor":55,"turns":7}],"seed_played":"3311145808134318963","potions_obtained":[{"floor":1.0,"key":"DistilledChaos"},{"floor":6.0,"key":"GamblersBrew"},{"floor":13.0,"key":"Explosive Potion"},{"floor":16.0,"key":"EntropicBrew"},{"floor":25.0,"key":"Fire Potion"},{"floor":30.0,"key":"DuplicationPotion"},{"floor":35.0,"key":"SpeedPotion"},{"floor":36.0,"key":"SteroidPotion"},{"floor":39.0,"key":"SteroidPotion"},{"floor":42.0,"key":"BlessingOfTheForge"},{"floor":44.0,"key":"Regen Potion"},{"floor":47.0,"key":"Fruit Juice"}],"is_trial":false,"path_per_floor":["M","M","M","?","$","E","R","E","T","?","?","M","E","M","R","B",null,"M","?","?","?","$","E","R","E","T","R","$","$","E","?","R","B",null,"M","M","?","M","M","E","R","E","T","M","E","R","M","?","R","B",null,"R","$","E","B",null],"character_chosen":"IRONCLAD","items_purchased":["Twin Strike","Girya","PowerPotion","Strength Potion","Lee\u0027s Waffle","Armaments+1"],"campfire_rested":0,"item_purchase_floors":[5,22,28,53,53,53],"current_hp_per_floor":[68,68,67,62,62,62,62,55,55,55,32,39,34,39,39,8,56,63,63,63,63,63,54,54,49,49,49,49,49,54,54,54,15,61,66,74,74,78,82,82,82,84,84,68,73,73,78,78,78,22,71,71,94,50,13],"gold":44,"neow_bonus":"ONE_RARE_RELIC","is_daily":false,"chose_seed":false,"campfire_upgraded":5,"win_rate":0.0,"timestamp":1612450302,"path_taken":["M","M","M","?","$","E","R","E","T","?","?","M","E","M","R","BOSS","M","?","?","?","$","E","R","E","T","R","?","$","E","?","R","BOSS","M","M","?","?","M","E","R","E","T","M","E","R","M","?","R","BOSS","R","$","E","BOSS"],"items_purchased_type":["Card","Relic","Potion","Potion","Relic","Card"],"build_version":"2020-12-22","purchased_purges":2,"victory":true,"max_hp_per_floor":[68,68,68,68,68,68,68,68,68,68,68,70,72,72,72,72,72,74,74,74,74,74,76,76,76,76,76,76,76,76,76,76,76,76,76,78,78,80,82,82,82,84,84,86,86,86,86,82,82,87,87,87,94,94,94],"relic_stats":{"Lee\u0027s Waffle":23,"Torii":110,"Singing Bowl":18,"counters":[26,108],"Golden Idol":167,"Blue Candle":[0],"StoneCalendar":[0],"Pen Nib":[14],"Bag of Preparation":[44],"Burning Blood":133,"Ornamental Fan":[120],"Pantograph":51,"Snecko Eye":[93,66,68,64],"Art of War":[2],"obtain_stats":[{"Potion Belt":8,"Girya":22,"Lee\u0027s Waffle":53,"Torii":4,"Singing Bowl":9,"Golden Idol":11,"Blue Candle":40,"Oddly Smooth Stone":42,"Thread and Needle":0,"StoneCalendar":30,"Pen Nib":23,"Bag of Preparation":6,"Omamori":20,"Burning Blood":0,"Ornamental Fan":26,"Pantograph":25,"Snecko Eye":34,"Art of War":13,"Coffee Dripper":17,"Toxic Egg 2":45,"FossilizedHelix":54},{"Potion Belt":5,"Girya":10,"Lee\u0027s Waffle":24,"Torii":3,"Singing Bowl":5,"Golden Idol":5,"Blue Candle":19,"Oddly Smooth Stone":20,"Thread and Needle":0,"StoneCalendar":13,"Pen Nib":11,"Bag of Preparation":4,"Omamori":10,"Burning Blood":0,"Ornamental Fan":12,"Pantograph":12,"Snecko Eye":14,"Art of War":7,"Coffee Dripper":9,"Toxic Egg 2":22,"FossilizedHelix":25},{"Potion Belt":21,"Girya":46,"Lee\u0027s Waffle":95,"Torii":12,"Singing Bowl":21,"Golden Idol":21,"Blue Candle":78,"Oddly Smooth Stone":81,"Thread and Needle":0,"StoneCalendar":60,"Pen Nib":50,"Bag of Preparation":17,"Omamori":46,"Burning Blood":0,"Ornamental Fan":53,"Pantograph":53,"Snecko Eye":67,"Art of War":30,"Coffee Dripper":42,"Toxic Egg 2":87,"FossilizedHelix":101}]},"card_choices":[{"not_picked":["Ghostly Armor","True Grit"],"picked":"Perfected Strike","floor":1.0},{"not_picked":["Iron Wave","Headbutt"],"picked":"Twin Strike","floor":2.0},{"not_picked":["Evolve","Bloodletting"],"picked":"Inflame","floor":3.0},{"not_picked":["True Grit","Sentinel","Rampage"],"picked":"SKIP","floor":6.0},{"not_picked":["Clothesline","Thunderclap"],"picked":"Armaments","floor":8.0},{"not_picked":["Headbutt","Searing Blow","Flex"],"picked":"Singing Bowl","floor":12.0},{"not_picked":["Dark Embrace","Corruption","True Grit"],"picked":"Singing Bowl","floor":13.0},{"not_picked":["Dual Wield","Headbutt"],"picked":"Clothesline","floor":14.0},{"not_picked":["Corruption","Offering"],"picked":"Demon Form","floor":16.0},{"not_picked":["Twin Strike","Dark Embrace","Clothesline"],"picked":"Singing Bowl","floor":18.0},{"not_picked":["Carnage","Headbutt","Ghostly Armor"],"picked":"Singing Bowl","floor":23.0},{"not_picked":["Heavy Blade","Cleave"],"picked":"Evolve","floor":25.0},{"not_picked":["Thunderclap","True Grit+1"],"picked":"Heavy Blade","floor":30.0},{"not_picked":["Bludgeon","Demon Form"],"picked":"Fiend Fire","floor":33.0},{"not_picked":["Clothesline","Clash"],"picked":"Twin Strike","floor":35.0},{"not_picked":["Second Wind","Hemokinesis","Wild Strike"],"picked":"Singing Bowl","floor":36.0},{"not_picked":["Bloodletting","Anger","True Grit+1"],"picked":"Singing Bowl","floor":38.0},{"not_picked":["Cleave+1","Dark Embrace+1","Anger"],"picked":"Singing Bowl","floor":39.0},{"not_picked":["Headbutt+1","Feed"],"picked":"Armaments","floor":40.0},{"not_picked":["Dropkick","Reckless Charge+1","Blood for Blood"],"picked":"Singing Bowl","floor":42.0},{"not_picked":["Havoc","Thunderclap","Clothesline"],"picked":"Singing Bowl","floor":44.0},{"not_picked":["True Grit+1","Sever Soul+1"],"picked":"Perfected Strike","floor":45.0},{"not_picked":["Warcry+1","Uppercut"],"picked":"Perfected Strike","floor":47.0},{"not_picked":["Iron Wave","Wild Strike"],"picked":"Ghostly Armor+1","floor":54.0}],"player_experience":303233,"relics_obtained":[{"floor":6.0,"key":"Bag of Preparation"},{"floor":8.0,"key":"Potion Belt"},{"floor":9.0,"key":"Singing Bowl"},{"floor":13.0,"key":"Art of War"},{"floor":23.0,"key":"Pen Nib"},{"floor":25.0,"key":"Pantograph"},{"floor":26.0,"key":"Ornamental Fan"},{"floor":30.0,"key":"StoneCalendar"},{"floor":40.0,"key":"Blue Candle"},{"floor":42.0,"key":"Oddly Smooth Stone"},{"floor":45.0,"key":"Toxic Egg 2"},{"floor":54.0,"key":"FossilizedHelix"}],"event_choices":[{"damage_healed":0.0,"max_hp_gain":0.0,"max_hp_loss":0.0,"gold_gain":0.0,"event_name":"Scrap Ooze","player_choice":"Success","floor":4.0,"gold_loss":0.0,"damage_taken":5.0,"relics_obtained":["Torii"]},{"damage_healed":0.0,"max_hp_gain":0.0,"max_hp_loss":0.0,"gold_gain":150.0,"event_name":"Liars Game","player_choice":"AGREE","floor":10.0,"gold_loss":0.0,"damage_taken":0.0,"cards_obtained":["Doubt"]},{"damage_healed":0.0,"max_hp_gain":0.0,"max_hp_loss":0.0,"gold_gain":0.0,"event_name":"Golden Idol","player_choice":"Take Damage","floor":11.0,"gold_loss":0.0,"damage_taken":23.0,"relics_obtained":["Golden Idol"]},{"cards_removed":["Doubt"],"damage_healed":0.0,"max_hp_gain":0.0,"max_hp_loss":0.0,"gold_gain":0.0,"event_name":"Beggar","player_choice":"Gave Gold","floor":19.0,"gold_loss":75.0,"damage_taken":0.0},{"damage_healed":0.0,"max_hp_gain":0.0,"max_hp_loss":0.0,"gold_gain":0.0,"event_name":"The Mausoleum","player_choice":"Opened","floor":20.0,"gold_loss":0.0,"damage_taken":0.0,"relics_obtained":["Omamori"],"cards_obtained":["Writhe"]},{"damage_healed":0.0,"max_hp_gain":0.0,"max_hp_loss":0.0,"gold_gain":0.0,"event_name":"Ghosts","player_choice":"Ignored","floor":21.0,"gold_loss":0.0,"damage_taken":0.0},{"damage_healed":0.0,"max_hp_gain":0.0,"max_hp_loss":0.0,"gold_gain":0.0,"event_name":"Duplicator","player_choice":"Copied","floor":31.0,"gold_loss":0.0,"damage_taken":0.0,"cards_obtained":["Perfected Strike"]},{"cards_removed":["Defend_R"],"damage_healed":0.0,"max_hp_gain":0.0,"max_hp_loss":0.0,"gold_gain":0.0,"event_name":"Designer","player_choice":"Upgrade and Remove","floor":37.0,"gold_loss":110.0,"damage_taken":0.0,"cards_upgraded":["Strike_R"]},{"damage_healed":0.0,"max_hp_gain":0.0,"max_hp_loss":4.0,"gold_gain":0.0,"event_name":"Winding Halls","player_choice":"Max HP","floor":48.0,"gold_loss":0.0,"damage_taken":0.0}],"is_beta":false,"boss_relics":[{"not_picked":["Pandora\u0027s Box","Cursed Key"],"picked":"Coffee Dripper"},{"not_picked":["Fusion Hammer","SacredBark"],"picked":"Snecko Eye"}],"items_purged_floors":[5,22],"is_endless":false,"potions_floor_spawned":[1,6,13,16,25,30,35,36,39,42,44,47],"ascension_level":16}}