{"host":"kdt6w7ix8lwe69i9","time":1612409551,"event":{"mods":["100% Spire Juice","BaseMod","ChefMod","Evolution","Minty Spire (QoL Compilation)","Poor People Problems","Reimu（博丽灵梦）","Robot Space Explorer","Shade Mod","StSLib","The Gatherer","TheSurvivalist"],"gold_per_floor":[209,209,224,236,296,327,327,134,159,189,249,267,267,281,281,383,383,400,415,433,433,452,452,489,489,489,489,489,404,7,35,35,140,140,169,169,198,198,225,265,302,302,302,330,382,419,419,455,455,455],"floor_reached":51,"language":"ENG","playtime":5519,"items_purged":[],"score":759,"play_id":"84c1a001-25d4-4720-9a86-fba98c9e424d","local_time":"20210203223231","is_ascension_mode":false,"metric_token":785,"campfire_choices":[{"data":"Gatherer:Transmute","floor":7.0,"key":"SMITH"},{"floor":13.0,"key":"REST"},{"data":"Gatherer:Liquidism","floor":15.0,"key":"SMITH"},{"floor":23.0,"key":"REST"},{"floor":25.0,"key":"REST"},{"floor":27.0,"key":"REST"},{"floor":32.0,"key":"RECALL"},{"floor":42,"key":"REST"},{"floor":49,"key":"REST"}],"circlet_count":0,"master_deck":["Gatherer:AcidicSpray","Gatherer:AcidicSpray","Gatherer:AcidicSpray","Gatherer:Strike_Gatherer+1","Gatherer:Strike_Gatherer","Gatherer:Defend_Gatherer+1","Gatherer:Defend_Gatherer","Gatherer:Defend_Gatherer","Gatherer:Defend_Gatherer+1","Gatherer:Centralize","Gatherer:FlowerWhip+3","Gatherer:FlowerFalling+1","Gatherer:Transmute+1","Gatherer:Uplift","Gatherer:Snatch","Gatherer:Nutrients","Gatherer:BalancedGrowth","Gatherer:ScherryThrow","Gatherer:TacticalStrike","Gatherer:Liquidism+1","Gatherer:PoisonMastery","Gatherer:ScrollOfWall+1","Gatherer:BambuSword","Gatherer:QuickSynthesis","Gatherer:EnergyBasket+1","Gatherer:FlowerShield+1","Gatherer:OddSpoils+1","Gatherer:Frenzy+1","Gatherer:PoisonMastery","Gatherer:Pollute","Gatherer:Snatch+1","Gatherer:QuickSynthesis","Gatherer:DrugPower+1","Apotheosis","Flash of Steel+1","Good Instincts","Gatherer:AromaProtection+1","Gatherer:BambuSword+1","Gatherer:DrugPower+1","Gatherer:RecoveryHerb+1","Gatherer:Liquidism+1","Gatherer:BambuSword+1","Gatherer:GlowingPlant+1","Gatherer:Shadow+1","Gatherer:Light","Parasite","Gatherer:QuickSynthesis","Gatherer:AlchemyTrial","Gatherer:EnergyBasket","Gatherer:ScherryThrow+1"],"relics":["Gatherer:AlchemyBag","EVO:Axolotl","Centennial Puzzle","Strange Spoon","Happy Flower","Strawberry","War Paint","Black Star","Whetstone","CeramicFish","Bronze Scales","Prayer Wheel","Lee\u0027s Waffle","Molten Egg 2","SacredBark","Blue Candle","Pocketwatch","MealTicket","Thread and Needle"],"acts_visited":["Exordium","TheCity","TheBeyond"],"potions_floor_usage":[33,40,48,50,50],"damage_taken":[{"damage":0.0,"enemies":"Cultist","floor":1.0,"turns":4.0},{"damage":3.0,"enemies":"Jaw Worm","floor":3.0,"turns":4.0},{"damage":0.0,"enemies":"2 Louse","floor":4.0,"turns":1.0},{"damage":21.0,"enemies":"Gremlin Nob","floor":6.0,"turns":4.0},{"damage":13.0,"enemies":"Lagavulin","floor":10.0,"turns":3.0},{"damage":21.0,"enemies":"3 Sentries","floor":11.0,"turns":6.0},{"damage":0.0,"enemies":"Exordium Wildlife","floor":12.0,"turns":1.0},{"damage":9.0,"enemies":"Exordium Thugs","floor":14.0,"turns":2.0},{"damage":1.0,"enemies":"Slime Boss","floor":16.0,"turns":9.0},{"damage":10.0,"enemies":"Chosen","floor":18.0,"turns":3.0},{"damage":1.0,"enemies":"3 Byrds","floor":19.0,"turns":5.0},{"damage":32.0,"enemies":"Cultist and Chosen","floor":20.0,"turns":8.0},{"damage":12.0,"enemies":"Centurion and Healer","floor":22.0,"turns":5.0},{"damage":38.0,"enemies":"Book of Stabbing","floor":24.0,"turns":7.0},{"damage":12.0,"enemies":"3 Cultists","floor":31.0,"turns":5.0},{"damage":42,"enemies":"Champ","floor":33,"turns":7},{"damage":1,"enemies":"Orb Walker","floor":35,"turns":2},{"damage":0,"enemies":"3 Shapes","floor":37,"turns":3},{"damage":65,"enemies":"Reptomancer","floor":40,"turns":4},{"damage":0,"enemies":"Transient","floor":41,"turns":5},{"damage":0,"enemies":"Sphere and 2 Shapes","floor":44,"turns":5},{"damage":7,"enemies":"Spire Growth","floor":45,"turns":4},{"damage":7,"enemies":"Writhing Mass","floor":46,"turns":4},{"damage":4,"enemies":"Sphere and 2 Shapes","floor":48,"turns":4},{"damage":57,"enemies":"Awakened One","floor":50,"turns":12}],"seed_played":"-5749718225644788356","potions_obtained":[{"floor":11.0,"key":"SneckoOil"},{"floor":12.0,"key":"Regen Potion"},{"floor":16.0,"key":"Fire Potion"},{"floor":22.0,"key":"DuplicationPotion"},{"floor":24.0,"key":"FearPotion"},{"floor":33,"key":"GamblersBrew"},{"floor":44,"key":"PowerPotion"},{"floor":45,"key":"LiquidMemories"},{"floor":46,"key":"Ancient Potion"},{"floor":48,"key":"Block Potion"}],"is_trial":false,"path_per_floor":["M","?","M","M","?","E","R","$","T","E","?","M","R","M","R","B",null,"M","M","M","?","M","R","E","R","T","R","?","?","$","M","R","B",null,"M","?","M","?","?","E","M","R","T","M","M","M","T","M","R","B",null],"character_chosen":"THE_GATHERER","items_purchased":["Strange Spoon","Gatherer:Nutrients","Lee\u0027s Waffle","Molten Egg 2"],"campfire_rested":6,"item_purchase_floors":[8,8,30,30],"current_hp_per_floor":[72,72,69,69,69,48,48,48,48,42,21,21,44,40,40,39,79,69,68,36,36,24,47,9,32,32,55,55,55,86,74,74,32,86,85,85,85,85,75,10,10,35,35,35,39,32,32,39,64,19],"gold":455,"neow_bonus":"HUNDRED_GOLD","is_daily":false,"chose_seed":false,"campfire_upgraded":2,"win_rate":0.0,"timestamp":1612409551,"path_taken":["M","?","M","M","?","E","R","$","T","E","?","M","R","?","R","BOSS","M","M","M","?","?","R","E","R","T","R","?","?","?","?","R","BOSS","M","?","?","?","?","E","M","R","T","M","M","M","?","M","R","BOSS"],"items_purchased_type":["Relic","Card","Relic","Relic"],"build_version":"2020-12-22","purchased_purges":0,"victory":true,"max_hp_per_floor":[72,72,72,72,72,72,72,72,72,79,79,79,79,79,79,79,79,79,79,79,79,79,79,79,79,79,79,79,79,86,86,86,86,86,86,86,86,86,86,86,86,86,86,86,86,86,86,86,86,86],"card_choices":[{"not_picked":["Gatherer:Frenzy","Gatherer:Uplift"],"picked":"Gatherer:FlowerFalling","floor":1.0},{"not_picked":["Gatherer:Liquidism","Gatherer:GatherMaterial"],"picked":"Gatherer:Transmute","floor":3.0},{"not_picked":["Gatherer:BigPouch","Gatherer:CollectorsShot"],"picked":"Gatherer:Uplift","floor":4.0},{"not_picked":["Gatherer:RottenStipe","Gatherer:Convert"],"picked":"Gatherer:Snatch","floor":6.0},{"not_picked":["Gatherer:Convert","Gatherer:BigPouch"],"picked":"Gatherer:BalancedGrowth","floor":10.0},{"not_picked":["Gatherer:SealedBomb","Gatherer:FragileHammer"],"picked":"Gatherer:ScherryThrow","floor":11.0},{"not_picked":["Gatherer:MindSearch","Gatherer:AcidicSpray"],"picked":"Gatherer:TacticalStrike","floor":12.0},{"not_picked":["Gatherer:OddSpoils","Gatherer:Misfortune"],"picked":"Gatherer:Liquidism","floor":14.0},{"not_picked":["Gatherer:Bulldoze","Gatherer:FinishingStrike"],"picked":"Gatherer:PoisonMastery","floor":16.0},{"not_picked":["Gatherer:TreeGrowth","Gatherer:CarefulStrike"],"picked":"Gatherer:ScrollOfWall","floor":18.0},{"not_picked":["Gatherer:PotentialSlash","Gatherer:Herbalism"],"picked":"Gatherer:BambuSword","floor":19.0},{"not_picked":["Gatherer:EchoOfNature","Gatherer:SmartManeuver"],"picked":"Gatherer:QuickSynthesis","floor":20.0},{"not_picked":["Gatherer:FragileHammer","Gatherer:TreeGrowth"],"picked":"Gatherer:EnergyBasket+1","floor":22.0},{"not_picked":["Gatherer:BambuSword","Gatherer:WoolGloves"],"picked":"Gatherer:FlowerShield+1","floor":24.0},{"not_picked":["Gatherer:FruitForce+1","Gatherer:Examine"],"picked":"Gatherer:OddSpoils+1","floor":31.0},{"not_picked":["Gatherer:FlowerPower","Gatherer:BigPouch+1"],"picked":"Gatherer:Frenzy+1","floor":31.0},{"not_picked":["Gatherer:HeartToFruit+1","Gatherer:Bulldoze+1"],"picked":"Gatherer:PoisonMastery","floor":33},{"not_picked":["Gatherer:Herbalism+1","Gatherer:PotentialSlash+1"],"picked":"Gatherer:Pollute","floor":35},{"not_picked":["Gatherer:Pollute","Gatherer:Frenzy+1"],"picked":"Gatherer:Snatch+1","floor":35},{"not_picked":["Gatherer:WitheringStrike+1","Gatherer:TreeGrowth"],"picked":"Gatherer:QuickSynthesis","floor":37},{"not_picked":["Gatherer:CarefulStrike+1","Gatherer:SaveValuables+1"],"picked":"Gatherer:DrugPower+1","floor":37},{"not_picked":["Purity","Panacea"],"picked":"Apotheosis","floor":39},{"not_picked":["Dark Shackles","Forethought"],"picked":"Flash of Steel+1","floor":39},{"not_picked":["Deep Breath","Master of Strategy"],"picked":"Good Instincts","floor":39},{"not_picked":["Gatherer:Polymorphism+1","Gatherer:DrugPower+1"],"picked":"Gatherer:AromaProtection+1","floor":40},{"not_picked":["Gatherer:OddSpoils+1","Gatherer:WoolGloves"],"picked":"Gatherer:BambuSword+1","floor":41},{"not_picked":["Gatherer:ScrollOfWall","Gatherer:SaveValuables"],"picked":"Gatherer:DrugPower+1","floor":41},{"not_picked":["Gatherer:SealedBomb+1","Gatherer:DrugPower+1"],"picked":"Gatherer:RecoveryHerb+1","floor":44},{"not_picked":["Gatherer:CollectorsShot+1","Gatherer:FlowerPower+1"],"picked":"Gatherer:Liquidism+1","floor":44},{"not_picked":["Gatherer:OddSpoils+1","Gatherer:SaveValuables"],"picked":"Gatherer:BambuSword+1","floor":45},{"not_picked":["Gatherer:FlowerShield","Gatherer:GatherMaterial+1"],"picked":"Gatherer:GlowingPlant+1","floor":45},{"not_picked":["Gatherer:ScherryThrow+1","Gatherer:BomberForm"],"picked":"Gatherer:QuickSynthesis","floor":46},{"not_picked":["Gatherer:FeelingFine","Gatherer:Duality+1"],"picked":"Gatherer:AlchemyTrial","floor":46},{"not_picked":["Gatherer:Convert","Gatherer:WoolGloves"],"picked":"Gatherer:EnergyBasket","floor":48},{"not_picked":["Gatherer:FragileHammer+1","Gatherer:Snatch+1"],"picked":"Gatherer:ScherryThrow+1","floor":48}],"player_experience":1170304,"relics_obtained":[{"floor":6.0,"key":"Centennial Puzzle"},{"floor":9.0,"key":"Happy Flower"},{"floor":10.0,"key":"Strawberry"},{"floor":11.0,"key":"War Paint"},{"floor":24.0,"key":"Whetstone"},{"floor":24.0,"key":"CeramicFish"},{"floor":26.0,"key":"Bronze Scales"},{"floor":40,"key":"Blue Candle"},{"floor":40,"key":"Pocketwatch"},{"floor":43,"key":"MealTicket"},{"floor":47,"key":"Thread and Needle"}],"event_choices":[{"damage_healed":0.0,"max_hp_gain":0.0,"max_hp_loss":0.0,"gold_gain":0.0,"event_name":"Living Wall","player_choice":"Grow","floor":2.0,"gold_loss":0.0,"damage_taken":0.0,"cards_upgraded":["Gatherer:FlowerWhip"]},{"damage_healed":0.0,"max_hp_gain":0.0,"max_hp_loss":0.0,"gold_gain":60.0,"event_name":"Golden Wing","player_choice":"Gained Gold","floor":5.0,"gold_loss":0.0,"damage_taken":0.0},{"damage_healed":0.0,"max_hp_gain":0.0,"max_hp_loss":0.0,"gold_gain":0.0,"event_name":"Dead Adventurer","player_choice":"Searched \u00272\u0027 times","floor":11.0,"gold_loss":0.0,"damage_taken":0.0},{"cards_removed":["Gatherer:Defend_Gatherer"],"damage_healed":0.0,"max_hp_gain":0.0,"max_hp_loss":0.0,"gold_gain":0.0,"event_name":"Bonfire Elementals","player_choice":"Offered Basic","floor":21.0,"gold_loss":0.0,"damage_taken":0.0},{"damage_healed":0.0,"max_hp_gain":0.0,"max_hp_loss":0.0,"gold_gain":0.0,"event_name":"Vampires","player_choice":"Ignored","floor":28.0,"gold_loss":0.0,"damage_taken":0.0},{"damage_healed":0.0,"max_hp_gain":0.0,"max_hp_loss":0.0,"gold_gain":0.0,"event_name":"Addict","player_choice":"Obtained Relic","floor":29.0,"gold_loss":85.0,"damage_taken":0.0,"relics_obtained":["Prayer Wheel"]},{"damage_healed":0,"gold_gain":0,"player_choice":"Upgraded","damage_taken":0,"max_hp_gain":0,"max_hp_loss":0,"event_name":"Upgrade Shrine","floor":36,"gold_loss":0,"cards_upgraded":["Gatherer:ScrollOfWall"]},{"damage_healed":0,"gold_gain":0,"player_choice":"Ignored","damage_taken":0,"max_hp_gain":0,"max_hp_loss":0,"event_name":"Tomb of Lord Red Mask","floor":38,"gold_loss":0},{"damage_healed":0,"gold_gain":0,"player_choice":"Memory 3","damage_taken":10,"max_hp_gain":0,"max_hp_loss":0,"event_name":"SensoryStone","floor":39,"gold_loss":0}],"is_beta":false,"boss_relics":[{"not_picked":["Velvet Choker","Gatherer:ExplorersPath"],"picked":"Black Star"},{"not_picked":["Empty Cage","Busted Crown"],"picked":"SacredBark"}],"items_purged_floors":[],"is_endless":false,"potions_floor_spawned":[11,12,16,22,24,33,44,45,46,48],"ascension_level":0}}