{"host":"Lucas","time":1612460075,"event":{"mods":["BaseMod","Downfall","Minty Spire (QoL Compilation)","READ ME - Guardian Mod","StSLib","The Cursed","The Disciple","The Necromancer","The Servant 0.9.4"],"gold_per_floor":[99,119,71,82,82,116,116,116,116,116,134,163,183,200,219,322,372,372,392,403,416,148,148,171,200,219,57,77,77,88,106,116,212,212,212,222,242,227,277,277,302,110,110,110,136,160,160,4,19,19],"floor_reached":51,"language":"ENG","playtime":3547,"items_purged":[],"score":800,"play_id":"b817a24a-5432-477e-bbaa-b0cfa8ddef69","local_time":"20210204173435","is_ascension_mode":true,"campfire_choices":[{"floor":1,"key":"RECALL"},{"floor":8,"key":"REST"},{"data":"champ:Taunt","floor":18,"key":"SMITH"},{"floor":29,"key":"REST"},{"data":"champ:LastStand","floor":35,"key":"SMITH"},{"floor":40,"key":"DIG"},{"floor":43,"key":"DIG"},{"floor":47,"key":"REST"}],"circlet_count":0,"master_deck":["champ:Strike","champ:Strike","champ:Strike","champ:Strike","champ:Defend","champ:Defend","champ:Defend","champ:Defend","champ:Execute+1","champ:Taunt+1","champ:TornadoPunch","champ:PreciseThrust","champ:RageSigil","champ:Shatter","champ:IronFortress","champ:BerserkerStyle","champ:PreciseThrust","champ:ShieldWall","champ:Parry","champ:ShieldSigil","champ:Duel","champ:ArenaPreparation","champ:TripleStrike","champ:SkillfulDodge","champ:TornadoPunch+1","champ:FocusedDefense+1","champ:PreciseThrust+1","champ:EnGarde+1","champ:CalledShot+1","champ:Haymaker","champ:FanOfKnives","champ:AdrenalArmor","champ:DefensiveStyle+1","champ:FaceSlap","champ:LastStand+1","CurseOfTheBell","champ:Backstep+1","champ:SetATrap+1","champ:GutPunch+1","champ:BringItOn+1","champ:Haymaker+1","champ:FocusedBerserking+1","champ:Parry+1","champ:Parry+1","champ:PerfectedStrike+1"],"relics":["champ:ChampionCrown","Pen Nib","champ:DefensiveTrainingManual","Meat on the Bone","Bag of Preparation","Tiny House","Mummified Hand","Happy Flower","PreservedInsect","Regal Pillow","Calling Bell","Tiny Chest","Eternal Feather","champ:GladiatorsBookOfMartialProwess","Shovel","Ornamental Fan","champ:FightingForDummies","Calipers","Nunchaku","Gambling Chip","Dream Catcher","DollysMirror"],"acts_visited":["Exordium","TheCity","TheBeyond"],"potions_floor_usage":[13,16,16,16,22,26,33,33,33,42,45,50,50,50],"damage_taken":[{"damage":22,"enemies":"Small Slimes","floor":2,"turns":3},{"damage":25,"enemies":"downfall:FleeingMerchant","floor":3,"turns":4},{"damage":22,"enemies":"Jaw Worm","floor":4,"turns":4},{"damage":44,"enemies":"Gremlin Nob","floor":6,"turns":4},{"damage":0,"enemies":"Cultist","floor":9,"turns":1},{"damage":31,"enemies":"Blue Slaver","floor":11,"turns":3},{"damage":53,"enemies":"3 Sentries","floor":12,"turns":5},{"damage":36,"enemies":"Exordium Thugs","floor":13,"turns":5},{"damage":9,"enemies":"2 Fungi Beasts","floor":14,"turns":3},{"damage":23,"enemies":"3 Louse","floor":15,"turns":3},{"damage":46,"enemies":"SI_SHIV_ARCHETYPE","floor":16,"turns":5},{"damage":70,"enemies":"3 Byrds","floor":19,"turns":5},{"damage":44,"enemies":"Spheric Guardian","floor":20,"turns":4},{"damage":36,"enemies":"3 Cultists","floor":21,"turns":6},{"damage":29,"enemies":"downfall:FleeingMerchant","floor":22,"turns":4},{"damage":18,"enemies":"Book of Stabbing","floor":25,"turns":6},{"damage":57,"enemies":"Shelled Parasite and Fungi","floor":26,"turns":6},{"damage":25,"enemies":"downfall:FleeingMerchant","floor":27,"turns":4},{"damage":18,"enemies":"Snake Plant","floor":28,"turns":4},{"damage":42,"enemies":"3 Cultists","floor":30,"turns":5},{"damage":54,"enemies":"Cultist and Chosen","floor":31,"turns":6},{"damage":28,"enemies":"Chosen and Byrds","floor":32,"turns":5},{"damage":38,"enemies":"IC_MUSHROOM_ARCHETYPE","floor":33,"turns":7},{"damage":2,"enemies":"3 Shapes","floor":36,"turns":4},{"damage":10,"enemies":"Orb Walker","floor":37,"turns":4},{"damage":15,"enemies":"downfall:FleeingMerchant","floor":38,"turns":4},{"damage":61,"enemies":"downfall:FleeingMerchant","floor":39,"turns":10},{"damage":10,"enemies":"downfall:FleeingMerchant","floor":42,"turns":1},{"damage":110,"enemies":"Giant Head","floor":45,"turns":8},{"damage":67,"enemies":"Maw","floor":49,"turns":7},{"damage":135,"enemies":"WA_ARCHETYPE_DIVINITY","floor":50,"turns":12}],"seed_played":"1297377045550155145","potions_obtained":[{"floor":11,"key":"LiquidMemories"},{"floor":12,"key":"Weak Potion"},{"floor":13,"key":"EssenceOfSteel"},{"floor":14,"key":"AttackPotion"},{"floor":17,"key":"hexamod:SoulburnPotion"},{"floor":21,"key":"Strength Potion"},{"floor":25,"key":"Weak Potion"},{"floor":26,"key":"Ancient Potion"},{"floor":28,"key":"Dexterity Potion"},{"floor":32,"key":"LiquidMemories"},{"floor":44,"key":"GamblersBrew"},{"floor":44,"key":"Fire Potion"},{"floor":44,"key":"Regen Potion"},{"floor":45,"key":"AttackPotion"}],"is_trial":false,"path_per_floor":["R","M","$","M","?","E","T","R","M","?","M","E","M","M","M","B",null,"R","M","M","M","$","?","T","E","M","$","M","R","M","M","M","B",null,"R","M","M","$","?","R","T","?","R","?","E","T","R","$","M","B",null],"character_chosen":"THE_CHAMP","items_purchased":["champ:RageSigil","Mummified Hand","Regal Pillow","Fruit Juice","Calipers","Oddly Smooth Stone","DollysMirror"],"campfire_rested":3,"item_purchase_floors":[3,22,27,42,42,42,48],"current_hp_per_floor":[90,78,73,71,71,47,47,74,74,74,65,44,34,37,47,58,95,95,56,39,25,37,95,95,77,39,43,47,90,65,48,42,31,95,95,93,83,83,49,73,73,78,100,100,47,47,100,100,100,41],"gold":19,"neow_bonus":"RANDOM_COMMON_RELIC","is_daily":false,"chose_seed":false,"campfire_upgraded":2,"win_rate":0.0,"timestamp":1612460075,"path_taken":["R","M","$","M","?","E","T","R","M","?","M","E","M","M","M","BOSS","R","M","?","M","$","?","T","E","M","?","M","R","M","M","M","BOSS","R","M","M","$","?","R","T","?","R","?","E","?","R","$","M","BOSS"],"items_purchased_type":["Card","Relic","Relic","Potion","Relic","Relic","Relic"],"build_version":"2020-12-18","purchased_purges":0,"victory":true,"max_hp_per_floor":[90,90,90,90,90,90,90,90,90,90,90,90,90,90,90,90,95,95,95,95,95,95,95,95,95,95,95,95,95,95,95,95,95,95,95,95,95,95,95,95,95,100,100,100,100,100,100,100,100,100],"card_choices":[{"not_picked":["champ:EnGarde","champ:IronFortress"],"picked":"champ:TornadoPunch","floor":2},{"not_picked":["champ:MurderStrike","champ:CalledShot"],"picked":"champ:PreciseThrust","floor":3},{"not_picked":["champ:Circumvent","champ:EnGarde"],"picked":"champ:Shatter","floor":4},{"not_picked":["champ:AdrenalArmor","champ:SwordSigil"],"picked":"champ:IronFortress","floor":6},{"not_picked":["champ:Circumvent","champ:DefensiveShout"],"picked":"champ:BerserkerStyle","floor":9},{"not_picked":["champ:Lariat","champ:Shatter"],"picked":"champ:ShieldWall","floor":11},{"not_picked":["champ:FancyFootwork","champ:EnGarde"],"picked":"champ:Parry","floor":12},{"not_picked":["champ:BladeFlurry","champ:CrownThrow"],"picked":"champ:ShieldSigil","floor":13},{"not_picked":["champ:SkillfulDodge","champ:BringItOn"],"picked":"champ:Duel","floor":14},{"not_picked":["champ:EndlessRage","champ:EnGarde"],"picked":"champ:ArenaPreparation","floor":15},{"not_picked":["champ:GladiatorForm","champ:SteelEdge"],"picked":"champ:TripleStrike","floor":16},{"not_picked":["champ:CrookedStrike","champ:FancyFootwork"],"picked":"champ:SkillfulDodge","floor":17},{"not_picked":["champ:Circumvent","champ:PreciseThrust"],"picked":"champ:TornadoPunch+1","floor":19},{"not_picked":["champ:CrookedStrike","champ:GladiatorStyle"],"picked":"champ:FocusedDefense","floor":20},{"not_picked":["champ:DeathBlow","champ:ShieldSlam"],"picked":"champ:FocusedDefense+1","floor":21},{"not_picked":["champ:EnGarde","champ:GutPunch"],"picked":"champ:PreciseThrust+1","floor":22},{"not_picked":["champ:DancingMaster","champ:RecklessLeap"],"picked":"champ:EnGarde+1","floor":25},{"not_picked":["champ:Circumvent","champ:BladeFlurry"],"picked":"champ:CalledShot+1","floor":26},{"not_picked":["champ:ShieldSigil","champ:StanceDance"],"picked":"champ:Haymaker","floor":27},{"not_picked":["champ:TornadoPunch","champ:FocusedBerserking"],"picked":"champ:FanOfKnives","floor":28},{"not_picked":["champ:FalseCounter","champ:CrownThrow"],"picked":"champ:AdrenalArmor","floor":30},{"not_picked":["champ:BladeFlurry","champ:Shatter+1"],"picked":"champ:DefensiveStyle+1","floor":31},{"not_picked":["champ:RageSigil+1","champ:EnragedBash"],"picked":"champ:FaceSlap","floor":32},{"not_picked":["champ:UltimateStance","champ:StrikeOfGenius"],"picked":"champ:LastStand","floor":33},{"not_picked":["champ:AdrenalArmor+1","champ:Haymaker"],"picked":"champ:Backstep+1","floor":36},{"not_picked":["champ:PreciseThrust+1","champ:Backstep"],"picked":"champ:SetATrap+1","floor":37},{"not_picked":["champ:PreciseThrust","champ:CrownThrow"],"picked":"champ:GutPunch+1","floor":38},{"not_picked":["champ:DancingMaster","champ:FaceSlap+1"],"picked":"champ:BringItOn+1","floor":39},{"not_picked":["champ:Lariat+1","champ:TornadoPunch"],"picked":"champ:Haymaker+1","floor":42},{"not_picked":["champ:SetATrap+1","champ:Lariat+1"],"picked":"champ:FocusedBerserking+1","floor":45},{"not_picked":["champ:BladeFlurry","champ:EndlessRage+1"],"picked":"champ:Parry+1","floor":47},{"not_picked":["champ:PreemptiveStrike","champ:EnGarde+1"],"picked":"champ:PerfectedStrike+1","floor":49}],"player_experience":1264354,"relics_obtained":[{"floor":6,"key":"champ:DefensiveTrainingManual"},{"floor":7,"key":"Meat on the Bone"},{"floor":12,"key":"Bag of Preparation"},{"floor":24,"key":"Happy Flower"},{"floor":25,"key":"PreservedInsect"},{"floor":34,"key":"Tiny Chest"},{"floor":34,"key":"Eternal Feather"},{"floor":34,"key":"champ:GladiatorsBookOfMartialProwess"},{"floor":39,"key":"Shovel"},{"floor":40,"key":"Ornamental Fan"},{"floor":41,"key":"champ:FightingForDummies"},{"floor":43,"key":"Nunchaku"},{"floor":45,"key":"Gambling Chip"},{"floor":46,"key":"Dream Catcher"}],"event_choices":[{"cards_removed":["champ:FocusedDefense"],"damage_healed":58,"gold_gain":0,"player_choice":"Offered Uncommon","damage_taken":0,"max_hp_gain":0,"max_hp_loss":0,"event_name":"Bonfire Elementals","floor":23,"gold_loss":0}],"is_beta":true,"boss_relics":[{"not_picked":["Pandora\u0027s Box","Sozu"],"picked":"Tiny House"},{"not_picked":["SacredBark","bronze:MakeshiftBattery"],"picked":"Calling Bell"}],"items_purged_floors":[],"is_endless":false,"potions_floor_spawned":[11,12,13,14,21,25,26,28,30,31,32,45,49],"ascension_level":2}}