{"host":"qrt7o4dq2qslzw13","time":1612434466,"event":{"mods":["AchievementEnabler","BaseMod","Colored Map","Colored Powertips","Minty Spire (QoL Compilation)","Quick Restart","StSLib","SuperFastMode"],"gold_per_floor":[112,112,123,198,116,147,147,166,166,19,19,29,54,66,66,168,168,184,184,87,87,97,97,112,211,263,279,279,289,71,84,84,84,84],"floor_reached":33,"language":"ENG","playtime":423,"items_purged":[],"score":378,"play_id":"6bba11a6-d0f4-42ff-aafc-63ac0b185a71","local_time":"20210204052746","is_ascension_mode":true,"campfire_choices":[{"data":"Tempest","floor":7.0,"key":"SMITH"},{"data":"Loop","floor":11.0,"key":"SMITH"},{"floor":15.0,"key":"REST"},{"floor":23,"key":"REST"},{"floor":28,"key":"REST"},{"floor":32,"key":"REST"}],"circlet_count":0,"master_deck":["Strike_B","Strike_B","Strike_B","Defend_B","Defend_B","Defend_B","Defend_B","Zap","Dualcast","FTL","Loop+1","Static Discharge","Tempest+1","Auto Shields","Static Discharge","Reinforced Body","Electrodynamics","CurseOfTheBell","Defragment","Defragment","Turbo","Shame","BootSequence+1","Biased Cognition","BootSequence"],"relics":["Cracked Core","NeowsBlessing","Symbiotic Virus","Singing Bowl","Anchor","Peace Pipe","Calling Bell","Happy Flower","Matryoshka","Mango","Enchiridion","Question Card","CeramicFish","Ancient Tea Set","DataDisk"],"acts_visited":["Exordium","TheCity"],"potions_floor_usage":[33,33,33],"damage_taken":[{"damage":0.0,"enemies":"Cultist","floor":1.0,"turns":1.0},{"damage":0.0,"enemies":"2 Louse","floor":3.0,"turns":1.0},{"damage":0.0,"enemies":"3 Sentries","floor":6.0,"turns":1.0},{"damage":12.0,"enemies":"Jaw Worm","floor":8.0,"turns":3.0},{"damage":0.0,"enemies":"2 Fungi Beasts","floor":12.0,"turns":2.0},{"damage":4.0,"enemies":"Lagavulin","floor":13.0,"turns":4.0},{"damage":23.0,"enemies":"Large Slime","floor":14.0,"turns":3.0},{"damage":14.0,"enemies":"The Guardian","floor":16.0,"turns":8.0},{"damage":4.0,"enemies":"3 Byrds","floor":18.0,"turns":2.0},{"damage":29,"enemies":"2 Thieves","floor":22,"turns":4},{"damage":28,"enemies":"3 Cultists","floor":24,"turns":3},{"damage":21,"enemies":"Centurion and Healer","floor":27,"turns":4},{"damage":31,"enemies":"Snecko","floor":29,"turns":4},{"damage":13,"enemies":"Snake Plant","floor":31,"turns":3},{"damage":80,"enemies":"Automaton","floor":33,"turns":6}],"seed_played":"-1654426162224684041","potions_obtained":[{"floor":1.0,"key":"Fruit Juice"},{"floor":3.0,"key":"GamblersBrew"},{"floor":12.0,"key":"LiquidMemories"},{"floor":13.0,"key":"PowerPotion"},{"floor":16.0,"key":"SteroidPotion"},{"floor":18.0,"key":"Strength Potion"}],"is_trial":false,"path_per_floor":["M","?","M","?","$","E","R","M","T","$","R","M","E","M","R","B",null,"M","?","$","?","M","R","M","?","T","M","R","M","$","M","R","B"],"character_chosen":"DEFECT","items_purchased":["Static Discharge","Anchor","Defragment","Turbo","DataDisk","BootSequence"],"campfire_rested":4,"item_purchase_floors":[5,10,20,20,30,30],"current_hp_per_floor":[80,80,80,69,69,69,69,57,57,57,57,59,55,32,56,42,86,82,66,66,66,37,65,37,37,37,18,47,18,18,7,37,0,0],"gold":84,"neow_bonus":"THREE_ENEMY_KILL","is_daily":false,"chose_seed":false,"campfire_upgraded":2,"win_rate":0.0,"timestamp":1612434466,"path_taken":["M","?","?","?","?","E","R","M","T","$","R","M","E","M","R","BOSS","M","?","$","?","M","R","M","?","T","M","R","M","$","M","R","BOSS"],"items_purchased_type":["Card","Relic","Card","Card","Relic","Card"],"build_version":"2020-12-22","purchased_purges":0,"victory":false,"max_hp_per_floor":[80,80,80,80,80,80,80,80,80,80,80,82,82,82,82,82,96,96,96,96,96,96,96,96,96,96,98,98,100,100,102,102,102,102],"card_choices":[{"not_picked":["Fusion","Turbo"],"picked":"FTL","floor":1.0},{"not_picked":["Steam","Conserve Battery"],"picked":"Loop","floor":3.0},{"not_picked":["Stack","Barrage"],"picked":"Tempest","floor":6.0},{"not_picked":["Chaos","Fusion"],"picked":"Auto Shields","floor":8.0},{"not_picked":["Redo","Heatsinks","Recycle"],"picked":"Singing Bowl","floor":12.0},{"not_picked":["Ball Lightning","Hello World"],"picked":"Static Discharge","floor":13.0},{"not_picked":["Fusion","Glacier"],"picked":"Reinforced Body","floor":14.0},{"not_picked":["Seek","Echo Form"],"picked":"Electrodynamics","floor":16.0},{"not_picked":["Barrage+1","Beam Cell"],"picked":"Defragment","floor":18.0},{"not_picked":["Barrage+1","Rip and Tear","Coolheaded"],"picked":"BootSequence+1","floor":22},{"not_picked":["Cold Snap+1","Ball Lightning","Genetic Algorithm"],"picked":"Biased Cognition","floor":24},{"not_picked":["Cold Snap","Ball Lightning","Sweeping Beam","Coolheaded"],"picked":"Singing Bowl","floor":27},{"not_picked":["Ball Lightning","Skim","Steam","Double Energy"],"picked":"Singing Bowl","floor":29},{"not_picked":["Leap","Core Surge","Conserve Battery+1","Glacier"],"picked":"Singing Bowl","floor":31}],"player_experience":625276,"relics_obtained":[{"floor":6.0,"key":"Symbiotic Virus"},{"floor":9.0,"key":"Singing Bowl"},{"floor":13.0,"key":"Peace Pipe"},{"floor":17.0,"key":"Happy Flower"},{"floor":17.0,"key":"Matryoshka"},{"floor":17.0,"key":"Mango"},{"floor":19.0,"key":"Enchiridion"},{"floor":26,"key":"CeramicFish"},{"floor":26,"key":"Ancient Tea Set"}],"event_choices":[{"cards_removed":["Strike_B"],"damage_healed":0.0,"max_hp_gain":0.0,"max_hp_loss":0.0,"gold_gain":0.0,"event_name":"Bonfire Elementals","player_choice":"Offered Basic","floor":2.0,"gold_loss":0.0,"damage_taken":0.0},{"damage_healed":0.0,"max_hp_gain":0.0,"max_hp_loss":0.0,"gold_gain":75.0,"event_name":"World of Goop","player_choice":"Gather Gold","floor":4.0,"gold_loss":0.0,"damage_taken":11.0},{"damage_healed":0.0,"max_hp_gain":0.0,"max_hp_loss":0.0,"gold_gain":0.0,"event_name":"Cursed Tome","player_choice":"Obtained Book","floor":19.0,"gold_loss":0.0,"damage_taken":16.0},{"damage_healed":0.0,"max_hp_gain":0.0,"max_hp_loss":0.0,"gold_gain":0.0,"event_name":"Addict","player_choice":"Stole Relic","floor":21.0,"gold_loss":0.0,"damage_taken":0.0,"relics_obtained":["Question Card"],"cards_obtained":["Shame"]},{"damage_healed":0,"gold_gain":99,"player_choice":"Stole From Cult","damage_taken":0,"max_hp_gain":0,"max_hp_loss":0,"event_name":"Nest","floor":25,"gold_loss":0}],"is_beta":false,"boss_relics":[{"not_picked":["Velvet Choker","Philosopher\u0027s Stone"],"picked":"Calling Bell"}],"items_purged_floors":[],"is_endless":false,"potions_floor_spawned":[1,3,12,13,16,18,27,31],"killed_by":"Automaton","ascension_level":5}}