{"host":"szuedzjmkye50eqq","time":1612467850,"event":{"mods":["BaseMod","Downfall","Googly Eyes","Minty Spire (QoL Compilation)","StSLib"],"gold_per_floor":[114,64,64,79,99,128,140,140,140,174,174,204,55,67,67,170,170,187,187,287,299,317,317,344,344,344,126,138,212,212,223,223,323,323,340,340,340,358,358,358],"floor_reached":39,"language":"ENG","playtime":2805,"items_purged":["Strike_P"],"score":409,"play_id":"60af939c-ee2a-4dba-a4c8-ec8119c5f133","local_time":"20210204204410","is_ascension_mode":false,"campfire_choices":[{"data":"Eruption","floor":8,"key":"SMITH"},{"data":"Vigilance","floor":11,"key":"SMITH"},{"data":"BowlingBash","floor":15,"key":"SMITH"},{"floor":23,"key":"REST"},{"floor":25,"key":"REST"},{"floor":32,"key":"REST"}],"circlet_count":0,"master_deck":["Strike_P","Strike_P","Strike_P","Defend_P","Defend_P","Defend_P","Eruption+1","Vigilance+1","Prostrate","BowlingBash+1","Wallop","Swivel","WheelKick","Halt","Halt","Judgement","CutThroughFate","J.A.X.","Evaluate","Ragnarok","Consecrate+1","Writhe"],"relics":["PureWater","NeowsBlessing","Tiny Chest","Pear","StoneCalendar","Bronze Scales","VioletLotus","Vajra","MealTicket","Damaru","Meat on the Bone","SlaversCollar"],"acts_visited":["Exordium","TheCity","TheBeyond"],"potions_floor_usage":[16,22,24,33,33],"damage_taken":[{"damage":0,"enemies":"2 Louse","floor":1,"turns":1},{"damage":0,"enemies":"Cultist","floor":4,"turns":1},{"damage":0,"enemies":"Small Slimes","floor":5,"turns":1},{"damage":10,"enemies":"3 Sentries","floor":6,"turns":10},{"damage":0,"enemies":"3 Louse","floor":7,"turns":3},{"damage":15,"enemies":"Gremlin Nob","floor":10,"turns":5},{"damage":0,"enemies":"Exordium Wildlife","floor":14,"turns":3},{"damage":37,"enemies":"Slime Boss","floor":16,"turns":7},{"damage":6,"enemies":"2 Thieves","floor":18,"turns":3},{"damage":19,"enemies":"Shell Parasite","floor":21,"turns":7},{"damage":29,"enemies":"Snake Plant","floor":22,"turns":6},{"damage":27,"enemies":"Slavers","floor":24,"turns":7},{"damage":21,"enemies":"3 Cultists","floor":28,"turns":6},{"damage":12,"enemies":"Colosseum Slavers","floor":30,"turns":5},{"damage":20,"enemies":"Shelled Parasite and Fungi","floor":31,"turns":6},{"damage":47,"enemies":"Collector","floor":33,"turns":8},{"damage":20,"enemies":"3 Darklings","floor":35,"turns":4},{"damage":5,"enemies":"3 Shapes","floor":38,"turns":3},{"damage":80,"enemies":"Maw","floor":39,"turns":8}],"seed_played":"2701380220375817785","potions_obtained":[{"floor":4,"key":"Explosive Potion"},{"floor":10,"key":"Regen Potion"},{"floor":14,"key":"CultistPotion"},{"floor":16,"key":"LiquidBronze"},{"floor":18,"key":"BlessingOfTheForge"},{"floor":31,"key":"hexamod:SoulburnPotion"}],"is_trial":false,"path_per_floor":["M","$","?","M","M","E","M","R","T","E","R","?","$","M","R","B",null,"M","?","?","M","M","R","E","R","T","$","M","T","?","M","R","B",null,"M","?","?","M","M"],"character_chosen":"WATCHER","items_purchased":["BowlingBash","Bronze Scales","Damaru"],"campfire_rested":3,"item_purchase_floors":[2,13,27],"current_hp_per_floor":[72,72,72,72,72,62,62,62,72,57,57,57,57,57,57,20,82,76,76,76,57,37,61,34,58,58,73,52,52,52,44,68,33,82,62,82,82,77,0,0],"gold":358,"neow_bonus":"THREE_ENEMY_KILL","is_daily":false,"chose_seed":false,"campfire_upgraded":3,"win_rate":0.0,"timestamp":1612467850,"path_taken":["M","$","?","M","?","E","M","R","T","E","R","?","$","M","R","BOSS","M","?","?","M","M","R","E","R","T","$","M","?","?","M","R","BOSS","M","?","?","M","M"],"items_purchased_type":["Card","Relic","Relic"],"build_version":"2020-12-22","purchased_purges":1,"victory":false,"max_hp_per_floor":[72,72,72,72,72,72,72,72,82,82,82,82,82,82,82,82,82,82,82,82,82,82,82,82,82,82,82,82,82,82,82,82,82,82,82,82,82,82,82,82],"card_choices":[{"not_picked":["ClearTheMind","EmptyFist"],"picked":"Prostrate","floor":1},{"not_picked":["ThirdEye","Conclude"],"picked":"Swivel","floor":4},{"not_picked":["SashWhip","WaveOfTheHand"],"picked":"WheelKick","floor":5},{"not_picked":["WheelKick","Meditate"],"picked":"Halt","floor":6},{"not_picked":["SashWhip","FlurryOfBlows","WindmillStrike"],"picked":"SKIP","floor":7},{"not_picked":["WreathOfFlame","ConjureBlade"],"picked":"Halt","floor":10},{"not_picked":["Protect","BowlingBash","WheelKick"],"picked":"SKIP","floor":14},{"not_picked":["Ragnarok","DeusExMachina"],"picked":"Judgement","floor":16},{"not_picked":["FlurryOfBlows+1","WheelKick"],"picked":"CutThroughFate","floor":18},{"not_picked":["FlyingSleeves","Crescendo","DeceiveReality+1"],"picked":"SKIP","floor":21},{"not_picked":["FollowUp","WreathOfFlame"],"picked":"Evaluate","floor":22},{"not_picked":["EmptyBody","SandsOfTime","ClearTheMind"],"picked":"SKIP","floor":24},{"not_picked":["FollowUp","CrushJoints","ThirdEye+1"],"picked":"SKIP","floor":28},{"not_picked":["Evaluate","JustLucky","PathToVictory"],"picked":"SKIP","floor":31},{"not_picked":["MasterReality","Alpha"],"picked":"Ragnarok","floor":33},{"not_picked":["Tantrum+1","Nirvana+1"],"picked":"Consecrate+1","floor":35},{"not_picked":["FlyingSleeves","Evaluate+1","PathToVictory+1"],"picked":"SKIP","floor":38}],"player_experience":55297,"relics_obtained":[{"floor":6,"key":"Tiny Chest"},{"floor":9,"key":"Pear"},{"floor":10,"key":"StoneCalendar"},{"floor":24,"key":"Vajra"},{"floor":26,"key":"MealTicket"},{"floor":29,"key":"Meat on the Bone"}],"event_choices":[{"damage_healed":0,"gold_gain":0,"player_choice":"1 cards matched","damage_taken":0,"max_hp_gain":0,"max_hp_loss":0,"event_name":"Match and Keep!","floor":3,"gold_loss":0,"cards_obtained":["Wallop"]},{"damage_healed":0,"gold_gain":0,"player_choice":"1 cards matched","damage_taken":0,"max_hp_gain":0,"max_hp_loss":0,"event_name":"Match and Keep!","floor":3,"gold_loss":0,"cards_obtained":["Wallop"]},{"damage_healed":0,"gold_gain":30,"player_choice":"Searched \u00271\u0027 times","damage_taken":0,"max_hp_gain":0,"max_hp_loss":0,"event_name":"Dead Adventurer","floor":12,"gold_loss":0},{"damage_healed":0,"gold_gain":0,"player_choice":"Obtain J.A.X.","damage_taken":0,"max_hp_gain":0,"max_hp_loss":0,"event_name":"Drug Dealer","floor":19,"gold_loss":0,"cards_obtained":["J.A.X."]},{"damage_healed":0,"gold_gain":100,"player_choice":"Pray","damage_taken":0,"max_hp_gain":0,"max_hp_loss":0,"event_name":"Golden Shrine","floor":20,"gold_loss":0},{"damage_healed":0,"gold_gain":0,"player_choice":"Fight","damage_taken":0,"max_hp_gain":0,"max_hp_loss":0,"event_name":"Colosseum","floor":30,"gold_loss":0},{"damage_healed":0,"gold_gain":0,"player_choice":"Fled From Nobs","damage_taken":0,"max_hp_gain":0,"max_hp_loss":0,"event_name":"Colosseum","floor":30,"gold_loss":0},{"damage_healed":21,"gold_gain":0,"player_choice":"Writhe","damage_taken":0,"max_hp_gain":0,"max_hp_loss":0,"event_name":"Winding Halls","floor":36,"gold_loss":0,"cards_obtained":["Writhe"]},{"cards_removed":["Defend_P"],"damage_healed":0,"gold_gain":0,"player_choice":"Removed Skill","damage_taken":0,"max_hp_gain":0,"max_hp_loss":0,"event_name":"Falling","floor":37,"gold_loss":0}],"is_beta":false,"boss_relics":[{"not_picked":["Philosopher\u0027s Stone","Velvet Choker"],"picked":"VioletLotus"},{"not_picked":["Empty Cage","Coffee Dripper"],"picked":"SlaversCollar"}],"items_purged_floors":[27],"is_endless":false,"potions_floor_spawned":[4,10,14,16,18,21,31],"killed_by":"Maw","ascension_level":0}}