{"host":"f76wcztdlwlduum6","time":1612422883,"event":{"mods":["BaseMod","BetterRewards","Colored Powertips","Minty Spire (QoL Compilation)","Quick Restart","Rare Cards Sparkle","Relic Stats","StSLib","SuperFastMode","everything is the same but u backflip on backflip"],"gold_per_floor":[114,114,114,132,152,152,186,186,186,211,211,242,42,72,72,177,177,193,292,309,409,421,449,449,469,469,488,514,514,545,561,561,664,664,684,703,714,729,745,775,775,794,1094,1114,1114,1146,1162,327,327,327,327,327,35,64,64,64],"floor_reached":55,"language":"ENG","playtime":2361,"items_purged":["Strike_P","Strike_P","Defend_P","Eruption","Defend_P","Study+1","Normality"],"score":1865,"play_id":"828e7737-0dd1-43fa-9c22-0d41264c26c9","local_time":"20210204011443","is_ascension_mode":true,"campfire_choices":[{"data":"Finesse","floor":6,"key":"SMITH"},{"data":"Escape Plan","floor":8,"key":"SMITH"},{"data":"Conserve Battery","floor":11,"key":"SMITH"},{"data":"Exhume","floor":15,"key":"SMITH"},{"floor":24,"key":"RECALL"},{"floor":29,"key":"REST"},{"floor":32,"key":"REST"},{"floor":41,"key":"REST"},{"floor":45,"key":"REST"},{"floor":49,"key":"REST"},{"floor":52,"key":"REST"}],"circlet_count":0,"master_deck":["AscendersBane","Defend_P","Evaluate+1","ConjureBlade+1","Metallicize+1","Footwork+1","Flash of Steel+1","RitualDagger+1","Finesse+1","DevaForm+1","Escape Plan+1","Conserve Battery+1","Exhume+1","Machine Learning+1","Well Laid Plans+1","Crescendo","Calculated Gamble","Juggernaut+1","RitualDagger+1","Fasting2+1","Deep Breath"],"relics":["PureWater","Frozen Egg 2","Chemical X","Medical Kit","PrismaticShard","Ice Cream","Bottled Tornado","StrikeDummy","Whetstone","Bronze Scales","Toy Ornithopter","Mummified Hand","Fusion Hammer","Akabeko","Yang","Turnip","Cursed Key","Boot","Old Coin","Orichalcum","DollysMirror","Lantern","Happy Flower","Anchor","ClockworkSouvenir","Damaru"],"acts_visited":["Exordium","TheCity","TheBeyond","TheEnding"],"potions_floor_usage":[22,33,46,50,55,55],"damage_taken":[{"damage":4,"enemies":"Jaw Worm","floor":1,"turns":4},{"damage":3,"enemies":"Small Slimes","floor":4,"turns":6},{"damage":0,"enemies":"Cultist","floor":5,"turns":4},{"damage":9,"enemies":"Gremlin Nob","floor":7,"turns":3},{"damage":0,"enemies":"3 Sentries","floor":10,"turns":5},{"damage":12,"enemies":"Gremlin Nob","floor":12,"turns":3},{"damage":0,"enemies":"3 Sentries","floor":14,"turns":3},{"damage":3,"enemies":"Hexaghost","floor":16,"turns":5},{"damage":7,"enemies":"Shell Parasite","floor":18,"turns":2},{"damage":0,"enemies":"Spheric Guardian","floor":20,"turns":2},{"damage":10,"enemies":"Centurion and Healer","floor":22,"turns":2},{"damage":9,"enemies":"Book of Stabbing","floor":23,"turns":3},{"damage":0,"enemies":"Snake Plant","floor":25,"turns":1},{"damage":0,"enemies":"Cultist and Chosen","floor":27,"turns":2},{"damage":0,"enemies":"Gremlin Leader","floor":28,"turns":2},{"damage":8,"enemies":"Book of Stabbing","floor":30,"turns":2},{"damage":0,"enemies":"Centurion and Healer","floor":31,"turns":2},{"damage":11,"enemies":"Collector","floor":33,"turns":4},{"damage":0,"enemies":"Orb Walker","floor":35,"turns":3},{"damage":7,"enemies":"3 Darklings","floor":36,"turns":3},{"damage":25,"enemies":"Transient","floor":37,"turns":4},{"damage":0,"enemies":"Writhing Mass","floor":38,"turns":1},{"damage":0,"enemies":"Maw","floor":39,"turns":2},{"damage":28,"enemies":"Reptomancer","floor":40,"turns":3},{"damage":62,"enemies":"4 Shapes","floor":42,"turns":6},{"damage":14,"enemies":"Spire Growth","floor":44,"turns":2},{"damage":5,"enemies":"Giant Head","floor":46,"turns":2},{"damage":0,"enemies":"Maw","floor":47,"turns":3},{"damage":12,"enemies":"Donu and Deca","floor":50,"turns":2},{"damage":0,"enemies":"Shield and Spear","floor":54,"turns":2},{"damage":88,"enemies":"The Heart","floor":55,"turns":3}],"seed_played":"4250270455131932243","potions_obtained":[{"floor":5,"key":"Ancient Potion"},{"floor":7,"key":"PowerPotion"},{"floor":23,"key":"FairyPotion"},{"floor":33,"key":"SmokeBomb"},{"floor":40,"key":"Ambrosia"},{"floor":44,"key":"Swift Potion"},{"floor":54,"key":"Regen Potion"}],"is_trial":false,"path_per_floor":["M","?","?","M","M","R","E","R","T","E","R","E","$","E","R","B",null,"M","?","M","?","M","E","R","M","T","M","E","R","E","M","R","B",null,"M","M","M","M","M","E","R","M","T","M","R","E","M","$","R","B",null,"R","$","E","B"],"character_chosen":"WATCHER","items_purchased":["Darkstone Periapt","Frozen Egg 2","Chemical X","Evaluate","Medical Kit","Study+1","Finesse","Ice Cream","Bottled Tornado","DollysMirror","Lantern","Fasting2+1","Happy Flower","Deep Breath","Explosive Potion","Anchor","ClockworkSouvenir"],"campfire_rested":6,"item_purchase_floors":[0,0,0,0,0,0,0,0,0,48,48,48,48,48,48,53,53],"current_hp_per_floor":[61,61,66,63,63,63,54,54,54,54,54,42,42,42,42,39,68,61,61,61,61,56,47,47,47,47,47,47,70,62,62,77,66,74,74,67,42,42,42,14,37,3,3,29,52,52,52,52,75,65,74,77,77,77,0,0],"gold":64,"neow_bonus":"","is_daily":false,"chose_seed":false,"campfire_upgraded":4,"win_rate":0.0,"timestamp":1612422883,"path_taken":["M","?","?","M","M","R","E","R","T","E","R","E","?","E","R","BOSS","M","?","M","?","M","E","R","M","T","?","E","R","E","M","R","BOSS","M","M","M","M","M","E","R","M","T","M","R","E","M","$","R","BOSS","R","$","E","BOSS"],"items_purchased_type":["Relic","Relic","Relic","Card","Relic","Card","Card","Relic","Relic","Relic","Relic","Card","Relic","Card","Potion","Relic","Relic"],"build_version":"2020-12-22","purchased_purges":7,"victory":false,"max_hp_per_floor":[72,72,77,77,77,77,77,77,77,77,77,77,77,77,77,77,77,77,77,77,77,77,77,77,77,77,77,77,77,77,77,77,77,77,77,77,77,77,77,77,77,77,77,77,77,77,77,77,77,77,77,77,77,77,77,77],"relic_stats":{"Happy Flower":[2],"counters":[205,722],"Yang":[74],"Whetstone":["Flash of Steel"],"Orichalcum":[6],"Medical Kit":[23],"Cursed Key":1,"Boot":[1],"Mummified Hand":[312],"Bronze Scales":[454],"Turnip":[10],"Chemical X":[19],"obtain_stats":[{"Whetstone":9,"Ginger":53,"Bottled Tornado":45,"Sling":37,"Boot":27,"Old Coin":43,"Blood Vial":40,"MealTicket":14,"Fusion Hammer":17,"Kunai":9,"Pear":0,"Blue Candle":48,"Pen Nib":0,"Guardian:PocketSentry":0,"Akabeko":37,"SlaversCollar":17,"Bird Faced Urn":0,"MutagenicStrength":45,"StrikeDummy":7,"Lantern":38,"Regal Pillow":40,"Singing Bowl":31,"StoneCalendar":53,"Bag of Preparation":0,"Ancient Tea Set":30,"Cursed Key":34,"Shovel":42,"Chemical X":53,"Potion Belt":44,"Lee\u0027s Waffle":19,"Golden Idol":5,"Damaru":0,"Circlet":0,"The Courier":31,"Omamori":0,"Frozen Egg 2":0,"bronze:BronzeIdol":28,"Ornamental Fan":45,"Orrery":31,"Turnip":54,"Art of War":38,"Bottled Lightning":8,"hexamod:BolsterEngine":40,"Toy Ornithopter":11,"Ice Cream":0,"Gremlin Horn":0,"CeramicFish":11,"Vajra":23,"Sozu":34,"Lizard Tail":53,"HornCleat":53,"DollysMirror":0,"Strawberry":3,"Prayer Wheel":22,"Philosopher\u0027s Stone":34,"VioletLotus":1,"Toxic Egg 2":3,"Girya":43,"Happy Flower":0,"Dead Branch":41,"Oddly Smooth Stone":0,"Letter Opener":26,"War Paint":37,"sneckomod:SneckoTalon":34,"Question Card":0,"Du-Vu Doll":8,"OrangePellets":0,"Bottled Flame":54,"Shuriken":0,"Bronze Scales":0,"Slimebound:PreparedRelic":37,"Nloth\u0027s Gift":22,"Meat on the Bone":2,"Pocketwatch":47,"Darkstone Periapt":0,"Enchiridion":30,"Mango":19,"Yang":26,"CloakClasp":1,"Juzu Bracelet":6,"Incense Burner":45,"TeardropLocket":0,"PrismaticShard":25,"ClockworkSouvenir":0,"Nunchaku":9,"Dream Catcher":28,"TheAbacus":0,"Slimebound:StickyStick":2,"Mummified Hand":23,"Pantograph":53,"Red Mask":36,"Orichalcum":21,"Odd Mushroom":13,"Medical Kit":38,"Mercury Hourglass":21,"Strange Spoon":53,"Anchor":0,"HolyWater":34,"Coffee Dripper":34,"Bag of Marbles":0,"Membership Card":0,"PureWater":0,"FossilizedHelix":27},{"Whetstone":33,"Ginger":51,"Bottled Tornado":142,"Sling":21,"Boot":41,"Old Coin":199,"Blood Vial":77,"MealTicket":36,"Fusion Hammer":182,"Kunai":58,"Pear":29,"Blue Candle":50,"Pen Nib":29,"Guardian:PocketSentry":29,"Akabeko":21,"SlaversCollar":9,"Bird Faced Urn":53,"MutagenicStrength":111,"StrikeDummy":178,"Lantern":21,"Regal Pillow":109,"Singing Bowl":72,"StoneCalendar":27,"Bag of Preparation":29,"Ancient Tea Set":43,"Cursed Key":192,"Shovel":168,"Chemical X":27,"Potion Belt":24,"Lee\u0027s Waffle":10,"Golden Idol":119,"Damaru":29,"Circlet":174,"The Courier":18,"Omamori":29,"Frozen Egg 2":29,"bronze:BronzeIdol":16,"Ornamental Fan":49,"Orrery":72,"Turnip":52,"Art of War":46,"Bottled Lightning":5,"hexamod:BolsterEngine":23,"Toy Ornithopter":6,"Ice Cream":29,"Gremlin Horn":145,"CeramicFish":35,"Vajra":14,"Sozu":104,"Lizard Tail":114,"HornCleat":27,"DollysMirror":29,"Strawberry":30,"Prayer Wheel":67,"Philosopher\u0027s Stone":73,"VioletLotus":1,"Toxic Egg 2":1,"Girya":23,"Happy Flower":29,"Dead Branch":78,"Oddly Smooth Stone":85,"Letter Opener":15,"War Paint":21,"sneckomod:SneckoTalon":45,"Question Card":85,"Du-Vu Doll":5,"OrangePellets":53,"Bottled Flame":28,"Shuriken":85,"Bronze Scales":29,"Slimebound:PreparedRelic":21,"Nloth\u0027s Gift":67,"Meat on the Bone":1,"Pocketwatch":26,"Darkstone Periapt":174,"Enchiridion":133,"Mango":10,"Yang":131,"CloakClasp":1,"Juzu Bracelet":4,"Incense Burner":142,"TeardropLocket":0,"PrismaticShard":40,"ClockworkSouvenir":53,"Nunchaku":121,"Dream Catcher":132,"TheAbacus":29,"Slimebound:StickyStick":1,"Mummified Hand":14,"Pantograph":27,"Red Mask":74,"Orichalcum":39,"Odd Mushroom":93,"Medical Kit":46,"Mercury Hourglass":39,"Strange Spoon":114,"Anchor":29,"HolyWater":164,"Coffee Dripper":19,"Bag of Marbles":29,"Membership Card":29,"PureWater":0,"FossilizedHelix":71},{"Whetstone":157,"Ginger":214,"Bottled Tornado":534,"Sling":100,"Boot":180,"Old Coin":708,"Blood Vial":306,"MealTicket":166,"Fusion Hammer":664,"Kunai":239,"Pear":149,"Blue Candle":209,"Pen Nib":149,"Guardian:PocketSentry":149,"Akabeko":100,"SlaversCollar":44,"Bird Faced Urn":225,"MutagenicStrength":431,"StrikeDummy":648,"Lantern":100,"Regal Pillow":423,"Singing Bowl":283,"StoneCalendar":136,"Bag of Preparation":149,"Ancient Tea Set":185,"Cursed Key":686,"Shovel":607,"Chemical X":136,"Potion Belt":120,"Lee\u0027s Waffle":48,"Golden Idol":464,"Damaru":149,"Circlet":631,"The Courier":85,"Omamori":149,"Frozen Egg 2":149,"bronze:BronzeIdol":77,"Ornamental Fan":206,"Orrery":283,"Turnip":219,"Art of War":196,"Bottled Lightning":27,"hexamod:BolsterEngine":113,"Toy Ornithopter":31,"Ice Cream":149,"Gremlin Horn":545,"CeramicFish":163,"Vajra":72,"Sozu":406,"Lizard Tail":444,"HornCleat":136,"DollysMirror":149,"Strawberry":150,"Prayer Wheel":264,"Philosopher\u0027s Stone":291,"VioletLotus":3,"Toxic Egg 2":8,"Girya":113,"Happy Flower":149,"Dead Branch":309,"Oddly Smooth Stone":343,"Letter Opener":74,"War Paint":100,"sneckomod:SneckoTalon":193,"Question Card":343,"Du-Vu Doll":27,"OrangePellets":225,"Bottled Flame":141,"Shuriken":343,"Bronze Scales":149,"Slimebound:PreparedRelic":100,"Nloth\u0027s Gift":264,"Meat on the Bone":8,"Pocketwatch":129,"Darkstone Periapt":631,"Enchiridion":512,"Mango":48,"Yang":507,"CloakClasp":3,"Juzu Bracelet":23,"Incense Burner":534,"TeardropLocket":0,"PrismaticShard":177,"ClockworkSouvenir":225,"Nunchaku":475,"Dream Catcher":510,"TheAbacus":149,"Slimebound:StickyStick":8,"Mummified Hand":70,"Pantograph":136,"Red Mask":294,"Orichalcum":175,"Odd Mushroom":367,"Medical Kit":196,"Mercury Hourglass":175,"Strange Spoon":444,"Anchor":149,"HolyWater":593,"Coffee Dripper":92,"Bag of Marbles":149,"Membership Card":149,"PureWater":0,"FossilizedHelix":279}],"Toy Ornithopter":17},"card_choices":[{"not_picked":["Go for the Eyes","Cloak And Dagger","Twin Strike"],"picked":"SKIP","floor":1},{"not_picked":["Sweeping Beam","Crescendo","CarveReality"],"picked":"SKIP","floor":4},{"not_picked":["Blizzard","Stack"],"picked":"Escape Plan","floor":5},{"not_picked":["EmptyBody","Streamline","Cloak And Dagger"],"picked":"SKIP","floor":7},{"not_picked":["Night Terror","Terror"],"picked":"Conserve Battery","floor":10},{"not_picked":["Uppercut","Prostrate"],"picked":"Exhume","floor":12},{"not_picked":["Clash","Establishment+1","Stack"],"picked":"SKIP","floor":14},{"not_picked":["Buffer+1","Magnetism+1"],"picked":"Machine Learning+1","floor":16},{"not_picked":["Shrug It Off","FlurryOfBlows","Poisoned Stab"],"picked":"SKIP","floor":18},{"not_picked":["Havoc","Steam Power+1","Blind"],"picked":"SKIP","floor":20},{"not_picked":["Intimidate","True Grit"],"picked":"Well Laid Plans+1","floor":22},{"not_picked":["CarveReality","Melter"],"picked":"Crescendo","floor":23},{"not_picked":["Swift Strike","Beam Cell","Blade Dance"],"picked":"SKIP","floor":25},{"not_picked":["Consume","Bloodletting","EmptyFist"],"picked":"SKIP","floor":27},{"not_picked":["Tantrum","ThirdEye","Whirlwind"],"picked":"SKIP","floor":28},{"not_picked":["Rebound","Cold Snap","Blur"],"picked":"SKIP","floor":30},{"not_picked":["Turbo","BowlingBash+1","CutThroughFate"],"picked":"SKIP","floor":31},{"not_picked":["CutThroughFate+1","Heavy Blade","ThirdEye"],"picked":"SKIP","floor":35},{"not_picked":["Tantrum+1","Wild Strike+1"],"picked":"Calculated Gamble","floor":36},{"not_picked":["Melter","Spot Weakness","Warcry"],"picked":"SKIP","floor":37},{"not_picked":["Ghostly Armor","Accuracy+1","ThirdEye"],"picked":"SKIP","floor":38},{"not_picked":["Masterful Stab","Pray","BowlingBash+1"],"picked":"SKIP","floor":39},{"not_picked":["Dropkick","Redo","Outmaneuver"],"picked":"SKIP","floor":40},{"not_picked":["Coolheaded+1","CutThroughFate","Rebound"],"picked":"SKIP","floor":42},{"not_picked":["Heel Hook","Clothesline","Underhanded Strike"],"picked":"SKIP","floor":44},{"not_picked":["Skim","ThirdEye+1"],"picked":"Juggernaut+1","floor":46},{"not_picked":["Leap","Armaments+1","Cleave"],"picked":"SKIP","floor":47},{"not_picked":["Defragment+1","PathToVictory","Bandage Up"],"picked":"SKIP","floor":54}],"player_experience":259175,"relics_obtained":[{"floor":7,"key":"StrikeDummy"},{"floor":9,"key":"Whetstone"},{"floor":10,"key":"Bronze Scales"},{"floor":12,"key":"Toy Ornithopter"},{"floor":14,"key":"Mummified Hand"},{"floor":23,"key":"Akabeko"},{"floor":28,"key":"Yang"},{"floor":30,"key":"Turnip"},{"floor":40,"key":"Boot"},{"floor":43,"key":"Old Coin"},{"floor":46,"key":"Orichalcum"},{"floor":54,"key":"Damaru"}],"event_choices":[{"damage_healed":0,"gold_gain":0,"player_choice":"Grow","damage_taken":0,"max_hp_gain":0,"max_hp_loss":0,"event_name":"Living Wall","floor":2,"gold_loss":0,"cards_upgraded":["Evaluate"]},{"damage_healed":0,"gold_gain":0,"player_choice":"Donut","damage_taken":0,"max_hp_gain":5,"max_hp_loss":0,"event_name":"Big Fish","floor":3,"gold_loss":0},{"damage_healed":0,"gold_gain":99,"player_choice":"Stole From Cult","damage_taken":0,"max_hp_gain":0,"max_hp_loss":0,"event_name":"Nest","floor":19,"gold_loss":0},{"damage_healed":0,"gold_gain":100,"player_choice":"Pray","damage_taken":0,"max_hp_gain":0,"max_hp_loss":0,"event_name":"Golden Shrine","floor":21,"gold_loss":0}],"is_beta":false,"boss_relics":[{"not_picked":["Velvet Choker","Runic Dome"],"picked":"Fusion Hammer"},{"not_picked":["Busted Crown","Pandora\u0027s Box"],"picked":"Cursed Key"}],"items_purged_floors":[0,0,0,0,0,13,48],"is_endless":false,"potions_floor_spawned":[5,7,12,14,18,23,25,28,33,35,37,38,40,44,54],"killed_by":"The Heart","ascension_level":12}}