{"host":"msfr2axb1w9025n0","time":1612440876,"event":{"mods":["BaseMod","Colored Map","DeckTracker","Minty Spire (QoL Compilation)","Relic Stats"],"gold_per_floor":[110,60,71,71,18,61,76,117,172,172,172,172,9,33,33,126,126,145,195,51,75,75,75],"floor_reached":22,"language":"ENG","playtime":3835,"items_purged":[],"score":317,"play_id":"73d14e48-fed0-4ffb-b8a0-fdcd7e38f374","local_time":"20210204191436","is_ascension_mode":true,"campfire_choices":[{"data":"Offering","floor":12.0,"key":"SMITH"},{"data":"Apotheosis","floor":15,"key":"SMITH"}],"circlet_count":0,"master_deck":["AscendersBane","Strike_R","Strike_R","Strike_R","Strike_R","Defend_R","Defend_R","Defend_R","Defend_R","Bash","Disarm","Flex","Pommel Strike","Offering+1","Parasite","Apotheosis+1","Sword Boomerang","Double Tap","Anger"],"relics":["Burning Blood","CaptainsWheel","Golden Idol","Eternal Feather","PreservedInsect","Orichalcum","Runic Pyramid","Oddly Smooth Stone"],"acts_visited":["Exordium","TheCity"],"potions_floor_usage":[],"damage_taken":[{"damage":10.0,"enemies":"Small Slimes","floor":1.0,"turns":4.0},{"damage":0.0,"enemies":"Jaw Worm","floor":3.0,"turns":4.0},{"damage":38.0,"enemies":"Gremlin Nob","floor":6.0,"turns":6.0},{"damage":8.0,"enemies":"2 Louse","floor":7.0,"turns":2.0},{"damage":21.0,"enemies":"3 Sentries","floor":8.0,"turns":8.0},{"damage":6,"enemies":"Blue Slaver","floor":14,"turns":1},{"damage":16,"enemies":"The Guardian","floor":16,"turns":9},{"damage":32,"enemies":"3 Byrds","floor":18,"turns":7},{"damage":17,"enemies":"Shell Parasite","floor":21,"turns":5},{"damage":34,"enemies":"Cultist and Chosen","floor":22,"turns":6}],"seed_played":"8322386883868542811","potions_obtained":[{"floor":1.0,"key":"SkillPotion"},{"floor":6.0,"key":"DistilledChaos"},{"floor":7.0,"key":"CultistPotion"},{"floor":21,"key":"PowerPotion"}],"is_trial":false,"path_per_floor":["M","?","M","?","$","E","M","E","T","?","?","R","$","M","R","B",null,"M","?","$","M","M"],"character_chosen":"IRONCLAD","items_purchased":["Flex","Apotheosis","Oddly Smooth Stone"],"campfire_rested":0,"item_purchase_floors":[5,13,20],"current_hp_per_floor":[68,68,74,74,74,42,40,25,25,18,36,45,45,45,54,44,67,41,41,41,30,0,0],"gold":75,"neow_bonus":"ONE_RARE_RELIC","is_daily":false,"chose_seed":false,"campfire_upgraded":2,"win_rate":0.0,"timestamp":1612440876,"path_taken":["M","?","M","?","$","E","M","E","T","?","?","R","$","?","R","BOSS","M","?","$","M","M"],"items_purchased_type":["Card","Card","Relic"],"build_version":"2020-12-22","purchased_purges":0,"victory":false,"max_hp_per_floor":[80,80,80,74,74,74,74,74,74,74,74,74,74,74,74,74,74,74,74,74,74,74,74],"relic_stats":{"counters":[10,52],"Golden Idol":53,"Eternal Feather":18,"PreservedInsect":0,"Orichalcum":[54],"obtain_stats":[{"CaptainsWheel":0,"Golden Idol":4,"Oddly Smooth Stone":20,"Eternal Feather":6,"PreservedInsect":8,"Orichalcum":9,"Burning Blood":0,"Runic Pyramid":17},{"CaptainsWheel":0,"Golden Idol":2,"Oddly Smooth Stone":8,"Eternal Feather":3,"PreservedInsect":5,"Orichalcum":5,"Burning Blood":0,"Runic Pyramid":7},{"CaptainsWheel":0,"Golden Idol":8,"Oddly Smooth Stone":41,"Eternal Feather":14,"PreservedInsect":24,"Orichalcum":24,"Burning Blood":0,"Runic Pyramid":34}],"Burning Blood":54},"card_choices":[{"not_picked":["True Grit","Heavy Blade"],"picked":"Disarm","floor":1.0},{"not_picked":["Body Slam","Iron Wave","Headbutt"],"picked":"SKIP","floor":3.0},{"not_picked":["Clothesline","Sentinel"],"picked":"Pommel Strike","floor":6.0},{"not_picked":["Heavy Blade","Dropkick"],"picked":"Offering","floor":7.0},{"not_picked":["Havoc","Heavy Blade","Rage"],"picked":"SKIP","floor":8.0},{"not_picked":["Havoc","Carnage"],"picked":"Sword Boomerang","floor":14},{"not_picked":["Brutality","Impervious"],"picked":"Double Tap","floor":16},{"not_picked":["Clash","Sever Soul","Havoc"],"picked":"SKIP","floor":18},{"not_picked":["Heavy Blade+1","Havoc+1"],"picked":"Anger","floor":21}],"player_experience":281679,"relics_obtained":[{"floor":6.0,"key":"Eternal Feather"},{"floor":8.0,"key":"PreservedInsect"},{"floor":9.0,"key":"Orichalcum"}],"event_choices":[{"cards_removed":["Doubt"],"damage_healed":0.0,"max_hp_gain":0.0,"max_hp_loss":0.0,"gold_gain":0.0,"event_name":"The Cleric","player_choice":"Card Removal","floor":2.0,"gold_loss":50.0,"damage_taken":0.0},{"damage_healed":0.0,"max_hp_gain":0.0,"max_hp_loss":6.0,"gold_gain":0.0,"event_name":"Golden Idol","player_choice":"Lose Max HP","floor":4.0,"gold_loss":0.0,"damage_taken":0.0,"relics_obtained":["Golden Idol"]},{"cards_removed":["Strike_R"],"damage_healed":0.0,"max_hp_gain":0.0,"max_hp_loss":0.0,"gold_gain":0.0,"event_name":"Golden Wing","player_choice":"Card Removal","floor":10.0,"gold_loss":0.0,"damage_taken":7.0},{"damage_healed":18.0,"max_hp_gain":0.0,"max_hp_loss":0.0,"gold_gain":0.0,"event_name":"Mushrooms","player_choice":"Healed and dodged fight","floor":11.0,"gold_loss":0.0,"damage_taken":0.0,"cards_obtained":["Parasite"]},{"damage_healed":0,"gold_gain":100,"player_choice":"Bet on Murderer","damage_taken":0,"max_hp_gain":0,"max_hp_loss":0,"event_name":"The Joust","floor":19,"gold_loss":50}],"is_beta":false,"boss_relics":[{"not_picked":["Runic Dome","Calling Bell"],"picked":"Runic Pyramid"}],"items_purged_floors":[],"is_endless":false,"potions_floor_spawned":[1,6,7,21],"killed_by":"Cultist and Chosen","ascension_level":13}}