{"host":"l5zfpd2l2htson6l","time":1612468492,"event":{"mods":["AchievementEnabler","BaseMod","Colored Map","Colored Powertips","Minty Spire (QoL Compilation)","Permanent Neow","Quick Restart","Rare Cards Sparkle","Relic Stats","SuperFastMode"],"gold_per_floor":[10,29,44,57,75,75,75,75],"floor_reached":7,"language":"ENG","playtime":411,"items_purged":[],"score":90,"play_id":"0bfe525b-ca5b-4690-b6f1-f27df7f29f1e","local_time":"20210204115452","is_ascension_mode":true,"campfire_choices":[{"data":"Bash","floor":6,"key":"SMITH"}],"circlet_count":0,"master_deck":["AscendersBane","Strike_R","Strike_R","Strike_R","Strike_R","Strike_R","Defend_R","Defend_R","Defend_R","Defend_R","Bash+1","Iron Wave","Ghostly Armor","Shrug It Off","Inflame"],"relics":["Burning Blood","Unceasing Top"],"acts_visited":["Exordium"],"potions_floor_usage":[],"damage_taken":[{"damage":9,"enemies":"Jaw Worm","floor":1,"turns":4},{"damage":7,"enemies":"Cultist","floor":2,"turns":4},{"damage":3,"enemies":"2 Louse","floor":3,"turns":3},{"damage":36,"enemies":"Exordium Thugs","floor":4,"turns":8},{"damage":3,"enemies":"2 Fungi Beasts","floor":5,"turns":6},{"damage":42,"enemies":"3 Sentries","floor":7,"turns":12}],"seed_played":"-607220744425594118","potions_obtained":[{"floor":4,"key":"Ancient Potion"}],"is_trial":false,"path_per_floor":["M","M","M","M","M","R","E"],"character_chosen":"IRONCLAD","items_purchased":[],"campfire_rested":0,"item_purchase_floors":[],"current_hp_per_floor":[65,64,67,37,40,40,0,0],"gold":75,"neow_bonus":"ONE_RARE_RELIC","is_daily":false,"chose_seed":false,"campfire_upgraded":1,"win_rate":0.0,"timestamp":1612468492,"path_taken":["M","M","M","M","M","R","E"],"items_purchased_type":[],"build_version":"2020-12-22","purchased_purges":0,"victory":false,"max_hp_per_floor":[75,75,75,75,75,75,75,75],"relic_stats":{"counters":[6,37],"obtain_stats":[{"Burning Blood":0,"Unceasing Top":0},{"Burning Blood":0,"Unceasing Top":0},{"Burning Blood":0,"Unceasing Top":0}],"Burning Blood":30,"Unceasing Top":[0]},"card_choices":[{"not_picked":["Havoc","Cleave"],"picked":"Iron Wave","floor":1},{"not_picked":["Clash","Thunderclap"],"picked":"Ghostly Armor","floor":2},{"not_picked":["Flex","Clash"],"picked":"Shrug It Off","floor":3},{"not_picked":["Havoc","Body Slam","Evolve"],"picked":"SKIP","floor":4},{"not_picked":["Burning Pact","Sentinel"],"picked":"Inflame","floor":5}],"player_experience":885523,"relics_obtained":[],"event_choices":[],"is_beta":false,"boss_relics":[],"items_purged_floors":[],"is_endless":false,"potions_floor_spawned":[4],"killed_by":"3 Sentries","ascension_level":20}}