{"host":"f5gffvlv6a66yqkd","time":1612454012,"event":{"mods":["2.2 Compatiblity","BaseMod","Colored Map","Custom Start","DeckTracker","Keyboard Shortcuts","Minty Spire (QoL Compilation)","Permanent Neow","Quick Restart","Relic Stats","StSLib","SuperFastMode"],"gold_per_floor":[112,37,55,67,87,87,114,126,153,153,185,185,213,213,213,289,289,300,300,54,71,121,121,146,146,225,255,255,283,315,334,334,412,412,423,438,221,238,255,288,288,318,343,3,3,17,17,17,17,47,47,47,47,47,82,82,82],"floor_reached":56,"language":"KOR","playtime":2474,"items_purged":["Pray","Defend_P","Defend_P"],"score":2202,"play_id":"50c43944-3dd7-469a-b820-923f3193c3e6","local_time":"20210205005332","is_ascension_mode":true,"campfire_choices":[{"data":"Eruption","floor":6.0,"key":"SMITH"},{"data":"WheelKick","floor":10.0,"key":"SMITH"},{"data":"EmptyFist","floor":12.0,"key":"SMITH"},{"floor":15.0,"key":"RECALL"},{"data":"Scrawl","floor":23.0,"key":"SMITH"},{"data":"CrushJoints","floor":25.0,"key":"SMITH"},{"data":"Study","floor":28.0,"key":"SMITH"},{"data":"MentalFortress","floor":32.0,"key":"SMITH"},{"floor":41.0,"key":"REST"},{"data":"Tantrum","floor":45.0,"key":"SMITH"},{"data":"MentalFortress","floor":47.0,"key":"SMITH"},{"data":"Vigilance","floor":49.0,"key":"SMITH"},{"data":"Swivel","floor":53.0,"key":"SMITH"}],"circlet_count":0,"master_deck":["AscendersBane","Vigilance+1","Consecrate","WheelKick+1","EmptyFist+1","FlurryOfBlows","CutThroughFate+1","Scrawl+1","Swivel+1","MentalFortress+1","CrushJoints+1","Study+1","Vault+1","Wish+1","MentalFortress+1","Tantrum+1","Wallop"],"relics":["HolyWater","Toy Ornithopter","InkBottle","Regal Pillow","Anchor","Whetstone","Medical Kit","WingedGreaves","Toxic Egg 2","Smiling Mask","Sundial","StoneCalendar","Empty Cage","Omamori","Centennial Puzzle","StrikeDummy","Potion Belt","Incense Burner"],"acts_visited":["Exordium","TheCity","TheBeyond","TheEnding"],"potions_floor_usage":[56],"damage_taken":[{"damage":0.0,"enemies":"Small Slimes","floor":1.0,"turns":3.0},{"damage":2.0,"enemies":"Jaw Worm","floor":3.0,"turns":2.0},{"damage":9.0,"enemies":"2 Louse","floor":4.0,"turns":3.0},{"damage":0.0,"enemies":"2 Fungi Beasts","floor":5.0,"turns":2.0},{"damage":0.0,"enemies":"Gremlin Nob","floor":7.0,"turns":2.0},{"damage":0.0,"enemies":"3 Louse","floor":8.0,"turns":2.0},{"damage":2.0,"enemies":"3 Sentries","floor":11.0,"turns":3.0},{"damage":0.0,"enemies":"Lagavulin","floor":13.0,"turns":3.0},{"damage":32.0,"enemies":"Hexaghost","floor":16.0,"turns":6.0},{"damage":0.0,"enemies":"2 Thieves","floor":18.0,"turns":2.0},{"damage":0.0,"enemies":"Chosen","floor":21.0,"turns":2.0},{"damage":0.0,"enemies":"Gremlin Leader","floor":24.0,"turns":4.0},{"damage":3.0,"enemies":"Slavers","floor":27.0,"turns":4.0},{"damage":0.0,"enemies":"Gremlin Leader","floor":29.0,"turns":2.0},{"damage":9.0,"enemies":"Book of Stabbing","floor":30.0,"turns":3.0},{"damage":5.0,"enemies":"Centurion and Healer","floor":31.0,"turns":2.0},{"damage":43.0,"enemies":"Champ","floor":33.0,"turns":8.0},{"damage":0.0,"enemies":"3 Darklings","floor":35.0,"turns":2.0},{"damage":0.0,"enemies":"Orb Walker","floor":36.0,"turns":2.0},{"damage":6.0,"enemies":"Sphere and 2 Shapes","floor":38.0,"turns":3.0},{"damage":0.0,"enemies":"4 Shapes","floor":39.0,"turns":2.0},{"damage":22.0,"enemies":"Giant Head","floor":40.0,"turns":6.0},{"damage":21.0,"enemies":"Nemesis","floor":42.0,"turns":4.0},{"damage":0.0,"enemies":"Transient","floor":46.0,"turns":7.0},{"damage":24.0,"enemies":"Donu and Deca","floor":50.0,"turns":8.0},{"damage":12.0,"enemies":"Awakened One","floor":51.0,"turns":7.0},{"damage":0.0,"enemies":"Shield and Spear","floor":55.0,"turns":5.0},{"damage":214,"enemies":"The Heart","floor":56,"turns":9}],"seed_played":"-4835570779236930","potions_obtained":[{"floor":7.0,"key":"Swift Potion"},{"floor":8.0,"key":"DistilledChaos"},{"floor":13.0,"key":"DuplicationPotion"},{"floor":16.0,"key":"Block Potion"},{"floor":24.0,"key":"FearPotion"},{"floor":30.0,"key":"Strength Potion"},{"floor":31.0,"key":"FearPotion"},{"floor":33.0,"key":"SteroidPotion"},{"floor":38.0,"key":"FairyPotion"},{"floor":42.0,"key":"SteroidPotion"},{"floor":46.0,"key":"BottledMiracle"}],"is_trial":false,"path_per_floor":["M","?","M","M","M","R","E","M","T","R","E","R","E","?","R","B",null,"M","?","$","M","?","R","E","R","T","E","R","E","E","M","R","B",null,"M","M","$","M","M","E","R","E","T","$","R","M","R","?","R","B","B",null,"R","$","E","B"],"character_chosen":"WATCHER","items_purchased":["Medical Kit","Omamori","Tantrum","Potion Belt","SkillPotion"],"campfire_rested":1,"item_purchase_floors":[20,37,44,44,44],"current_hp_per_floor":[61,61,59,50,50,50,50,50,50,50,48,48,48,48,48,16,55,55,55,55,55,55,55,55,55,55,57,57,62,53,48,48,10,54,54,54,54,48,53,31,66,45,45,45,45,45,45,45,45,21,14,55,55,55,60,0,0],"gold":82,"neow_bonus":"RANDOM_COMMON_RELIC","is_daily":false,"chose_seed":false,"campfire_upgraded":11,"win_rate":0.0,"timestamp":1612454012,"path_taken":["M","?","M","M","M","R","E","M","T","R","E","R","E","?","R","BOSS","M","?","$","M","?","R","E","R","T","E","R","E","E","M","R","BOSS","M","M","$","M","M","E","R","E","T","$","R","M","R","?","R","BOSS","BOSS","R","$","E","BOSS"],"items_purchased_type":["Relic","Relic","Card","Relic","Potion"],"build_version":"2020-12-22","purchased_purges":3,"victory":false,"max_hp_per_floor":[68,68,68,68,68,68,68,68,68,68,68,68,68,68,68,68,68,68,68,68,68,68,68,68,68,68,68,68,68,68,68,68,68,68,68,68,68,68,68,68,68,68,68,68,68,68,68,68,68,68,68,68,68,68,68,68,68],"relic_stats":{"Regal Pillow":15,"Centennial Puzzle":[12],"counters":[28,108],"Sundial":[34],"StoneCalendar":[253],"Whetstone":["CutThroughFate","Strike_P"],"Medical Kit":[10],"Smiling Mask":125,"obtain_stats":[{"Potion Belt":44,"Regal Pillow":9,"StoneCalendar":30,"Omamori":37,"Incense Burner":55,"Whetstone":13,"Medical Kit":20,"Smiling Mask":27,"Empty Cage":34,"Anchor":11,"Centennial Puzzle":40,"Sundial":29,"HolyWater":17,"WingedGreaves":24,"PureWater":0,"Toxic Egg 2":26,"StrikeDummy":42,"Toy Ornithopter":0,"InkBottle":7},{"Potion Belt":23,"Regal Pillow":6,"StoneCalendar":15,"Omamori":19,"Incense Burner":27,"Whetstone":8,"Medical Kit":10,"Smiling Mask":13,"Empty Cage":17,"Anchor":7,"Centennial Puzzle":22,"Sundial":14,"HolyWater":9,"WingedGreaves":12,"PureWater":0,"Toxic Egg 2":12,"StrikeDummy":23,"Toy Ornithopter":0,"InkBottle":5},{"Potion Belt":72,"Regal Pillow":14,"StoneCalendar":43,"Omamori":57,"Incense Burner":99,"Whetstone":20,"Medical Kit":28,"Smiling Mask":38,"Empty Cage":53,"Anchor":17,"Centennial Puzzle":68,"Sundial":40,"HolyWater":26,"WingedGreaves":34,"PureWater":0,"Toxic Egg 2":34,"StrikeDummy":72,"Toy Ornithopter":0,"InkBottle":12}],"Toy Ornithopter":35,"InkBottle":[58]},"card_choices":[{"not_picked":["Prostrate","Swivel"],"picked":"Consecrate","floor":1.0},{"not_picked":["DeceiveReality","FlyingSleeves","Protect"],"picked":"SKIP","floor":3.0},{"not_picked":["JustLucky","WaveOfTheHand"],"picked":"WheelKick","floor":4.0},{"not_picked":["Weave","DeceiveReality"],"picked":"EmptyFist","floor":5.0},{"not_picked":["Meditate","Devotion"],"picked":"FlurryOfBlows","floor":7.0},{"not_picked":["ThirdEye","BowlingBash"],"picked":"CutThroughFate","floor":8.0},{"not_picked":["Wireheading","Prostrate","FlyingSleeves"],"picked":"SKIP","floor":11.0},{"not_picked":["EmptyBody","EmptyFist","Vengeance"],"picked":"SKIP","floor":13.0},{"not_picked":["Omniscience","Brilliance"],"picked":"Scrawl","floor":16.0},{"not_picked":["FlyingSleeves+1","Prostrate","ClearTheMind"],"picked":"SKIP","floor":18.0},{"not_picked":["Crescendo+1","FlyingSleeves"],"picked":"MentalFortress","floor":21.0},{"not_picked":["EmptyBody","BowlingBash"],"picked":"CrushJoints","floor":24.0},{"not_picked":["Evaluate+1","JustLucky"],"picked":"Study","floor":27.0},{"not_picked":["BowlingBash","FollowUp","Wireheading+1"],"picked":"SKIP","floor":29.0},{"not_picked":["ThirdEye+1","Halt+1","EmptyBody+1"],"picked":"SKIP","floor":30.0},{"not_picked":["ThirdEye+1","Halt+1","EmptyBody+1"],"picked":"SKIP","floor":30.0},{"not_picked":["CrushJoints","Weave"],"picked":"Vault+1","floor":31.0},{"not_picked":["DeusExMachina+1","Establishment"],"picked":"Wish+1","floor":33.0},{"not_picked":["EmptyBody+1","JustLucky","ThirdEye+1"],"picked":"SKIP","floor":35.0},{"not_picked":["Prostrate+1","CrushJoints+1","BattleHymn+1"],"picked":"SKIP","floor":36.0},{"not_picked":["BowlingBash+1","JustLucky","CutThroughFate"],"picked":"SKIP","floor":38.0},{"not_picked":["Perseverance+1","FlurryOfBlows"],"picked":"MentalFortress","floor":39.0},{"not_picked":["EmptyBody+1","PathToVictory+1","LikeWater"],"picked":"SKIP","floor":40.0},{"not_picked":["JustLucky+1","EmptyFist","Protect+1"],"picked":"SKIP","floor":42.0},{"not_picked":["WaveOfTheHand+1","Perseverance+1","CarveReality"],"picked":"SKIP","floor":46.0},{"not_picked":["Ragnarok","CutThroughFate+1"],"picked":"Wallop","floor":55.0}],"player_experience":1641570,"relics_obtained":[{"floor":7.0,"key":"InkBottle"},{"floor":9.0,"key":"Regal Pillow"},{"floor":11.0,"key":"Anchor"},{"floor":13.0,"key":"Whetstone"},{"floor":24.0,"key":"WingedGreaves"},{"floor":26.0,"key":"Toxic Egg 2"},{"floor":27.0,"key":"Smiling Mask"},{"floor":29.0,"key":"Sundial"},{"floor":30.0,"key":"StoneCalendar"},{"floor":40.0,"key":"Centennial Puzzle"},{"floor":42.0,"key":"StrikeDummy"},{"floor":55.0,"key":"Incense Burner"}],"event_choices":[{"cards_removed":["Defend_P"],"damage_healed":0.0,"max_hp_gain":0.0,"max_hp_loss":0.0,"gold_gain":0.0,"event_name":"The Cleric","player_choice":"Card Removal","floor":2.0,"gold_loss":75.0,"damage_taken":0.0},{"cards_removed":["Strike_P"],"damage_healed":0.0,"max_hp_gain":0.0,"max_hp_loss":0.0,"gold_gain":0.0,"event_name":"Living Wall","player_choice":"Forget","floor":14.0,"gold_loss":0.0,"damage_taken":0.0},{"damage_healed":0.0,"max_hp_gain":0.0,"max_hp_loss":0.0,"gold_gain":0.0,"cards_transformed":["Strike_P","Strike_P"],"event_name":"Drug Dealer","player_choice":"Became Test Subject","floor":19.0,"gold_loss":0.0,"damage_taken":0.0,"cards_obtained":["Swivel","Pray"]},{"damage_healed":0.0,"max_hp_gain":0.0,"max_hp_loss":0.0,"gold_gain":50.0,"event_name":"Nest","player_choice":"Stole From Cult","floor":22.0,"gold_loss":0.0,"damage_taken":0.0},{"cards_removed":["Eruption"],"damage_healed":0.0,"max_hp_gain":0.0,"max_hp_loss":0.0,"gold_gain":0.0,"event_name":"Falling","player_choice":"Removed Attack","floor":48.0,"gold_loss":0.0,"damage_taken":0.0}],"is_beta":false,"boss_relics":[{"not_picked":["SlaversCollar","Calling Bell"],"picked":"HolyWater"},{"not_picked":["Pandora\u0027s Box","Black Star"],"picked":"Empty Cage"}],"items_purged_floors":[20,37,44],"is_endless":false,"potions_floor_spawned":[7,8,13,16,24,30,31,33,38,42,46],"killed_by":"The Heart","ascension_level":20}}