{"host":"q8o6l8eqnoevndy4","time":1612475559,"event":{"mods":["AchievementEnabler","Act Like it!","AlwaysNeverKeys","Bard","BaseMod","Bestiary","Better Altar","Better Match","Better Note","Better Sensory Stone","Better Skull","Better Third Choice","Better Vampires","Better-Laid Plans","Booster Modes","Colored Map","Colored Powertips","Custom Start","Disable Question Mark Monsters","Displayed Cursed Tome","Friendly Minions","GifTheSpireLib","Hermit","Highlight Path","Infinite Spire","Keyboard Shortcuts","Minty Spire (QoL Compilation)","Permanent Neow","Quick Restart","Random Character Button","Random Character Mod","Rare Cards Sparkle","Relic Filter Mod","Relic Sorter","Relic Stats","Reliquary","Reorder Act Four","Spicy Shops","Spire Arcade","StSLib","The Blackbeard","The Gatherer","Transform Curses","Virulent Crown"],"gold_per_floor":[115,115,34,34,46,65,65,90,8,8,33,46,46,58,89,103,103,103,206,206,222,222,51,70,80,80,111,111,128,204,217,217,228,228,248,267,267,267,267,267],"floor_reached":39,"language":"ENG","playtime":1416,"items_purged":["Strike_G"],"score":423,"play_id":"640caee4-6270-4b12-8905-c94c11d265da","local_time":"20210204155239","is_ascension_mode":true,"campfire_choices":[{"data":"Neutralize","floor":7,"key":"SMITH"},{"floor":13,"key":"REST"},{"floor":17,"key":"REST"},{"data":"Dodge and Roll","floor":18,"key":"SMITH"},{"data":"Bane","floor":26,"key":"SMITH"},{"floor":28,"key":"REST"},{"data":"Calculated Gamble","floor":32,"key":"SMITH"},{"floor":34,"key":"REST"},{"floor":37,"key":"REST"},{"floor":38,"key":"REST"}],"circlet_count":0,"master_deck":["Strike_G","Strike_G+1","Strike_G","Strike_G+1","Defend_G","Defend_G","Defend_G","Defend_G","Defend_G","Survivor","Neutralize+1","Dark Shackles","Noxious Fumes","Bouncing Flask+1","All Out Attack","Escape Plan","Backstab","Corpse Explosion","Cloak And Dagger","Bane+1","Deflect","Dodge and Roll+1","Phantasmal Killer","Deadly Poison","Calculated Gamble+1","Bane","Slice","Catalyst","Setup+1"],"relics":["Ring of the Snake","Akabeko","reliquary:Aerogel","Shuriken","WristBlade","Whetstone","Paper Crane"],"acts_visited":["Exordium","TheCity"],"potions_floor_usage":[39],"damage_taken":[{"damage":6,"enemies":"2 Louse","floor":1,"turns":4},{"damage":4,"enemies":"infinitespire:Voidling","floor":5,"turns":4},{"damage":4,"enemies":"Jaw Worm","floor":6,"turns":2},{"damage":21,"enemies":"Gremlin Nob","floor":8,"turns":4},{"damage":3,"enemies":"Red Slaver","floor":12,"turns":2},{"damage":7,"enemies":"Large Slime","floor":14,"turns":4},{"damage":17,"enemies":"Lagavulin","floor":15,"turns":5},{"damage":0,"enemies":"Looter","floor":16,"turns":2},{"damage":8,"enemies":"Hexaghost","floor":19,"turns":8},{"damage":0,"enemies":"3 Byrds","floor":21,"turns":1},{"damage":0,"enemies":"2 Thieves","floor":24,"turns":1},{"damage":0,"enemies":"Snake Plant","floor":25,"turns":3},{"damage":28,"enemies":"Book of Stabbing","floor":27,"turns":6},{"damage":6,"enemies":"Centurion and Healer","floor":29,"turns":5},{"damage":7,"enemies":"Chosen and Byrds","floor":31,"turns":3},{"damage":16,"enemies":"Snecko","floor":33,"turns":4},{"damage":14,"enemies":"Shelled Parasite and Fungi","floor":35,"turns":3},{"damage":18,"enemies":"3 Cultists","floor":36,"turns":4},{"damage":88,"enemies":"Collector","floor":39,"turns":9}],"seed_played":"-8944040260490578783","potions_obtained":[{"floor":1,"key":"AttackPotion"},{"floor":5,"key":"Swift Potion"},{"floor":10,"key":"DuplicationPotion"},{"floor":10,"key":"DuplicationPotion"},{"floor":10,"key":"CultistPotion"}],"is_trial":false,"path_per_floor":["M","?","$","?","M","M","R","E","$","?","T","M","R","M","E","M","R","R","B",null,"M","?","$","M","M","R","E","R","M","T","M","R","M","R","M","M","R","R","B"],"character_chosen":"THE_SILENT","items_purchased":["Bouncing Flask","Corpse Explosion","Calculated Gamble","Bane"],"campfire_rested":6,"item_purchase_floors":[3,9,23,23],"current_hp_per_floor":[57,62,62,62,58,54,54,33,33,33,33,30,52,45,28,28,50,50,42,67,67,67,67,67,67,67,39,61,55,55,48,48,32,54,40,22,44,66,0,0],"gold":267,"neow_bonus":"RANDOM_COLORLESS","is_daily":false,"chose_seed":false,"campfire_upgraded":4,"win_rate":0.0,"timestamp":1612475559,"path_taken":["M","?","$","?","M","?","R","E","$","?","T","M","R","?","E","M","R","R","BOSS","M","?","$","M","M","R","E","R","M","T","M","R","M","R","M","M","R","R","BOSS"],"items_purchased_type":["Card","Card","Card","Card"],"build_version":"2020-12-22","purchased_purges":1,"victory":false,"max_hp_per_floor":[70,75,75,75,75,75,75,75,75,75,75,75,75,75,75,75,75,75,75,75,75,75,75,75,75,75,75,75,75,75,75,75,75,75,75,75,75,75,75,75],"relic_stats":{"counters":[19,74],"Shuriken":[14],"Whetstone":["Strike_G","Strike_G"],"obtain_stats":[{"WristBlade":20,"reliquary:Aerogel":11,"Shuriken":15,"Whetstone":27,"Paper Crane":30,"Akabeko":8,"Ring of the Snake":0},{"WristBlade":9,"reliquary:Aerogel":4,"Shuriken":7,"Whetstone":13,"Paper Crane":14,"Akabeko":4,"Ring of the Snake":0},{"WristBlade":35,"reliquary:Aerogel":14,"Shuriken":25,"Whetstone":46,"Paper Crane":51,"Akabeko":14,"Ring of the Snake":0}],"Ring of the Snake":[38]},"card_choices":[{"not_picked":["PanicButton","Good Instincts"],"picked":"Dark Shackles","floor":0},{"not_picked":["Heel Hook","Flechettes"],"picked":"Noxious Fumes","floor":1},{"not_picked":["Quick Slash","Flying Knee"],"picked":"All Out Attack","floor":5},{"not_picked":["Slice","Blade Dance"],"picked":"Escape Plan","floor":6},{"not_picked":["Flying Knee","Reflex"],"picked":"Backstab","floor":8},{"not_picked":["Caltrops","Slice"],"picked":"Cloak And Dagger","floor":12},{"not_picked":["PiercingWail","All Out Attack"],"picked":"Bane","floor":14},{"not_picked":["Eviscerate","Dagger Throw"],"picked":"Deflect","floor":15},{"not_picked":["Quick Slash","Dagger Throw"],"picked":"Dodge and Roll","floor":16},{"not_picked":["Venomology","Malaise"],"picked":"Phantasmal Killer","floor":19},{"not_picked":["Endless Agony+1","Dodge and Roll+1"],"picked":"Deadly Poison","floor":21},{"not_picked":["All Out Attack+1","Deadly Poison+1","Backflip"],"picked":"SKIP","floor":24},{"not_picked":["Setup","Calculated Gamble+1","Underhanded Strike"],"picked":"SKIP","floor":25},{"not_picked":["Endless Agony","A Thousand Cuts","Eviscerate"],"picked":"SKIP","floor":27},{"not_picked":["Masterful Stab","Deflect"],"picked":"Slice","floor":29},{"not_picked":["Flechettes","Distraction","Quick Slash"],"picked":"SKIP","floor":31},{"not_picked":["Outmaneuver","Bane+1"],"picked":"Catalyst","floor":33},{"not_picked":["Acrobatics","Eviscerate","Infinite Blades"],"picked":"SKIP","floor":35},{"not_picked":["Blur","Deadly Poison"],"picked":"Setup+1","floor":36}],"player_experience":1151363,"relics_obtained":[{"floor":8,"key":"Akabeko"},{"floor":11,"key":"reliquary:Aerogel"},{"floor":15,"key":"Shuriken"},{"floor":27,"key":"Whetstone"},{"floor":30,"key":"Paper Crane"}],"event_choices":[{"damage_healed":0,"gold_gain":0,"player_choice":"Donut","damage_taken":0,"max_hp_gain":5,"max_hp_loss":0,"event_name":"Big Fish","floor":2,"gold_loss":0},{"damage_healed":0,"gold_gain":0,"player_choice":"Upgraded","damage_taken":0,"max_hp_gain":0,"max_hp_loss":0,"event_name":"Upgrade Shrine","floor":4,"gold_loss":0,"cards_upgraded":["Bouncing Flask"]},{"damage_healed":0,"gold_gain":0,"player_choice":"Got Potions","damage_taken":0,"max_hp_gain":0,"max_hp_loss":0,"event_name":"Lab","floor":10,"gold_loss":0},{"damage_healed":0,"gold_gain":0,"player_choice":"Ignored","damage_taken":0,"max_hp_gain":0,"max_hp_loss":0,"event_name":"WeMeetAgain","floor":22,"gold_loss":0}],"is_beta":false,"boss_relics":[{"not_picked":["Philosopher\u0027s Stone","Velvet Choker"],"picked":"WristBlade"}],"items_purged_floors":[23],"is_endless":false,"potions_floor_spawned":[1,5,12,14,25,27,31,33,35],"killed_by":"Collector","ascension_level":7}}