{"host":"nuu0xlk1bpqu5s2n","time":1612437942,"event":{"mods":["AchievementEnabler","BaseMod","Minty Spire (QoL Compilation)","StSLib"],"gold_per_floor":[110,121,121,136,136,136,165,165,246,3,3,3,3],"floor_reached":12,"language":"ENG","playtime":461,"items_purged":["Strike_G"],"score":148,"play_id":"ce443760-2b33-4132-bcd9-296fca386048","local_time":"20210204132542","is_ascension_mode":true,"campfire_choices":[{"data":"Neutralize","floor":6,"key":"SMITH"},{"data":"Backstab","floor":8,"key":"SMITH"},{"floor":11,"key":"REST"}],"circlet_count":0,"master_deck":["AscendersBane","Strike_G","Strike_G","Strike_G","Defend_G","Defend_G","Defend_G","Defend_G","Defend_G","Survivor","Neutralize+1","Cloak And Dagger","Sucker Punch","Backstab+1","Endless Agony"],"relics":["Ring of the Snake","NeowsBlessing","Pen Nib","Kunai","ClockworkSouvenir"],"acts_visited":["Exordium"],"potions_floor_usage":[7],"damage_taken":[{"damage":0,"enemies":"Cultist","floor":1,"turns":1},{"damage":0,"enemies":"2 Louse","floor":2,"turns":1},{"damage":0,"enemies":"Small Slimes","floor":4,"turns":1},{"damage":41,"enemies":"3 Sentries","floor":7,"turns":10},{"damage":21,"enemies":"Lagavulin","floor":12,"turns":16}],"seed_played":"-3552635345559811730","potions_obtained":[{"floor":2,"key":"ColorlessPotion"}],"is_trial":false,"path_per_floor":["M","M","?","M","$","R","E","R","T","$","R","E"],"character_chosen":"THE_SILENT","items_purchased":["ClockworkSouvenir"],"campfire_rested":1,"item_purchase_floors":[10],"current_hp_per_floor":[59,59,59,59,59,59,18,18,18,18,37,16,16],"gold":3,"neow_bonus":"THREE_ENEMY_KILL","is_daily":false,"chose_seed":false,"campfire_upgraded":2,"win_rate":0.0,"timestamp":1612437942,"path_taken":["M","?","?","M","$","R","E","R","T","?","R","E"],"items_purchased_type":["Relic"],"build_version":"2020-12-22","purchased_purges":1,"victory":false,"max_hp_per_floor":[66,66,66,66,66,66,66,66,66,66,66,66,66],"card_choices":[{"not_picked":["Blade Dance","Quick Slash"],"picked":"Cloak And Dagger","floor":1},{"not_picked":["Flying Knee","Prepared"],"picked":"Sucker Punch","floor":2},{"not_picked":["Quick Slash","Dagger Spray"],"picked":"Backstab","floor":4},{"not_picked":["Flechettes","Distraction"],"picked":"Endless Agony","floor":7}],"player_experience":541401,"relics_obtained":[{"floor":7,"key":"Pen Nib"},{"floor":9,"key":"Kunai"}],"event_choices":[{"cards_removed":["Strike_G"],"damage_healed":0,"gold_gain":0,"player_choice":"Purged","damage_taken":0,"max_hp_gain":0,"max_hp_loss":0,"event_name":"Purifier","floor":3,"gold_loss":0}],"is_beta":false,"boss_relics":[],"items_purged_floors":[10],"is_endless":false,"potions_floor_spawned":[2],"killed_by":"Lagavulin","ascension_level":19}}