{"host":"4ih4fq53sefgqhvb","time":1612403897,"event":{"mods":["AchievementEnabler","Aspiration","Bard","BaseMod","BetterRewards","Colored Map","Colored Powertips","Conspire","Downfall","Googly Eyes","Hermit","Highlight Path","Hubris","Infinite Spire","Jedi Mod","Jorbs\u0027s Wanderer Trilogy","Marisa????????","Mimic Mod","Minty Spire (QoL Compilation)","Quick Restart","Relic Stats","Replay The Spire","Shop Mod","StSLib","The Animator","The Cursed","The Disciple","The Jungle","The Runesmith","The Servant 0.9.4"],"gold_per_floor":[0,10,30,48,67,67,67,67,67,97,113,129,35,485,497,600,600,300,320,331,276,276,276,276,276,293,303,303,56,73,91,107,107,107,107],"floor_reached":33,"language":"ENG","playtime":2207,"items_purged":["hubris:Envy"],"score":278,"play_id":"a3404fd5-864e-4797-90c9-2c846c3d6c17","local_time":"20210203175817","is_ascension_mode":false,"campfire_choices":[{"floor":1.0,"key":"RECALL"},{"data":"champ:BerserkersShout","floor":6.0,"key":"SMITH"},{"data":"champ:Taunt","floor":8.0,"key":"SMITH"},{"data":"champ:FanOfKnives","floor":18,"key":"SMITH"},{"data":"champ:BerserkerStyle","floor":25,"key":"SMITH"},{"floor":28,"key":"REST"}],"circlet_count":0,"master_deck":["champ:Strike","champ:Strike","champ:Strike","champ:Strike","champ:Defend","champ:Defend","champ:Defend","champ:Defend","champ:Execute","champ:Taunt+1","champ:BerserkersShout+1","champ:RisingSlash","champ:EnragedBash","champ:AdrenalArmor","champ:FanOfKnives+1","champ:FocusedBerserking","champ:PerfectedStrike","champ:EnchantSword+1","champ:BerserkerStyle+1","downfall:Icky","downfall:Icky","champ:StanceDance","champ:HeavySlash+1","champ:BladeFlurry+1","champ:ShieldSlam","champ:StanceDance","champ:StanceDance","champ:FaceSlap","champ:CrookedStrike","champ:Shatter","champ:PerfectedStrike"],"relics":["champ:ChampionCrown","Vajra","aspiration:SecretTechniqueScroll","downfall:HeartBlessingRed","downfall:HeartBlessingBlue","downfall:HeartBlessingGreen","Replay:Wax Seal","champ:BerserkersGuideToSlaughter"],"acts_visited":["Exordium","TheCity"],"potions_floor_usage":[16,16,20,27,29],"damage_taken":[{"damage":11.0,"enemies":"Jaw Worm","floor":2.0,"turns":4.0},{"damage":15.0,"enemies":"2 Louse","floor":3.0,"turns":3.0},{"damage":10.0,"enemies":"Small Slimes","floor":4.0,"turns":3.0},{"damage":38.0,"enemies":"Gremlin Gang","floor":5.0,"turns":5.0},{"damage":78.0,"enemies":"3 Sentries","floor":10.0,"turns":6.0},{"damage":1.0,"enemies":"Lots of Slimes","floor":11.0,"turns":2.0},{"damage":38.0,"enemies":"Red Slaver","floor":12.0,"turns":3.0},{"damage":55.0,"enemies":"downfall:FleeingMerchant","floor":13.0,"turns":4.0},{"damage":59.0,"enemies":"Large Slime","floor":15.0,"turns":5.0},{"damage":165,"enemies":"WA_ARCHETYPE_RETAIN","floor":16,"turns":11},{"damage":35,"enemies":"Chosen","floor":19,"turns":4},{"damage":123,"enemies":"3 Byrds","floor":20,"turns":6},{"damage":40,"enemies":"Snake Plant","floor":26,"turns":3},{"damage":66,"enemies":"Cultist and Chosen","floor":27,"turns":6},{"damage":47,"enemies":"downfall:FleeingMerchant","floor":29,"turns":4},{"damage":57,"enemies":"3 Cultists","floor":30,"turns":4},{"damage":20,"enemies":"Shelled Parasite and Fungi","floor":31,"turns":5},{"damage":21,"enemies":"Snake Plant","floor":32,"turns":3},{"damage":98,"enemies":"DF_ARCHETYPE_CLAW","floor":33,"turns":6}],"seed_played":"-8298926411365604562","potions_obtained":[{"floor":2.0,"key":"Adrenaline Potion"},{"floor":10.0,"key":"LiquidMemories"},{"floor":11.0,"key":"Regen Potion"},{"floor":12.0,"key":"GamblersBrew"},{"floor":15.0,"key":"Weak Potion"},{"floor":19,"key":"Swift Potion"},{"floor":20,"key":"SkillPotion"},{"floor":27,"key":"jedi:mysterypotion"},{"floor":31,"key":"Elixir"}],"is_trial":false,"path_per_floor":["R","M","M","M","M","R","T","R","?","E","M","M","$","?","M","B",null,"R","M","M","?","?","?","T","R","M","M","R","$","M","M","M","B"],"character_chosen":"THE_CHAMP","items_purchased":["champ:BerserkerStyle","champ:BerserkersGuideToSlaughter"],"campfire_rested":1,"item_purchase_floors":[13,29],"current_hp_per_floor":[108,107,107,107,104,104,104,104,104,86,85,82,86,86,86,11,108,118,118,78,98,98,98,98,98,68,40,75,75,77,69,55,0,0,0],"gold":107,"neow_bonus":"TWENTY_PERCENT_HP_BONUS","is_daily":false,"chose_seed":false,"campfire_upgraded":4,"win_rate":0.0,"timestamp":1612403897,"path_taken":["R","M","M","M","M","R","T","R","?","E","M","M","$","?","M","BOSS","R","M","M","?","?","?","T","R","M","?","R","$","M","M","M","BOSS"],"items_purchased_type":["Card","Relic"],"build_version":"2020-12-22","purchased_purges":1,"victory":false,"max_hp_per_floor":[108,108,108,108,108,108,108,108,108,108,108,108,108,108,108,108,108,118,118,118,118,118,118,118,118,118,118,118,118,118,118,118,118,118,118],"relic_stats":{"counters":[19,87],"obtain_stats":[{"downfall:HeartBlessingRed":18,"downfall:HeartBlessingBlue":18,"Vajra":10,"champ:ChampionCrown":0,"downfall:HeartBlessingGreen":18,"aspiration:SecretTechniqueScroll":17,"champ:BerserkersGuideToSlaughter":29,"Replay:Wax Seal":24},{"downfall:HeartBlessingRed":10,"downfall:HeartBlessingBlue":10,"Vajra":5,"champ:ChampionCrown":0,"downfall:HeartBlessingGreen":10,"aspiration:SecretTechniqueScroll":10,"champ:BerserkersGuideToSlaughter":15,"Replay:Wax Seal":12},{"downfall:HeartBlessingRed":46,"downfall:HeartBlessingBlue":46,"Vajra":21,"champ:ChampionCrown":0,"downfall:HeartBlessingGreen":46,"aspiration:SecretTechniqueScroll":46,"champ:BerserkersGuideToSlaughter":69,"Replay:Wax Seal":56}]},"card_choices":[{"not_picked":["champ:Backstep","champ:SetATrap"],"picked":"champ:BerserkersShout","floor":2.0},{"not_picked":["champ:DefensiveStyle","champ:SetATrap"],"picked":"champ:RisingSlash","floor":3.0},{"not_picked":["champ:BringItOn","champ:Shatter"],"picked":"champ:EnragedBash","floor":4.0},{"not_picked":["champ:Encircle","champ:Circumvent"],"picked":"champ:AdrenalArmor","floor":5.0},{"not_picked":["champ:AdrenalArmor","champ:ArenaPreparation"],"picked":"champ:FanOfKnives","floor":10.0},{"not_picked":["champ:BerserkerStyle","champ:StrikeOfGenius"],"picked":"champ:FocusedBerserking","floor":11.0},{"not_picked":["champ:Backstep","champ:BringItOn"],"picked":"champ:PerfectedStrike","floor":12.0},{"not_picked":["champ:Backstep","champ:PerfectedStrike"],"picked":"champ:EnchantSword","floor":13.0},{"not_picked":["champ:PerfectedStrike","champ:FalseCounter"],"picked":"champ:StanceDance","floor":15.0},{"not_picked":["champ:GladiatorForm","champ:SwordThrow"],"picked":"champ:HeavySlash","floor":16},{"not_picked":["champ:ViciousMockery","champ:DeathBlow"],"picked":"champ:BladeFlurry+1","floor":19},{"not_picked":["champ:ShieldWall+1","champ:FanOfKnives+1"],"picked":"champ:ShieldSlam","floor":20},{"not_picked":["champ:ViciousMockery","champ:BerserkersShout+1"],"picked":"champ:StanceDance","floor":26},{"not_picked":["champ:PreciseThrust","champ:PreemptiveStrike"],"picked":"champ:StanceDance","floor":27},{"not_picked":["champ:ShieldThrow","champ:GladiatorStyle"],"picked":"champ:FaceSlap","floor":29},{"not_picked":["champ:Backstep","champ:GutPunch"],"picked":"champ:CrookedStrike","floor":30},{"not_picked":["champ:PerfectedStrike","champ:RisingSlash+1"],"picked":"champ:Shatter","floor":31},{"not_picked":["champ:Shatter","champ:Parry"],"picked":"champ:PerfectedStrike","floor":32}],"player_experience":972431,"relics_obtained":[{"floor":10.0,"key":"Vajra"},{"floor":24,"key":"Replay:Wax Seal"}],"event_choices":[{"damage_healed":0.0,"max_hp_gain":0.0,"max_hp_loss":0.0,"gold_gain":0.0,"event_name":"conspire:LoneGhost","player_choice":"Disagree","floor":9.0,"gold_loss":0.0,"damage_taken":0.0}],"is_beta":false,"boss_relics":[{"not_picked":["Replay:Wanted Poster","Replay:Fungal Core"],"picked":"aspiration:SecretTechniqueScroll"}],"items_purged_floors":[29],"is_endless":false,"potions_floor_spawned":[2,10,11,12,15,19,20,27,31],"killed_by":"DF_ARCHETYPE_CLAW","ascension_level":0}}