{"host":"xg4r5pv6chpuampg","time":1612448263,"event":{"mods":["AchievementEnabler","BaseMod","Googly Eyes","Minty Spire (QoL Compilation)"],"gold_per_floor":[118,19,36,13,13,51,51,51,78,99,123,123,170,190,190,318,318,343,2,101,101,101,101,91,91,116,116,136,86,109,134,134,134,134],"floor_reached":33,"language":"ENG","playtime":2302,"items_purged":[],"score":295,"play_id":"13c304e5-e778-4d61-ac63-5ecba181e92f","local_time":"20210204171743","is_ascension_mode":false,"campfire_choices":[{"floor":8,"key":"RECALL"},{"floor":12,"key":"REST"},{"floor":15,"key":"REST"},{"data":"Vault","floor":23,"key":"SMITH"},{"data":"Prostrate","floor":25,"key":"SMITH"},{"floor":32,"key":"REST"}],"circlet_count":0,"master_deck":["Strike_P+1","Strike_P+1","Strike_P+1","Strike_P+1","Defend_P+1","Defend_P+1","Defend_P+1","Defend_P+1","Eruption","Vigilance","Worship","Prostrate+1","Injury","EmptyBody","FlurryOfBlows","SandsOfTime","EmptyFist","Vault+1","Pray","Writhe","CutThroughFate","Pray","Halt+1"],"relics":["PureWater","Golden Idol","Bottled Lightning","Regal Pillow","Busted Crown","TungstenRod","White Beast Statue","Mango","Tiny Chest"],"acts_visited":["Exordium","TheCity"],"potions_floor_usage":[2,6,11,16,16,16,16,16,33],"damage_taken":[{"damage":1,"enemies":"Jaw Worm","floor":1,"turns":4},{"damage":3,"enemies":"Small Slimes","floor":3,"turns":4},{"damage":41,"enemies":"Lagavulin","floor":6,"turns":6},{"damage":8,"enemies":"2 Louse","floor":10,"turns":3},{"damage":5,"enemies":"Looter","floor":11,"turns":5},{"damage":15,"enemies":"2 Fungi Beasts","floor":14,"turns":5},{"damage":16,"enemies":"The Guardian","floor":16,"turns":11},{"damage":4,"enemies":"Chosen","floor":18,"turns":5},{"damage":26,"enemies":"2 Thieves","floor":24,"turns":5},{"damage":31,"enemies":"Cultist and Chosen","floor":28,"turns":8},{"damage":16,"enemies":"Chosen and Byrds","floor":30,"turns":6},{"damage":14,"enemies":"Shelled Parasite and Fungi","floor":31,"turns":5},{"damage":104,"enemies":"Automaton","floor":33,"turns":11}],"seed_played":"-8328797492788914298","potions_obtained":[{"floor":1,"key":"SteroidPotion"},{"floor":3,"key":"Energy Potion"},{"floor":6,"key":"Weak Potion"},{"floor":11,"key":"EntropicBrew"},{"floor":24,"key":"SteroidPotion"},{"floor":28,"key":"Block Potion"},{"floor":30,"key":"Block Potion"},{"floor":31,"key":"FairyPotion"}],"is_trial":false,"path_per_floor":["M","$","M","?","?","E","?","R","T","M","M","R","T","M","R","B",null,"M","$","?","?","T","R","M","R","T","?","M","?","M","M","R","B"],"character_chosen":"WATCHER","items_purchased":["Fruit Juice","TungstenRod","Pray"],"campfire_rested":3,"item_purchase_floors":[2,19,19],"current_hp_per_floor":[78,83,80,80,80,39,44,44,44,36,31,57,57,42,83,67,89,85,85,85,85,99,99,73,73,73,73,42,42,26,12,57,0,0],"gold":134,"neow_bonus":"TEN_PERCENT_HP_BONUS","is_daily":false,"chose_seed":false,"campfire_upgraded":2,"win_rate":0.0,"timestamp":1612448263,"path_taken":["M","$","M","?","?","E","?","R","T","M","M","R","?","M","R","BOSS","M","$","?","?","?","R","?","R","T","?","M","?","M","?","R","BOSS"],"items_purchased_type":["Potion","Relic","Card"],"build_version":"2020-12-22","purchased_purges":0,"victory":false,"max_hp_per_floor":[79,84,84,84,84,84,89,89,89,89,89,89,89,89,89,89,89,89,89,89,89,103,103,103,103,103,103,103,103,103,103,103,103,103],"card_choices":[{"not_picked":["Perseverance","Weave"],"picked":"Worship","floor":1},{"not_picked":["Adaptation","Crescendo"],"picked":"Prostrate","floor":3},{"not_picked":["FlyingSleeves","FollowUp"],"picked":"EmptyBody","floor":6},{"not_picked":["JustLucky","Sanctity"],"picked":"FlurryOfBlows","floor":10},{"not_picked":["DeceiveReality","JustLucky"],"picked":"SandsOfTime","floor":11},{"not_picked":["ThirdEye","FollowUp"],"picked":"EmptyFist","floor":14},{"not_picked":["LessonLearned","DevaForm"],"picked":"Vault","floor":16},{"not_picked":["CutThroughFate"],"picked":"SKIP","floor":18},{"not_picked":[],"picked":"CutThroughFate","floor":24},{"not_picked":[],"picked":"Pray","floor":28},{"not_picked":[],"picked":"Halt+1","floor":30},{"not_picked":["FollowUp"],"picked":"SKIP","floor":31}],"player_experience":69866,"relics_obtained":[{"floor":6,"key":"Bottled Lightning"},{"floor":13,"key":"Regal Pillow"},{"floor":22,"key":"Mango"},{"floor":26,"key":"Tiny Chest"}],"event_choices":[{"damage_healed":0,"gold_gain":0,"player_choice":"Left Gold","damage_taken":0,"max_hp_gain":0,"max_hp_loss":0,"event_name":"World of Goop","floor":4,"gold_loss":23},{"damage_healed":0,"gold_gain":0,"player_choice":"Take Wound","damage_taken":0,"relics_obtained":["Golden Idol"],"max_hp_gain":0,"max_hp_loss":0,"event_name":"Golden Idol","floor":5,"gold_loss":0,"cards_obtained":["Injury"]},{"damage_healed":0,"gold_gain":0,"player_choice":"Donut","damage_taken":0,"max_hp_gain":5,"max_hp_loss":0,"event_name":"Big Fish","floor":7,"gold_loss":0},{"damage_healed":0,"gold_gain":99,"player_choice":"Stole From Cult","damage_taken":0,"max_hp_gain":0,"max_hp_loss":0,"event_name":"Nest","floor":20,"gold_loss":0},{"damage_healed":0,"gold_gain":0,"player_choice":"Opened","damage_taken":0,"relics_obtained":["White Beast Statue"],"max_hp_gain":0,"max_hp_loss":0,"event_name":"The Mausoleum","floor":21,"gold_loss":0,"cards_obtained":["Writhe"]},{"damage_healed":0,"gold_gain":0,"player_choice":"Simplicity","damage_taken":0,"max_hp_gain":0,"max_hp_loss":0,"event_name":"Back to Basics","floor":27,"gold_loss":0,"cards_upgraded":["Strike_P","Strike_P","Strike_P","Strike_P","Defend_P","Defend_P","Defend_P","Defend_P"]},{"damage_healed":0,"gold_gain":0,"player_choice":"Bet on Murderer","damage_taken":0,"max_hp_gain":0,"max_hp_loss":0,"event_name":"The Joust","floor":29,"gold_loss":50}],"is_beta":false,"boss_relics":[{"not_picked":["Pandora\u0027s Box","SacredBark"],"picked":"Busted Crown"}],"items_purged_floors":[],"is_endless":false,"potions_floor_spawned":[1,3,6,11,24,28,30,31],"killed_by":"Automaton","ascension_level":0}}