{"host":"b34lfm0pg36jv5no","time":1612478425,"event":{"mods":["BaseMod","Bestiary","Colored Map","Dark Map","Minty Spire (QoL Compilation)","Relic Stats","ojb\u0027s Info Mod"],"gold_per_floor":[117,117,42,59,59,91,91,124,124,134,134,34,34,66,66,168,168,178,196,295,210,224,254,254,354,427,440,467,483,483,508,508,611,611,626,643,654,671,41,41,70,82,82,107,107,138,157,168,168,168,168,168,65,100,100,100],"floor_reached":55,"language":"ENG","playtime":6753,"items_purged":["Regret","Strike_B","Strike_B"],"score":1133,"play_id":"4f533bb5-b46a-4233-b275-d08490eb4562","local_time":"20210204224025","is_ascension_mode":true,"campfire_choices":[{"data":"Doom and Gloom","floor":7,"key":"SMITH"},{"data":"Sweeping Beam","floor":11,"key":"SMITH"},{"data":"Rip and Tear","floor":13,"key":"SMITH"},{"data":"Defend_B","floor":15,"key":"SMITH"},{"data":"Biased Cognition","floor":24,"key":"SMITH"},{"data":"Conserve Battery","floor":30,"key":"SMITH"},{"floor":32,"key":"REST"},{"data":"Buffer","floor":40,"key":"SMITH"},{"data":"Multi-Cast","floor":45,"key":"SMITH"},{"floor":49,"key":"RECALL"},{"data":"Hologram","floor":52,"key":"SMITH"}],"circlet_count":0,"master_deck":["Strike_B","Strike_B","Defend_B+1","Defend_B+1","Zap+1","Dualcast","Doom and Gloom+1","Rip and Tear+1","Sunder+1","Sweeping Beam+1","Biased Cognition+1","Compile Driver","Core Surge","Consume+1","Conserve Battery+1","Multi-Cast+1","Rainbow","Loop+1","Reinforced Body+1","Coolheaded","Force Field+1","Stack+1","Buffer+1","Doom and Gloom+1","Force Field","Fusion","Hologram+1","Aggregate+1","Core Surge"],"relics":["Cracked Core","Regal Pillow","CaptainsWheel","FossilizedHelix","Snecko Eye","War Paint","PreservedInsect","The Courier","Dead Branch","Torii","Cursed Key","Orrery","Kunai","HornCleat","Calipers","MealTicket","Ornamental Fan","Mercury Hourglass"],"acts_visited":["Exordium","TheCity","TheBeyond","TheEnding"],"potions_floor_usage":[6,10,19,28,55,55,55],"damage_taken":[{"damage":5,"enemies":"Small Slimes","floor":1,"turns":2},{"damage":0,"enemies":"Cultist","floor":4,"turns":2},{"damage":0,"enemies":"Gremlin Nob","floor":6,"turns":2},{"damage":5,"enemies":"3 Sentries","floor":8,"turns":3},{"damage":0,"enemies":"Jaw Worm","floor":10,"turns":1},{"damage":8,"enemies":"Gremlin Nob","floor":14,"turns":3},{"damage":0,"enemies":"Slime Boss","floor":16,"turns":5},{"damage":0,"enemies":"Spheric Guardian","floor":18,"turns":2},{"damage":0,"enemies":"3 Byrds","floor":19,"turns":2},{"damage":0,"enemies":"Snecko","floor":22,"turns":3},{"damage":14,"enemies":"Book of Stabbing","floor":23,"turns":3},{"damage":0,"enemies":"Sentry and Sphere","floor":27,"turns":3},{"damage":21,"enemies":"Slavers","floor":28,"turns":4},{"damage":0,"enemies":"3 Cultists","floor":29,"turns":3},{"damage":0,"enemies":"Book of Stabbing","floor":31,"turns":2},{"damage":24,"enemies":"Champ","floor":33,"turns":7},{"damage":8,"enemies":"3 Darklings","floor":35,"turns":4},{"damage":0,"enemies":"Orb Walker","floor":36,"turns":3},{"damage":0,"enemies":"3 Darklings","floor":37,"turns":3},{"damage":11,"enemies":"4 Shapes","floor":38,"turns":4},{"damage":0,"enemies":"Reptomancer","floor":41,"turns":5},{"damage":0,"enemies":"Jaw Worm Horde","floor":42,"turns":4},{"damage":0,"enemies":"Nemesis","floor":44,"turns":3},{"damage":0,"enemies":"Giant Head","floor":46,"turns":6},{"damage":0,"enemies":"Writhing Mass","floor":47,"turns":6},{"damage":0,"enemies":"Spire Growth","floor":48,"turns":4},{"damage":22,"enemies":"Awakened One","floor":50,"turns":19},{"damage":24,"enemies":"Shield and Spear","floor":54,"turns":6},{"damage":56,"enemies":"The Heart","floor":55,"turns":11}],"seed_played":"5666537723725200468","potions_obtained":[{"floor":2,"key":"SneckoOil"},{"floor":2,"key":"Fire Potion"},{"floor":2,"key":"Regen Potion"},{"floor":6,"key":"FocusPotion"},{"floor":10,"key":"Fire Potion"},{"floor":19,"key":"SpeedPotion"},{"floor":28,"key":"BlessingOfTheForge"},{"floor":31,"key":"EssenceOfDarkness"}],"is_trial":false,"path_per_floor":["M","?","$","M","?","E","R","E","T","M","R","$","R","E","R","B",null,"M","M","?","?","M","E","R","?","T","M","E","M","R","E","R","B",null,"M","M","M","M","$","R","E","M","T","E","R","E","M","M","R","B",null,"R","$","E","B"],"character_chosen":"DEFECT","items_purchased":["Orrery","Kunai","HornCleat","LiquidMemories","Dexterity Potion"],"campfire_rested":1,"item_purchase_floors":[39,39,39,53,53],"current_hp_per_floor":[70,70,70,70,70,70,70,65,65,65,65,65,65,57,57,57,75,75,75,75,75,75,61,61,61,61,61,49,49,49,49,75,51,75,67,67,67,56,56,56,56,56,56,56,56,56,56,56,56,34,75,75,75,51,0,0],"gold":100,"neow_bonus":"TRANSFORM_TWO_CARDS","is_daily":false,"chose_seed":false,"campfire_upgraded":9,"win_rate":0.0,"timestamp":1612478425,"path_taken":["M","?","$","?","?","E","R","E","T","?","R","?","R","E","R","BOSS","M","M","?","?","M","E","R","?","T","M","E","?","R","E","R","BOSS","M","?","M","M","$","R","E","M","T","E","R","E","M","M","R","BOSS","R","$","E","BOSS"],"items_purchased_type":["Relic","Relic","Relic","Potion","Potion"],"build_version":"2020-12-22","purchased_purges":3,"victory":false,"max_hp_per_floor":[75,75,75,75,75,75,75,75,75,75,75,75,75,75,75,75,75,75,75,75,75,75,75,75,75,75,75,75,75,75,75,75,75,75,75,75,75,75,75,75,75,75,75,75,75,75,75,75,75,75,75,75,75,75,75,75],"relic_stats":{"Regal Pillow":4,"Torii":28,"counters":[29,125],"Dead Branch":[42],"PreservedInsect":379,"War Paint":["Zap","Defend_B"],"Cursed Key":0,"Mercury Hourglass":[33],"Ornamental Fan":[20],"Snecko Eye":[199,185,164,206],"MealTicket":0,"Kunai":[10],"obtain_stats":[{"Regal Pillow":6,"Calipers":41,"Torii":31,"Dead Branch":28,"PreservedInsect":23,"The Courier":26,"War Paint":21,"Cursed Key":34,"Mercury Hourglass":54,"CaptainsWheel":8,"HornCleat":39,"Ornamental Fan":46,"Snecko Eye":17,"Orrery":39,"MealTicket":44,"Kunai":39,"Cracked Core":0,"FossilizedHelix":14},{"Regal Pillow":3,"Calipers":21,"Torii":15,"Dead Branch":13,"PreservedInsect":11,"The Courier":11,"War Paint":9,"Cursed Key":16,"Mercury Hourglass":28,"CaptainsWheel":4,"HornCleat":20,"Ornamental Fan":24,"Snecko Eye":7,"Orrery":20,"MealTicket":23,"Kunai":20,"Cracked Core":0,"FossilizedHelix":6},{"Regal Pillow":6,"Calipers":66,"Torii":40,"Dead Branch":35,"PreservedInsect":28,"The Courier":28,"War Paint":22,"Cursed Key":47,"Mercury Hourglass":114,"CaptainsWheel":9,"HornCleat":61,"Ornamental Fan":79,"Snecko Eye":18,"Orrery":61,"MealTicket":73,"Kunai":61,"Cracked Core":0,"FossilizedHelix":13}]},"card_choices":[{"not_picked":["Rip and Tear","Compile Driver"],"picked":"Sunder","floor":1},{"not_picked":["Leap","Rebound"],"picked":"Sweeping Beam","floor":4},{"not_picked":["White Noise","Fusion","Gash"],"picked":"SKIP","floor":6},{"not_picked":["Double Energy","Steam","Beam Cell"],"picked":"SKIP","floor":8},{"not_picked":["Double Energy","Coolheaded","Streamline"],"picked":"SKIP","floor":10},{"not_picked":["Ball Lightning","Rip and Tear","Blizzard"],"picked":"SKIP","floor":14},{"not_picked":["Creative AI","Electrodynamics"],"picked":"Biased Cognition","floor":16},{"not_picked":["Turbo","Leap"],"picked":"Compile Driver","floor":18},{"not_picked":["Static Discharge","Storm","Redo"],"picked":"SKIP","floor":19},{"not_picked":["Steam","Redo","Gash+1"],"picked":"SKIP","floor":22},{"not_picked":["Melter","Darkness"],"picked":"Core Surge","floor":23},{"not_picked":["White Noise","Darkness"],"picked":"Consume+1","floor":27},{"not_picked":["Rebound","Heatsinks","Redo"],"picked":"SKIP","floor":28},{"not_picked":["Redo","Heatsinks+1"],"picked":"Conserve Battery","floor":29},{"not_picked":["Compile Driver","Self Repair"],"picked":"Multi-Cast","floor":31},{"not_picked":["Creative AI","Multi-Cast"],"picked":"Rainbow","floor":33},{"not_picked":["Sunder","Gash"],"picked":"Loop+1","floor":35},{"not_picked":["Capacitor","Genetic Algorithm"],"picked":"Reinforced Body+1","floor":36},{"not_picked":["Sweeping Beam+1","White Noise","Barrage"],"picked":"SKIP","floor":37},{"not_picked":["Recycle+1","Turbo"],"picked":"Coolheaded","floor":38},{"not_picked":["Thunder Strike","Barrage"],"picked":"Force Field+1","floor":39},{"not_picked":["Conserve Battery","Redo+1"],"picked":"Stack+1","floor":39},{"not_picked":["Stack+1","Darkness+1"],"picked":"Buffer","floor":39},{"not_picked":["Rip and Tear+1","BootSequence+1"],"picked":"Doom and Gloom+1","floor":39},{"not_picked":["Redo","Loop+1","Go for the Eyes+1"],"picked":"SKIP","floor":41},{"not_picked":["Leap","Rip and Tear+1"],"picked":"Force Field","floor":42},{"not_picked":["Cold Snap","Coolheaded+1"],"picked":"Fusion","floor":44},{"not_picked":["Leap+1","Fusion+1"],"picked":"Hologram","floor":46},{"not_picked":["Cold Snap","Beam Cell"],"picked":"Aggregate+1","floor":47},{"not_picked":["Redo+1","Compile Driver","Leap"],"picked":"SKIP","floor":48},{"not_picked":["Steam Power","Redo+1"],"picked":"Core Surge","floor":54}],"player_experience":2587631,"relics_obtained":[{"floor":6,"key":"Regal Pillow"},{"floor":8,"key":"CaptainsWheel"},{"floor":14,"key":"FossilizedHelix"},{"floor":23,"key":"PreservedInsect"},{"floor":26,"key":"The Courier"},{"floor":28,"key":"Dead Branch"},{"floor":31,"key":"Torii"},{"floor":41,"key":"Calipers"},{"floor":44,"key":"MealTicket"},{"floor":46,"key":"Ornamental Fan"},{"floor":54,"key":"Mercury Hourglass"}],"event_choices":[{"damage_healed":0,"gold_gain":0,"player_choice":"Got Potions","damage_taken":0,"max_hp_gain":0,"max_hp_loss":0,"event_name":"Lab","floor":2,"gold_loss":0},{"damage_healed":0,"gold_gain":0,"player_choice":"Upgraded","damage_taken":0,"max_hp_gain":0,"max_hp_loss":0,"event_name":"Upgrade Shrine","floor":5,"gold_loss":0,"cards_upgraded":["Sunder"]},{"damage_healed":0,"gold_gain":99,"player_choice":"Stole From Cult","damage_taken":0,"max_hp_gain":0,"max_hp_loss":0,"event_name":"Nest","floor":20,"gold_loss":0},{"damage_healed":0,"gold_gain":0,"player_choice":"Obtained Relic","damage_taken":0,"relics_obtained":["War Paint"],"max_hp_gain":0,"max_hp_loss":0,"event_name":"Addict","floor":21,"gold_loss":85},{"damage_healed":0,"gold_gain":100,"player_choice":"Pray","damage_taken":0,"max_hp_gain":0,"max_hp_loss":0,"event_name":"Golden Shrine","floor":25,"gold_loss":0}],"is_beta":false,"boss_relics":[{"not_picked":["Black Star","Velvet Choker"],"picked":"Snecko Eye"},{"not_picked":["Runic Pyramid","Fusion Hammer"],"picked":"Cursed Key"}],"items_purged_floors":[3,12,39],"is_endless":false,"potions_floor_spawned":[6,10,19,28,31,36,41,42,47],"killed_by":"The Heart","ascension_level":3}}