{"host":"nw4g04f085wnqcgt","time":1612482509,"event":{"mods":["AchievementEnabler","BaseMod","Colored Map","Colored Powertips","DeckTracker","Minty Spire (QoL Compilation)","Relic Sorter","SuperFastMode"],"gold_per_floor":[110,110,185,185,208,252,252,267,290,290,47,78,101,119,119,249,249,270,288,1,0,0,0,20,20,94,94,107,30,64,88,88,88,88],"floor_reached":33,"language":"ENG","playtime":1410,"items_purged":[],"score":289,"play_id":"cc2cc6ba-1f51-426e-afb0-628e20ffbdb1","local_time":"20210204184829","is_ascension_mode":true,"campfire_choices":[{"data":"Eruption","floor":7,"key":"SMITH"},{"data":"BattleHymn","floor":10,"key":"SMITH"},{"floor":15,"key":"REST"},{"data":"Vigilance","floor":23,"key":"SMITH"},{"data":"Halt","floor":25,"key":"SMITH"},{"floor":32,"key":"REST"}],"circlet_count":0,"master_deck":["Strike_P","Strike_P","Defend_P","Eruption+1","Vigilance+1","Sanctity","Halt+1","BattleHymn+1","EmptyMind","Halt+1","Blasphemy+1","Ragnarok+1","FlurryOfBlows+1","EmptyMind+1","FearNoEvil+1","ThirdEye+1","ClearTheMind+1","Indignation+1"],"relics":["PureWater","Golden Idol","Ancient Tea Set","Blood Vial","Toxic Egg 2","Odd Mushroom","Oddly Smooth Stone","Astrolabe","Ginger","Pear","Prayer Wheel","PreservedInsect"],"acts_visited":["Exordium","TheCity"],"potions_floor_usage":[12,12,14,16,18,24,28],"damage_taken":[{"damage":0,"enemies":"Small Slimes","floor":1,"turns":5},{"damage":0,"enemies":"2 Louse","floor":5,"turns":5},{"damage":18,"enemies":"Lagavulin","floor":6,"turns":4},{"damage":0,"enemies":"Jaw Worm","floor":8,"turns":2},{"damage":0,"enemies":"The Mushroom Lair","floor":12,"turns":2},{"damage":1,"enemies":"Lots of Slimes","floor":14,"turns":5},{"damage":40,"enemies":"Hexaghost","floor":16,"turns":6},{"damage":0,"enemies":"3 Byrds","floor":18,"turns":2},{"damage":1,"enemies":"Chosen","floor":19,"turns":3},{"damage":0,"enemies":"Centurion and Healer","floor":24,"turns":3},{"damage":0,"enemies":"Snecko","floor":28,"turns":3},{"damage":43,"enemies":"Slavers","floor":30,"turns":3},{"damage":10,"enemies":"Sentry and Sphere","floor":31,"turns":3},{"damage":61,"enemies":"Collector","floor":33,"turns":7}],"seed_played":"-2255206911637616111","potions_obtained":[{"floor":6,"key":"Regen Potion"},{"floor":8,"key":"LiquidMemories"},{"floor":12,"key":"StancePotion"},{"floor":14,"key":"PowerPotion"},{"floor":16,"key":"Swift Potion"},{"floor":18,"key":"Weak Potion"},{"floor":24,"key":"PowerPotion"}],"is_trial":false,"path_per_floor":["M","?","?","?","M","E","R","M","T","R","$","?","T","M","R","B",null,"M","M","$","?","$","R","M","R","T","?","M","$","E","M","R","B"],"character_chosen":"WATCHER","items_purchased":["Toxic Egg 2","Ginger","Indignation+1"],"campfire_rested":2,"item_purchase_floors":[11,20,29],"current_hp_per_floor":[65,60,49,49,49,31,31,31,31,31,31,33,33,34,52,14,60,60,59,59,59,59,59,60,60,70,70,70,70,27,19,40,0,0],"gold":88,"neow_bonus":"TRANSFORM_TWO_CARDS","is_daily":false,"chose_seed":false,"campfire_upgraded":4,"win_rate":0.0,"timestamp":1612482509,"path_taken":["M","?","?","?","M","E","R","M","T","R","$","?","?","?","R","BOSS","M","M","?","?","$","R","M","R","T","?","M","$","E","M","R","BOSS"],"items_purchased_type":["Relic","Relic","Card"],"build_version":"2020-12-22","purchased_purges":0,"victory":false,"max_hp_per_floor":[65,60,60,60,60,60,60,60,60,60,60,60,60,60,60,60,60,60,60,60,60,60,60,60,60,70,70,70,70,70,70,70,70,70],"card_choices":[{"not_picked":["Evaluate","EmptyBody"],"picked":"Halt","floor":1},{"not_picked":["EmptyBody","CrushJoints"],"picked":"BattleHymn","floor":5},{"not_picked":["Omniscience","CrushJoints"],"picked":"EmptyMind","floor":6},{"not_picked":["SashWhip","CrushJoints","SignatureMove"],"picked":"SKIP","floor":8},{"not_picked":["JustLucky","Consecrate"],"picked":"Halt+1","floor":12},{"not_picked":["FollowUp","FlyingSleeves","SashWhip"],"picked":"SKIP","floor":14},{"not_picked":["Judgement+1","Brilliance"],"picked":"Blasphemy+1","floor":16},{"not_picked":["FlurryOfBlows","EmptyBody+1","Consecrate"],"picked":"SKIP","floor":18},{"not_picked":["Protect+1","EmptyFist+1","FollowUp"],"picked":"SKIP","floor":19},{"not_picked":["Wallop+1","SashWhip"],"picked":"FearNoEvil+1","floor":24},{"not_picked":["Crescendo+1","FollowUp"],"picked":"ThirdEye+1","floor":28},{"not_picked":["Halt+1","DevaForm"],"picked":"ClearTheMind+1","floor":28},{"not_picked":["Prostrate+1","Judgement+1","PathToVictory+1"],"picked":"SKIP","floor":30},{"not_picked":["EmptyBody+1","EmptyFist","FlyingSleeves"],"picked":"SKIP","floor":31},{"not_picked":["FlyingSleeves+1","ThirdEye+1","SashWhip"],"picked":"SKIP","floor":31}],"player_experience":412418,"relics_obtained":[{"floor":6,"key":"Ancient Tea Set"},{"floor":9,"key":"Blood Vial"},{"floor":12,"key":"Odd Mushroom"},{"floor":13,"key":"Oddly Smooth Stone"},{"floor":26,"key":"Pear"},{"floor":27,"key":"Prayer Wheel"},{"floor":30,"key":"PreservedInsect"}],"event_choices":[{"damage_healed":0,"gold_gain":0,"player_choice":"Lose Max HP","damage_taken":0,"relics_obtained":["Golden Idol"],"max_hp_gain":0,"max_hp_loss":5,"event_name":"Golden Idol","floor":2,"gold_loss":0},{"damage_healed":0,"gold_gain":75,"player_choice":"Gather Gold","damage_taken":11,"max_hp_gain":0,"max_hp_loss":0,"event_name":"World of Goop","floor":3,"gold_loss":0},{"cards_removed":["DevaForm"],"damage_healed":0,"gold_gain":0,"player_choice":"Forget","damage_taken":0,"max_hp_gain":0,"max_hp_loss":0,"event_name":"Living Wall","floor":4,"gold_loss":0},{"damage_healed":0,"gold_gain":0,"player_choice":"Fought Mushrooms","damage_taken":0,"max_hp_gain":0,"max_hp_loss":0,"event_name":"Mushrooms","floor":12,"gold_loss":0},{"damage_healed":0,"gold_gain":0,"player_choice":"Paid Fearfully","damage_taken":0,"max_hp_gain":0,"max_hp_loss":0,"event_name":"Masked Bandits","floor":21,"gold_loss":1},{"damage_healed":0,"gold_gain":0,"player_choice":"Relic","damage_taken":0,"max_hp_gain":0,"max_hp_loss":0,"event_name":"Wheel of Change","floor":27,"gold_loss":0}],"is_beta":false,"boss_relics":[{"not_picked":["Empty Cage","Philosopher\u0027s Stone"],"picked":"Astrolabe"}],"items_purged_floors":[],"is_endless":false,"potions_floor_spawned":[6,8,12,14,16,18,24],"killed_by":"Collector","ascension_level":2}}