{"host":"dhbelfuuk89i1oub","time":1612428765,"event":{"mods":["AchievementEnabler","Act Like it!","Aspiration","BaseMod","Better Match","Better Third Choice","BetterRewards","Colored Map","Colored Powertips","Conspire","Energized Spire","Friendly Minions","GifTheSpireLib","Hallownest","Infinite Spire","Jedi Mod","Minty Spire (QoL Compilation)","Relic Filter","Relic Sorter","Reliquary","Replay The Spire","Spikes Relics","Spire Arcade","StSLib","Stuff the Spire","The Animator","The Cursed","The Dragon Tamer","The Judge","The Senshi","The Witch"],"gold_per_floor":[109,9,9,9,26,26,58,58,58,58,75,94,106,106,106,201,201,217,142,142,142,142,142,152,185,185,214,228,83,38,50,50,149,249,269,288,288,307,307,307,335,335,362,362,377,17,17,33,33,33,33,33,33,60,60],"floor_reached":56,"language":"ENG","playtime":4318,"items_purged":["Writhe","DTMod:BlazingStrike","DTMod:Strike","StuffTheSpire:Python"],"score":1599,"play_id":"4a57d9e9-9dfa-4e42-a6a8-5c64839f4db0","local_time":"20210204165245","is_ascension_mode":true,"metric_token":2003,"campfire_choices":[{"data":"Endless Agony","floor":6.0,"key":"SMITH"},{"data":"DTMod:HeatWave","floor":10.0,"key":"SMITH"},{"floor":15,"key":"REST"},{"data":"infinitespire:NeuralNetwork","floor":23,"key":"SMITH"},{"data":"DTMod:ShadowImage","floor":32,"key":"SMITH"},{"data":"DTMod:CleansingStrike","floor":40,"key":"SMITH"},{"data":"DTMod:CalculatedDefense","floor":42,"key":"SMITH"},{"data":"DTMod:InvisibleFlame","floor":44,"key":"SMITH"},{"floor":49,"key":"RECALL"},{"data":"ReplayUltimateDefense","floor":52,"key":"SMITH"}],"dtmod_dragon_data":[23,56,0,3,8,6],"circlet_count":0,"master_deck":["DTMod:Strike","DTMod:DoubleHit","DTMod:TargetDefense","DTMod:TargetDefense","DTMod:TargetDefense","DTMod:SwitchingTactic","DTMod:LastStand","DTMod:DragonDance","DTMod:DragonDance","DTMod:HeatWave+1","Dagger Spray","DTMod:CleansingStrike+1","DTMod:ForkedFire","DTMod:ShadowImage+1","DTMod:GhostSkin","DTMod:ShadowImage+1","Sadistic Nature+1","infinitespire:NeuralNetwork+1","DTMod:PurifyingFlame","DTMod:HeatWave+1","DTMod:CalculatedDefense+1","DTMod:Observe","DTMod:ResonanceForm","DTMod:Adaptation","DTMod:InvisibleFlame+1","DTMod:Haste","ReplayUltimateDefense+1","Panacea","DTMod:Threaten+1"],"relics":["infinitespire:Cupcake","reliquary:OuijaBoard","SnailShell","Hallownest:DreamNailRelic","Pantograph","Snecko Eye","Hallownest:WatcherSealRelic","aspiration:Lifesprig","Ornamental Fan","ShockBauble","Replay:Wanted Poster","SpikesRelics:ToyHorsey","Replay:Rubber Ducky","Bottled Tornado","Strawberry"],"acts_visited":["Hallownest:Greenpath","Hallownest:CityofTears","Hallownest:KingdomsEdge","TheEnding"],"potions_floor_usage":[33,38,38,54,55],"damage_taken":[{"damage":2.0,"enemies":"Hallownest:2_Baldur","floor":1.0,"turns":3.0},{"damage":1.0,"enemies":"Hallownest:2_MossCreeps","floor":5.0,"turns":5.0},{"damage":0.0,"enemies":"Hallownest:eliteVengeflyKing","floor":7.0,"turns":6.0},{"damage":4.0,"enemies":"Hallownest:2_Tiktiks_and_1_Crawlid","floor":11.0,"turns":2.0},{"damage":0.0,"enemies":"Hallownest:monsterMossCharger","floor":12.0,"turns":3.0},{"damage":0.0,"enemies":"Hallownest:Guard_and_Warrior","floor":13.0,"turns":3.0},{"damage":14,"enemies":"Hallownest:BossBrokenVessel","floor":16,"turns":7},{"damage":1,"enemies":"Hallownest:Flukemon_and_Top","floor":18,"turns":3},{"damage":0,"enemies":"Hallownest:3_Youths","floor":24,"turns":4},{"damage":0,"enemies":"Hallownest:Nosk","floor":25,"turns":7},{"damage":0,"enemies":"Hallownest:eliteSoulWarrior","floor":27,"turns":5},{"damage":0,"enemies":"Hallownest:Warrior_and_Youth","floor":28,"turns":5},{"damage":0,"enemies":"Hallownest:3_Mistakes","floor":31,"turns":4},{"damage":0,"enemies":"Hallownest:BossSoulMaster","floor":33,"turns":8},{"damage":0,"enemies":"Hallownest:2_Littles","floor":35,"turns":5},{"damage":0,"enemies":"Hallownest:3_Siblings","floor":36,"turns":5},{"damage":0,"enemies":"Hallownest:2_Wandering_and_1_Horned","floor":38,"turns":5},{"damage":0,"enemies":"Hallownest:StalkingDevout","floor":41,"turns":5},{"damage":0,"enemies":"Hallownest:Slobbering_and_Violent","floor":45,"turns":5},{"damage":0,"enemies":"Hallownest:2_Wing_and_1_Kings","floor":48,"turns":5},{"damage":0,"enemies":"Hallownest:BossHollowKnight","floor":50,"turns":11},{"damage":31,"enemies":"Shield and Spear","floor":54,"turns":12},{"damage":0,"enemies":"The Heart","floor":55,"turns":12}],"seed_played":"-4303684101576461139","potions_obtained":[{"floor":5.0,"key":"Strength Potion"},{"floor":7.0,"key":"BlessingOfTheForge"},{"floor":13.0,"key":"Strength Potion"},{"floor":16,"key":"Explosive Potion"},{"floor":18,"key":"Reflective Coating"},{"floor":33,"key":"ColorlessPotion"},{"floor":35,"key":"LifebloodPotion"},{"floor":38,"key":"Fruit Juice"}],"is_trial":false,"path_per_floor":["M","$","?","?","M","R","E","?","T","R","M","M","M","?","R","B",null,"M","?","AVR","?","?","R","M","E","T","E","M","$","?","M","R","B",null,"M","M","?","M","AVR","R","E","R","T","R","M","$","?","M","R","B",null,"R","$","E","B",null],"character_chosen":"THE_DT","items_purchased":["DTMod:DragonDance","DTMod:HeatWave","DTMod:CalculatedDefense","ReplayUltimateDefense","Panacea"],"campfire_rested":1,"item_purchase_floors":[2,2,29,46,46],"current_hp_per_floor":[43,43,48,48,47,47,47,47,47,47,43,43,43,33,48,36,50,49,49,49,49,50,50,50,50,50,50,50,50,50,50,50,50,50,50,50,50,55,55,55,55,55,55,55,55,55,55,55,55,55,55,55,55,31,56],"gold":60,"neow_bonus":"BOSS_RELIC","is_daily":false,"chose_seed":false,"campfire_upgraded":8,"win_rate":0.0,"timestamp":1612428765,"path_taken":["M","?","?","?","?","R","E","?","T","R","?","M","?","?","R","BOSS","M","?","AVR","?","?","R","M","E","T","E","M","$","?","M","R","BOSS","M","M","?","?","AVR","R","E","R","T","R","M","$","?","?","R","BOSS","R","$","E","BOSS"],"items_purchased_type":["Card","Card","Card","Card","Card"],"build_version":"2020-12-22","purchased_purges":4,"victory":true,"max_hp_per_floor":[45,45,50,50,50,50,50,50,50,50,50,50,50,50,50,50,50,50,50,50,50,50,50,50,50,50,50,50,50,50,50,50,50,50,50,50,50,55,55,55,55,55,55,55,55,55,55,55,55,55,55,55,55,62,62],"card_choices":[{"not_picked":["DTMod:SneakAttack","DTMod:MasterPlan"],"picked":"DTMod:LastStand","floor":1.0},{"not_picked":["DTMod:Punisher","DTMod:Astonish","DTMod:Cover"],"picked":"SKIP","floor":5.0},{"not_picked":["DTMod:RecklessFlurry","DTMod:BreakAttack"],"picked":"DTMod:CleansingStrike","floor":7.0},{"not_picked":["DTMod:BlueScale","DTMod:InvisibleFlame"],"picked":"DTMod:BlazingStrike","floor":11.0},{"not_picked":["DTMod:StarRain","DTMod:MasterPlan"],"picked":"DTMod:ForkedFire","floor":12.0},{"not_picked":["DTMod:SneakAttack","DTMod:Cover","DTMod:CleansingStrike"],"picked":"SKIP","floor":13.0},{"not_picked":["DTMod:FierySynthesis","DTMod:ExcessFootwork"],"picked":"DTMod:ShadowImage","floor":16},{"not_picked":["DTMod:Conduct","DTMod:ForkedFire+1"],"picked":"DTMod:GhostSkin","floor":18},{"not_picked":["DTMod:FierySynthesis+1","DTMod:Multitask+1"],"picked":"DTMod:ShadowImage+1","floor":19},{"not_picked":["jedi:RedIncense+1","StuffTheSpire:Recharge+1"],"picked":"Sadistic Nature+1","floor":19},{"not_picked":["DTMod:Hide","DTMod:SneakAttack","DTMod:ForkedFire"],"picked":"SKIP","floor":24},{"not_picked":["DTMod:MaximumCharge","DTMod:SneakAttack"],"picked":"DTMod:PurifyingFlame","floor":25},{"not_picked":["DTMod:BuildUp","DTMod:LowKick","DTMod:RecklessFlurry"],"picked":"SKIP","floor":27},{"not_picked":["DTMod:BizarreTactic","DTMod:Feint+1"],"picked":"DTMod:HeatWave+1","floor":28},{"not_picked":["DTMod:GearUp","DTMod:MasterPlan"],"picked":"DTMod:Observe","floor":31},{"not_picked":["DTMod:Prediction","DTMod:Inferno"],"picked":"DTMod:ResonanceForm","floor":33},{"not_picked":["DTMod:BlazingStrike","DTMod:Weaken"],"picked":"DTMod:Adaptation","floor":35},{"not_picked":["DTMod:MagicField","DTMod:BreakAttack+1","DTMod:Coolant"],"picked":"SKIP","floor":36},{"not_picked":["DTMod:GhostSkin+1","DTMod:BizarreTactic","DTMod:HeatWave"],"picked":"SKIP","floor":38},{"not_picked":["DTMod:Feint","DTMod:OpeningTactic"],"picked":"DTMod:InvisibleFlame","floor":41},{"not_picked":["DTMod:QuickFly+1","DTMod:MagicField+1"],"picked":"DTMod:Haste","floor":45},{"not_picked":["DTMod:Coolant+1","DTMod:MaximumCharge"],"picked":"DTMod:Threaten+1","floor":48},{"not_picked":["DTMod:LowKick","DTMod:BizarreTactic","DTMod:TagTeam+1"],"picked":"SKIP","floor":54}],"player_experience":1040049,"relics_obtained":[{"floor":7.0,"key":"SnailShell"},{"floor":9.0,"key":"Pantograph"},{"floor":25,"key":"aspiration:Lifesprig"},{"floor":26,"key":"Ornamental Fan"},{"floor":27,"key":"ShockBauble"},{"floor":41,"key":"Replay:Rubber Ducky"},{"floor":54,"key":"Strawberry"}],"event_choices":[{"damage_healed":0,"gold_gain":0,"player_choice":"2","damage_taken":0,"max_hp_gain":0,"max_hp_loss":0,"event_name":"betterMatch:BetterMatch","floor":19,"gold_loss":0,"cards_obtained":["betterMatch:RareCard","betterMatch:ColorlessRareCard"]}],"is_beta":false,"boss_relics":[{"not_picked":["conspire:SlowCooker","SlaversCollar"],"picked":"Snecko Eye"},{"not_picked":["energizedSpire:DeadBattery","reliquary:RedPaperclip"],"picked":"Replay:Wanted Poster"}],"items_purged_floors":[20,29,39,46],"is_endless":false,"potions_floor_spawned":[5,7,13,16,18,31,33,35,38],"ascension_level":2}}