{"host":"5n1fl7z5i1vf7jan","time":1612413379,"event":{"mods":["BaseMod","Minty Spire (QoL Compilation)","Quick Restart","Relic Stats"],"gold_per_floor":[114,130,146,69,69,97,97,112,136,136,153,166,192,5,5,5,5],"floor_reached":16,"language":"ENG","playtime":386,"items_purged":[],"score":199,"play_id":"1e5d3010-9e36-4f99-b848-7b836f669faa","local_time":"20210203203619","is_ascension_mode":true,"campfire_choices":[{"data":"ConjureBlade","floor":7,"key":"SMITH"},{"data":"Collect","floor":10,"key":"SMITH"},{"floor":15,"key":"REST"}],"circlet_count":0,"master_deck":["AscendersBane","Strike_P","Strike_P","Strike_P+1","Strike_P","Defend_P+1","Defend_P","Defend_P","Defend_P","Eruption","Vigilance","FollowUp","BowlingBash","Prostrate","ConjureBlade+1","LessonLearned","Collect+1","CutThroughFate","ForeignInfluence","DeceiveReality","ConjureBlade+1","ThirdEye"],"relics":["SlaversCollar","Happy Flower","Nunchaku","Toy Ornithopter","DollysMirror"],"acts_visited":["Exordium"],"potions_floor_usage":[12,16],"damage_taken":[{"damage":2,"enemies":"Cultist","floor":1,"turns":3},{"damage":0,"enemies":"Small Slimes","floor":2,"turns":2},{"damage":0,"enemies":"2 Louse","floor":3,"turns":2},{"damage":18,"enemies":"Lagavulin","floor":6,"turns":7},{"damage":0,"enemies":"Exordium Wildlife","floor":8,"turns":3},{"damage":35,"enemies":"Exordium Thugs","floor":11,"turns":7},{"damage":5,"enemies":"Blue Slaver","floor":12,"turns":4},{"damage":40,"enemies":"The Guardian","floor":16,"turns":3}],"seed_played":"491731692150679847","potions_obtained":[{"floor":6,"key":"Strength Potion"},{"floor":8,"key":"Swift Potion"}],"is_trial":false,"path_per_floor":["M","M","M","$","?","E","R","M","T","R","M","M","T","$","R","B"],"character_chosen":"WATCHER","items_purchased":["ConjureBlade","DollysMirror","ThirdEye"],"campfire_rested":1,"item_purchase_floors":[4,14,14],"current_hp_per_floor":[59,59,59,59,59,41,41,41,41,41,6,1,1,1,21,0,0],"gold":5,"neow_bonus":"BOSS_RELIC","is_daily":false,"chose_seed":false,"campfire_upgraded":2,"win_rate":0.0,"timestamp":1612413379,"path_taken":["M","M","M","$","?","E","R","M","T","R","?","M","?","$","R","BOSS"],"items_purchased_type":["Card","Relic","Card"],"build_version":"2020-12-22","purchased_purges":0,"victory":false,"max_hp_per_floor":[68,68,68,68,68,68,68,68,68,68,68,68,68,68,68,68,68],"relic_stats":{"Nunchaku":[2],"Happy Flower":[5],"counters":[8,31],"obtain_stats":[{"SlaversCollar":0,"Nunchaku":9,"Happy Flower":6,"DollysMirror":14,"PureWater":0,"Toy Ornithopter":13},{"SlaversCollar":0,"Nunchaku":5,"Happy Flower":4,"DollysMirror":7,"PureWater":0,"Toy Ornithopter":7},{"SlaversCollar":0,"Nunchaku":17,"Happy Flower":14,"DollysMirror":28,"PureWater":0,"Toy Ornithopter":28}],"Toy Ornithopter":5},"card_choices":[{"not_picked":["SashWhip","Perseverance"],"picked":"FollowUp","floor":1},{"not_picked":["SignatureMove","FlyingSleeves"],"picked":"BowlingBash","floor":2},{"not_picked":["BowlingBash","WindmillStrike"],"picked":"Prostrate","floor":3},{"not_picked":["Halt","Blasphemy"],"picked":"Collect","floor":6},{"not_picked":["Crescendo","BowlingBash"],"picked":"CutThroughFate","floor":8},{"not_picked":["Evaluate","BowlingBash"],"picked":"ForeignInfluence","floor":11},{"not_picked":["Evaluate","CrushJoints"],"picked":"DeceiveReality","floor":12}],"player_experience":306751,"relics_obtained":[{"floor":6,"key":"Happy Flower"},{"floor":9,"key":"Nunchaku"},{"floor":13,"key":"Toy Ornithopter"}],"event_choices":[{"damage_healed":0,"gold_gain":0,"player_choice":"1 cards matched","damage_taken":0,"max_hp_gain":0,"max_hp_loss":0,"event_name":"Match and Keep!","floor":5,"gold_loss":0,"cards_obtained":["LessonLearned"]}],"is_beta":false,"boss_relics":[],"items_purged_floors":[],"is_endless":false,"potions_floor_spawned":[6,8],"killed_by":"The Guardian","ascension_level":19}}