{"host":"vyjryxuuuxkt43k4","time":1612410141,"event":{"mods":["AchievementEnabler","BaseMod","Colored Map","DeckTracker","Keyboard Shortcuts","Minty Spire (QoL Compilation)","Permanent Neow","Quick Restart","Rare Cards Sparkle","Relic Stats","StSLib","SuperFastMode","everything is the same but u backflip on backflip"],"gold_per_floor":[362,378,34,34,34,64,64,64,64],"floor_reached":8,"language":"KOR","playtime":291,"items_purged":[],"score":86,"play_id":"4b338ce7-ae08-4858-a8ab-5a1f203a3a80","local_time":"20210204124221","is_ascension_mode":true,"campfire_choices":[],"circlet_count":0,"master_deck":["AscendersBane","Strike_B","Strike_B","Strike_B","Strike_B","Defend_B","Defend_B+1","Defend_B+1","Defend_B","Zap","Dualcast","Static Discharge","Steam","Enlightenment+1","Seek+1"],"relics":["Cracked Core","Toxic Egg 2","Anchor"],"acts_visited":["Exordium"],"potions_floor_usage":[6,6,8],"damage_taken":[{"damage":1,"enemies":"Cultist","floor":1,"turns":3},{"damage":2,"enemies":"2 Louse","floor":2,"turns":4},{"damage":25,"enemies":"Lagavulin","floor":6,"turns":7},{"damage":30,"enemies":"3 Sentries","floor":8,"turns":4}],"seed_played":"-1114302844282712590","potions_obtained":[{"floor":1,"key":"ColorlessPotion"},{"floor":2,"key":"SteroidPotion"},{"floor":6,"key":"ColorlessPotion"}],"is_trial":false,"path_per_floor":["M","M","$","?","?","E","?","E"],"character_chosen":"DEFECT","items_purchased":["Toxic Egg 2","Enlightenment+1"],"campfire_rested":0,"item_purchase_floors":[3,3],"current_hp_per_floor":[67,65,65,70,70,45,30,0,0],"gold":64,"neow_bonus":"TWO_FIFTY_GOLD","is_daily":false,"chose_seed":false,"campfire_upgraded":0,"win_rate":0.0,"timestamp":1612410141,"path_taken":["M","M","$","?","?","E","?","E"],"items_purchased_type":["Relic","Card"],"build_version":"2020-12-22","purchased_purges":0,"victory":false,"max_hp_per_floor":[68,68,68,73,73,73,73,73,73],"relic_stats":{"counters":[4,18],"obtain_stats":[{"Anchor":6,"Toxic Egg 2":3,"Cracked Core":0},{"Anchor":3,"Toxic Egg 2":2,"Cracked Core":0},{"Anchor":14,"Toxic Egg 2":7,"Cracked Core":0}]},"card_choices":[{"not_picked":["Coolheaded","Cold Snap"],"picked":"Static Discharge","floor":1},{"not_picked":["Gash","Redo"],"picked":"Steam","floor":2},{"not_picked":["Cold Snap","Steam+1"],"picked":"Seek+1","floor":6}],"player_experience":691781,"relics_obtained":[{"floor":6,"key":"Anchor"}],"event_choices":[{"damage_healed":0,"gold_gain":0,"player_choice":"Donut","damage_taken":0,"max_hp_gain":5,"max_hp_loss":0,"event_name":"Big Fish","floor":4,"gold_loss":0},{"damage_healed":0,"gold_gain":0,"player_choice":"Ignored","damage_taken":0,"max_hp_gain":0,"max_hp_loss":0,"event_name":"Liars Game","floor":5,"gold_loss":0},{"damage_healed":0,"gold_gain":0,"player_choice":"Entered Light","damage_taken":15,"max_hp_gain":0,"max_hp_loss":0,"event_name":"Shining Light","floor":7,"gold_loss":0,"cards_upgraded":["Defend_B","Defend_B"]}],"is_beta":false,"boss_relics":[],"items_purged_floors":[],"is_endless":false,"potions_floor_spawned":[1,2,6],"killed_by":"3 Sentries","ascension_level":12}}