{"host":"2haferq23ht5nrlk","time":1612439145,"event":{"mods":["ATMod(°¢èªMod)","BaseMod","KomeijiMod","Minty Spire (QoL Compilation)","Quick Restart","Relic Stats","Replay The Spire","Spicy Shops","StSLib","UnlockEverythingMod","¡¾ÒÅÎï¿¨ÅÆ¡¿REMEMod"],"gold_per_floor":[114,114,114,189,207,207,233,303,303,323,343,343,343],"floor_reached":12,"language":"ZHS","playtime":665,"items_purged":[],"score":156,"play_id":"01ebea0d-2a1a-41d6-8129-a2948aca18d0","local_time":"20210204194545","daily_mods":["Heirloom"],"is_ascension_mode":true,"campfire_choices":[{"data":"AT_Dispersion","floor":6,"key":"SMITH"}],"circlet_count":0,"master_deck":["AscendersBane","Strike_B","Strike_B","Strike_B","Defend_B","Defend_B","Defend_B","Defend_B","Zap","Dualcast","AT_WaterDrop","AT_Dispersion+1","Turbo","AT_WarpDrive+1","Darkness","ReplayTheSpireMod:GoodbyeWorld","Consume","Cold Snap","AT_EMC2","Hologram"],"relics":["Cracked Core","AT_ATBox","REME_ComplimentaryCards","Turnip","Question Card","Mercury Hourglass","Prayer Wheel"],"acts_visited":["Exordium"],"potions_floor_usage":[11,11],"damage_taken":[{"damage":8,"enemies":"Jaw Worm","floor":1,"turns":4},{"damage":3,"enemies":"2 Louse","floor":5,"turns":4},{"damage":33,"enemies":"3 Sentries","floor":7,"turns":12},{"damage":2,"enemies":"Cultist","floor":10,"turns":4},{"damage":0,"enemies":"Red Slaver","floor":11,"turns":4},{"damage":7,"enemies":"Replay:BlueRogue","floor":12,"turns":1}],"seed_played":"-5667794605954768598","potions_obtained":[{"floor":7,"key":"SneckoOil"},{"floor":10,"key":"Dexterity Potion"}],"is_trial":true,"path_per_floor":["M","?","?","?","M","R","E","T","T","M","M","E"],"character_chosen":"DEFECT","items_purchased":[],"campfire_rested":0,"item_purchase_floors":[],"current_hp_per_floor":[56,56,56,45,42,42,9,9,9,7,7,0,0],"gold":343,"neow_bonus":"","is_daily":false,"chose_seed":false,"campfire_upgraded":1,"win_rate":0.0,"timestamp":1612439145,"path_taken":["M","?","?","?","M","R","E","?","T","?","M","E"],"items_purchased_type":[],"build_version":"2020-12-22","purchased_purges":0,"victory":false,"max_hp_per_floor":[71,71,71,71,71,71,71,71,71,71,71,71,71],"relic_stats":{"counters":[6,29],"Prayer Wheel":2,"Turnip":[0],"Question Card":4,"obtain_stats":[{"AT_ATBox":0,"Prayer Wheel":9,"Turnip":0,"Cracked Core":0,"Question Card":7,"REME_ComplimentaryCards":0,"Mercury Hourglass":8},{"AT_ATBox":0,"Prayer Wheel":3,"Turnip":0,"Cracked Core":0,"Question Card":3,"REME_ComplimentaryCards":0,"Mercury Hourglass":3},{"AT_ATBox":0,"Prayer Wheel":20,"Turnip":0,"Cracked Core":0,"Question Card":20,"REME_ComplimentaryCards":0,"Mercury Hourglass":20}],"Mercury Hourglass":[27]},"card_choices":[{"not_picked":["Barrage","BootSequence"],"picked":"Turbo","floor":1},{"not_picked":["Lockon","Conserve Battery"],"picked":"Darkness","floor":5},{"not_picked":["Barrage","Stack"],"picked":"ReplayTheSpireMod:GoodbyeWorld","floor":7},{"not_picked":["Gash","BasicCrystalCard","Hello World"],"picked":"Consume","floor":10},{"not_picked":["Beam Cell","Heatsinks","Ball Lightning"],"picked":"Cold Snap","floor":10},{"not_picked":["Sweeping Beam","ReplayTheSpireMod:System Scan","Steam"],"picked":"AT_EMC2","floor":11},{"not_picked":["REME_ForAll","Conserve Battery","Aggregate"],"picked":"Hologram","floor":11}],"player_experience":13832,"relics_obtained":[{"floor":7,"key":"Question Card"},{"floor":8,"key":"Mercury Hourglass"},{"floor":9,"key":"Prayer Wheel"}],"event_choices":[{"damage_healed":0,"gold_gain":0,"player_choice":"Ignored","damage_taken":0,"max_hp_gain":0,"max_hp_loss":0,"event_name":"Liars Game","floor":2,"gold_loss":0},{"damage_healed":0,"gold_gain":75,"player_choice":"Gather Gold","damage_taken":11,"max_hp_gain":0,"max_hp_loss":0,"event_name":"World of Goop","floor":4,"gold_loss":0}],"is_beta":false,"boss_relics":[],"items_purged_floors":[],"is_endless":true,"potions_floor_spawned":[7,10],"killed_by":"Replay:BlueRogue","ascension_level":20}}