{"host":"fuszjwm6fqgjjp4d","time":1612419408,"event":{"mods":["BaseMod","Bestiary","Colored Map","Minty Spire (QoL Compilation)","Permanent Neow","Relic Sorter","Relic Stats","StSLib"],"gold_per_floor":[116,38,51,126,41,66,81,81,106,135,155,197,197,34,34,136,136,156,206,235,104,104,104],"floor_reached":22,"language":"ENG","playtime":458,"items_purged":[],"score":454,"play_id":"4598aa42-6e2b-483b-bbe0-a27f4dea5f32","local_time":"20210204001648","is_ascension_mode":true,"campfire_choices":[{"data":"Spot Weakness","floor":8.0,"key":"SMITH"},{"data":"Feed","floor":15.0,"key":"SMITH"}],"circlet_count":0,"master_deck":["AscendersBane","Strike_R","Strike_R","Strike_R","Strike_R","Strike_R","Defend_R","Defend_R","Defend_R","Defend_R","Bash","Carnage","Headbutt","Fiend Fire","Shockwave","Spot Weakness+1","Exhume","Power Through","Feed+1","Reaper","Whirlwind","Inflame+1","Feed","Evolve"],"relics":["Burning Blood","NeowsBlessing","Dream Catcher","Boot","Oddly Smooth Stone","CeramicFish","Golden Idol","Lee\u0027s Waffle","Philosopher\u0027s Stone","Orrery"],"acts_visited":["Exordium","TheCity"],"potions_floor_usage":[16,20],"damage_taken":[{"damage":0.0,"enemies":"Jaw Worm","floor":1.0,"turns":1.0},{"damage":0.0,"enemies":"Small Slimes","floor":3.0,"turns":1.0},{"damage":0.0,"enemies":"Gremlin Nob","floor":6.0,"turns":1.0},{"damage":7.0,"enemies":"2 Louse","floor":7.0,"turns":3.0},{"damage":30.0,"enemies":"Lagavulin","floor":10.0,"turns":5.0},{"damage":0.0,"enemies":"2 Fungi Beasts","floor":11.0,"turns":3.0},{"damage":14.0,"enemies":"3 Sentries","floor":12.0,"turns":6.0},{"damage":82,"enemies":"Hexaghost","floor":16,"turns":8},{"damage":34,"enemies":"Chosen","floor":18,"turns":4},{"damage":32,"enemies":"Spheric Guardian","floor":20,"turns":4},{"damage":16,"enemies":"Snecko","floor":22,"turns":3}],"seed_played":"1855753294698070544","potions_obtained":[{"floor":1.0,"key":"GamblersBrew"},{"floor":10.0,"key":"HeartOfIron"},{"floor":11.0,"key":"Regen Potion"},{"floor":16,"key":"Fire Potion"},{"floor":20,"key":"Explosive Potion"}],"is_trial":false,"path_per_floor":["M","$","M","?","$","E","M","R","T","E","M","E","?","$","R","B",null,"M","?","M","$","M"],"character_chosen":"IRONCLAD","items_purchased":["Carnage","Fiend Fire","Lee\u0027s Waffle","Orrery"],"campfire_rested":0,"item_purchase_floors":[2,5,14,21],"current_hp_per_floor":[74,74,75,64,64,70,69,69,69,45,51,43,43,75,75,14,60,36,36,10,10,0,0],"gold":104,"neow_bonus":"THREE_ENEMY_KILL","is_daily":false,"chose_seed":false,"campfire_upgraded":2,"win_rate":0.0,"timestamp":1612419408,"path_taken":["M","$","M","?","?","E","M","R","T","E","M","E","?","?","R","BOSS","M","?","M","$","M"],"items_purchased_type":["Card","Card","Relic","Relic"],"build_version":"2020-12-22","purchased_purges":0,"victory":false,"max_hp_per_floor":[75,75,75,75,75,75,75,75,75,75,75,75,68,75,75,75,75,79,79,79,79,79,79],"relic_stats":{"Dream Catcher":0,"Lee\u0027s Waffle":32,"counters":[11,39],"Golden Idol":27,"CeramicFish":54,"Boot":[0],"obtain_stats":[{"Dream Catcher":6,"Lee\u0027s Waffle":14,"NeowsBlessing":0,"Golden Idol":13,"CeramicFish":12,"Oddly Smooth Stone":10,"Orrery":21,"Philosopher\u0027s Stone":17,"Boot":9,"Burning Blood":0},{"Dream Catcher":3,"Lee\u0027s Waffle":7,"NeowsBlessing":0,"Golden Idol":7,"CeramicFish":7,"Oddly Smooth Stone":5,"Orrery":10,"Philosopher\u0027s Stone":8,"Boot":4,"Burning Blood":0},{"Dream Catcher":3,"Lee\u0027s Waffle":20,"NeowsBlessing":0,"Golden Idol":20,"CeramicFish":20,"Oddly Smooth Stone":11,"Orrery":36,"Philosopher\u0027s Stone":28,"Boot":6,"Burning Blood":0}],"Burning Blood":55},"card_choices":[{"not_picked":["Sentinel","Warcry","Evolve"],"picked":"SKIP","floor":1.0},{"not_picked":["Perfected Strike","Ghostly Armor"],"picked":"Headbutt","floor":3.0},{"not_picked":["Juggernaut","Ghostly Armor"],"picked":"Shockwave","floor":6.0},{"not_picked":["Body Slam","Uppercut"],"picked":"Spot Weakness","floor":7.0},{"not_picked":["Dual Wield","Shrug It Off"],"picked":"Exhume","floor":10.0},{"not_picked":["Dark Embrace","Havoc"],"picked":"Power Through","floor":11.0},{"not_picked":["Wild Strike","Bloodletting"],"picked":"Feed","floor":12.0},{"not_picked":["Bludgeon","Corruption"],"picked":"Reaper","floor":16},{"not_picked":["Flame Barrier+1","Rage","Twin Strike"],"picked":"SKIP","floor":18},{"not_picked":["Iron Wave","Carnage"],"picked":"Whirlwind","floor":20},{"not_picked":["Warcry","Blood for Blood"],"picked":"Inflame+1","floor":21},{"not_picked":["Rupture","Fiend Fire"],"picked":"Feed","floor":21},{"not_picked":["Combust","Blood for Blood"],"picked":"Evolve","floor":21}],"player_experience":1436151,"relics_obtained":[{"floor":6.0,"key":"Dream Catcher"},{"floor":9.0,"key":"Boot"},{"floor":10.0,"key":"Oddly Smooth Stone"},{"floor":12.0,"key":"CeramicFish"}],"event_choices":[{"damage_healed":0.0,"max_hp_gain":0.0,"max_hp_loss":0.0,"gold_gain":75.0,"event_name":"World of Goop","player_choice":"Gather Gold","floor":4.0,"gold_loss":0.0,"damage_taken":11.0},{"damage_healed":0.0,"max_hp_gain":0.0,"max_hp_loss":7.0,"gold_gain":0.0,"event_name":"Golden Idol","player_choice":"Lose Max HP","floor":13.0,"gold_loss":0.0,"damage_taken":0.0,"relics_obtained":["Golden Idol"]},{"damage_healed":0,"gold_gain":50,"player_choice":"Stole From Cult","damage_taken":0,"max_hp_gain":0,"max_hp_loss":0,"event_name":"Nest","floor":19,"gold_loss":0}],"is_beta":false,"boss_relics":[{"not_picked":["Black Blood","Tiny House"],"picked":"Philosopher\u0027s Stone"}],"items_purged_floors":[],"is_endless":false,"potions_floor_spawned":[1,10,11,16,20],"killed_by":"Snecko","ascension_level":20}}