{"host":"zgdag062zrknap1a","time":1612475699,"event":{"mods":["AchievementEnabler","Act Like it!","Aspiration","Bard","BaseMod","BetterRewards","Colored Map","Colored Powertips","Conspire","Downfall","Gensokyo","Hallownest","Hermit","Highlight Path","Hubris","Infinite Spire","Jorbs\u0027s Wanderer Trilogy","Marisa????????","Minty Spire (QoL Compilation)","Quick Restart","Rare Cards Sparkle","Replay The Spire","Shop Mod","StSLib","The Bug Knight","The Cursed","The Hierophant","The Necromancer","The Runesmith","The Servant 0.9.4"],"gold_per_floor":[118,138,149,149,161,161,195,212,283,283,293,293,304,335,335,439,439,458,470,470,485,485,485,498,498,498,511,511,511,511,529,529,628,628,639,639,277,329,339,370,370,405,405,405,422,362,362,379,379,379,379,379,181,212,212],"floor_reached":56,"language":"ENG","playtime":3095,"items_purged":["Strike_G","Injury","Strike_G","Strike_G","Strike_G"],"score":1244,"play_id":"1954b6c5-a799-4c6a-a2e3-6385275d284e","local_time":"20210204135459","is_ascension_mode":false,"campfire_choices":[{"floor":6,"key":"RECALL"},{"data":"Noxious Fumes","floor":10,"key":"SMITH"},{"data":"Noxious Fumes","floor":15,"key":"SMITH"},{"data":"Catalyst","floor":23,"key":"SMITH"},{"data":"Catalyst","floor":25,"key":"SMITH"},{"data":"Noxious Fumes","floor":28,"key":"SMITH"},{"data":"Poisoned Strike","floor":30,"key":"SMITH"},{"data":"Footwork","floor":41,"key":"SMITH"},{"data":"Neutralize","floor":44,"key":"SMITH"},{"data":"Defend_G","floor":52,"key":"SMITH"}],"circlet_count":0,"master_deck":["Defend_G+1","Defend_G","Defend_G","Defend_G","Defend_G","Survivor+1","Neutralize+1","Noxious Fumes+1","Noxious Fumes+1","Catalyst+1","Poisoned Strike+1","Catalyst+1","Noxious Fumes+1","Deflect+1","Deadly Poison+1","Bouncing Flask+1","Replay:Poison Smokescreen+1","Toxin Wave+1","Deflect+1","Deflect+1","Footwork+1","Poison Darts+1","Sneak Up+1"],"relics":["Ring of the Snake","TwistedFunnel","Lee\u0027s Waffle","Toxic Egg 2","Strawberry","Replay:WaspNest","Replay:Bronze Core","aspiration:SneckoTail","Replay:Mystery Machine","SlaversCollar","MerchantsRug","aspiration:TomeofQuesting","HollowMod:PaleOreRelic","hubris:ToyBattleship","hubris:Reverence","Potion Belt","infinitespire:Bottled Soul"],"acts_visited":["Exordium","TheCity","TheBeyond","TheEnding"],"potions_floor_usage":[7,16,33,55,55,55,55,55,55,55,55,55],"damage_taken":[{"damage":8,"enemies":"2 Louse","floor":1,"turns":2},{"damage":0,"enemies":"Jaw Worm","floor":2,"turns":4},{"damage":0,"enemies":"Cultist","floor":3,"turns":2},{"damage":0,"enemies":"Exordium Wildlife","floor":5,"turns":3},{"damage":0,"enemies":"Gremlin Nob","floor":7,"turns":2},{"damage":4,"enemies":"Blue Slaver","floor":8,"turns":2},{"damage":8,"enemies":"Large Slime","floor":11,"turns":5},{"damage":9,"enemies":"Exordium Thugs","floor":13,"turns":3},{"damage":9,"enemies":"3 Sentries","floor":14,"turns":4},{"damage":9,"enemies":"Slime Boss","floor":16,"turns":7},{"damage":27,"enemies":"3 Byrds","floor":18,"turns":3},{"damage":0,"enemies":"Spheric Guardian","floor":19,"turns":3},{"damage":23,"enemies":"Snecko","floor":21,"turns":5},{"damage":0,"enemies":"conspire:HollyBat","floor":24,"turns":5},{"damage":5,"enemies":"Snake Plant","floor":27,"turns":2},{"damage":1,"enemies":"Snecko","floor":31,"turns":3},{"damage":9,"enemies":"Champ","floor":33,"turns":5},{"damage":1,"enemies":"3 Shapes","floor":35,"turns":5},{"damage":2,"enemies":"3 Darklings","floor":39,"turns":4},{"damage":0,"enemies":"Giant Head","floor":40,"turns":6},{"damage":26,"enemies":"Nemesis","floor":42,"turns":4},{"damage":7,"enemies":"Transient","floor":45,"turns":5},{"damage":14,"enemies":"Spire Growth","floor":48,"turns":4},{"damage":1,"enemies":"infinitespire:MassOfShapes","floor":50,"turns":6},{"damage":9,"enemies":"Shield and Spear","floor":54,"turns":6},{"damage":39,"enemies":"The Heart","floor":55,"turns":5}],"seed_played":"-5449900044231788887","potions_obtained":[{"floor":2,"key":"Milkshake"},{"floor":3,"key":"SteroidPotion"},{"floor":8,"key":"AttackPotion"},{"floor":16,"key":"EntropicBrew"},{"floor":18,"key":"BlessingOfTheForge"},{"floor":31,"key":"Explosive Potion"},{"floor":33,"key":"Energy Potion"},{"floor":48,"key":"hexamod:SoulburnPotion"}],"is_trial":false,"path_per_floor":["M","M","M","?","M","R","E","M","T","R","M","?","M","E","R","B",null,"M","M","?","M","AVR","R","M","R","T","M","R","?","R","M","R_BF","B",null,"M","?","$","T","M","E","R","E","T","R","M","?","AVR","M","R_BF","B",null,"R","$","E","B",null],"character_chosen":"THE_SILENT","items_purchased":["TwistedFunnel","Noxious Fumes","Lee\u0027s Waffle","Catalyst","Poisoned Strike","Toxic Potion","MerchantsRug","Toxin Wave+1","Deflect+1","Footwork","Languid Potion"],"campfire_rested":0,"item_purchase_floors":[0,0,0,0,0,0,37,37,37,37,53],"current_hp_per_floor":[69,69,69,69,69,69,69,65,65,65,57,64,55,46,46,37,84,57,57,57,34,34,34,34,34,34,29,29,29,29,28,20,11,84,83,83,83,83,81,81,81,55,55,55,48,48,48,34,59,58,84,84,84,75,36],"gold":212,"neow_bonus":"","is_daily":false,"chose_seed":false,"campfire_upgraded":9,"win_rate":0.0,"timestamp":1612475699,"path_taken":["M","M","M","?","M","R","E","M","T","R","M","?","M","E","R","BOSS","M","M","?","M","AVR","R","M","R","T","M","R","?","R","M","R_BF","BOSS","M","?","$","?","?","E","R","E","T","R","M","?","AVR","M","R_BF","BOSS","R","$","E","BOSS"],"items_purchased_type":["Relic","Card","Relic","Card","Card","Potion","Relic","Card","Card","Card","Potion"],"build_version":"2020-12-22","purchased_purges":5,"victory":true,"max_hp_per_floor":[77,77,77,77,77,77,77,77,77,77,77,84,84,84,84,84,84,84,84,84,84,84,84,84,84,84,84,84,84,84,84,84,84,84,84,84,84,84,84,84,84,84,84,84,84,84,84,84,84,84,84,84,84,84,84],"card_choices":[{"not_picked":["Reflex","hubris:SlightOfHand","Underhanded Strike"],"picked":"SKIP","floor":1},{"not_picked":["Underhanded Strike","Outmaneuver"],"picked":"Catalyst","floor":2},{"not_picked":["hubris:SlightOfHand","hubris:Counter"],"picked":"Noxious Fumes","floor":3},{"not_picked":["Outmaneuver+1","PiercingWail+1","Dodge and Roll+1"],"picked":"SKIP","floor":5},{"not_picked":["Outmaneuver+1","Backflip+1","ReplayTheSpireMod:The Works+1"],"picked":"SKIP","floor":7},{"not_picked":["Outmaneuver+1","Hidden Blade+1"],"picked":"Deflect+1","floor":8},{"not_picked":["Dagger Spray","Quick Slash","Dagger Throw"],"picked":"SKIP","floor":11},{"not_picked":["Malaise+1","Skewer","Poisoned Stab"],"picked":"SKIP","floor":13},{"not_picked":["Slice","Backflip+1","Quick Slash"],"picked":"SKIP","floor":14},{"not_picked":["Slice","Dodge and Roll+1"],"picked":"Deadly Poison+1","floor":18},{"not_picked":["Slice+1","Riddle With Holes","Finisher+1"],"picked":"SKIP","floor":19},{"not_picked":["Hidden Blade+1","Underhanded Strike+1","Sucker Punch"],"picked":"SKIP","floor":21},{"not_picked":["Prepared+1","PiercingWail+1"],"picked":"Bouncing Flask+1","floor":24},{"not_picked":["ReplayTheSpireMod:The Works+1","Noxious Fumes"],"picked":"Replay:Poison Smokescreen+1","floor":27},{"not_picked":["Prepared+1","Dodge and Roll+1","Dagger Throw+1"],"picked":"SKIP","floor":31},{"not_picked":["Hidden Blade+1","Dagger Spray+1","PiercingWail+1"],"picked":"SKIP","floor":35},{"not_picked":["Replay:Poison Smokescreen+1","Outmaneuver+1","ReplayTheSpireMod:Speed Training+1"],"picked":"SKIP","floor":39},{"not_picked":["Cloak And Dagger+1","Prepared+1","Flying Knee+1"],"picked":"SKIP","floor":40},{"not_picked":["Grand Finale","PiercingWail+1"],"picked":"Poison Darts+1","floor":42},{"not_picked":["Tactician+1","Bane+1"],"picked":"Sneak Up+1","floor":45},{"not_picked":["Deflect+1","Slice+1","Blade Dance+1"],"picked":"SKIP","floor":48},{"not_picked":["Reflex+1","Infinite Blades","PiercingWail+1"],"picked":"SKIP","floor":54}],"player_experience":398833,"relics_obtained":[{"floor":7,"key":"hubris:GlazedTorus"},{"floor":14,"key":"Replay:WaspNest"},{"floor":26,"key":"Replay:Mystery Machine"},{"floor":38,"key":"aspiration:TomeofQuesting"},{"floor":40,"key":"HollowMod:PaleOreRelic"},{"floor":42,"key":"hubris:ToyBattleship"},{"floor":43,"key":"hubris:Reverence"},{"floor":54,"key":"infinitespire:Bottled Soul"}],"event_choices":[{"damage_healed":0,"gold_gain":0,"player_choice":"Gave Potion","damage_taken":0,"relics_obtained":["Strawberry"],"max_hp_gain":0,"max_hp_loss":0,"event_name":"WeMeetAgain","floor":12,"gold_loss":0},{"damage_healed":0,"gold_gain":0,"player_choice":"Forge","damage_taken":0,"max_hp_gain":0,"max_hp_loss":0,"event_name":"Accursed Blacksmith","floor":36,"gold_loss":0,"cards_upgraded":["Survivor"]},{"cards_removed":["Strike_G"],"damage_healed":0,"gold_gain":0,"player_choice":"Single Remove","damage_taken":0,"max_hp_gain":0,"max_hp_loss":0,"event_name":"Designer","floor":46,"gold_loss":60}],"is_beta":false,"boss_relics":[{"not_picked":["Fusion Hammer","conspire:SlowCooker"],"picked":"Replay:Bronze Core"},{"not_picked":["ReplayTheSpireMod:DimensionalGlitch","WristBlade"],"picked":"SlaversCollar"}],"items_purged_floors":[0,22,37,47,53],"is_endless":false,"potions_floor_spawned":[2,3,8,16,18,21,31,33,39,45,48],"ascension_level":0}}