{"host":"sav7uxregyirlf69","time":1612413296,"event":{"mods":["AchievementEnabler","BaseMod","Colored Map","DeckTracker","Keyboard Shortcuts","Minty Spire (QoL Compilation)","READ ME - Guardian Mod","StSLib","SuperFastMode"],"gold_per_floor":[119,133,55,0,19,19,52,62,115,115,125,152,152,162,162,239,239,249,164,164,164,37,68,68,87,87,87,107,134,41,61,61,61,61],"floor_reached":33,"language":"KOR","playtime":607,"items_purged":["Regret","Strike_R"],"score":615,"play_id":"0b0c3b20-3da6-449b-904a-2baaf96b4794","local_time":"20210204133456","is_ascension_mode":true,"campfire_choices":[{"data":"Wild Strike","floor":6.0,"key":"SMITH"},{"data":"Evolve","floor":10.0,"key":"SMITH"},{"data":"Disarm","floor":13.0,"key":"SMITH"},{"data":"Body Slam","floor":15.0,"key":"SMITH"},{"data":"Battle Trance","floor":24.0,"key":"SMITH"},{"floor":27.0,"key":"REST"},{"data":"Entrench","floor":32,"key":"SMITH"}],"circlet_count":0,"master_deck":["AscendersBane","Strike_R","Strike_R","Strike_R","Strike_R","Defend_R","Defend_R","Defend_R","Defend_R","Bash","Anger","Wild Strike+1","Evolve+1","Power Through","Battle Trance+1","Disarm+1","Body Slam+1","Fiend Fire","Burning Pact","Regret","Rage","Entrench+1"],"relics":["Burning Blood","MealTicket","Singing Bowl","Nunchaku","Pen Nib","Vajra","Cursed Key","Smiling Mask","Potion Belt","Pear","The Courier","Lantern"],"acts_visited":["Exordium","TheCity"],"potions_floor_usage":[33,33],"damage_taken":[{"damage":7.0,"enemies":"Cultist","floor":1.0,"turns":4.0},{"damage":12.0,"enemies":"2 Louse","floor":2.0,"turns":3.0},{"damage":5.0,"enemies":"Small Slimes","floor":5.0,"turns":3.0},{"damage":32.0,"enemies":"Gremlin Nob","floor":7.0,"turns":4.0},{"damage":7.0,"enemies":"Exordium Wildlife","floor":8.0,"turns":4.0},{"damage":8.0,"enemies":"Blue Slaver","floor":11.0,"turns":3.0},{"damage":15.0,"enemies":"Lagavulin","floor":12.0,"turns":5.0},{"damage":0.0,"enemies":"3 Louse","floor":14.0,"turns":2.0},{"damage":26.0,"enemies":"The Guardian","floor":16.0,"turns":11.0},{"damage":7.0,"enemies":"3 Byrds","floor":18.0,"turns":6.0},{"damage":43.0,"enemies":"Gremlin Leader","floor":23.0,"turns":6.0},{"damage":9.0,"enemies":"2 Thieves","floor":25.0,"turns":4.0},{"damage":25.0,"enemies":"Snecko","floor":28.0,"turns":5.0},{"damage":38.0,"enemies":"Book of Stabbing","floor":29.0,"turns":5.0},{"damage":0,"enemies":"Centurion and Healer","floor":31,"turns":5},{"damage":45,"enemies":"Collector","floor":33,"turns":7}],"seed_played":"-1702405284280976897","potions_obtained":[{"floor":1.0,"key":"Swift Potion"},{"floor":5.0,"key":"Swift Potion"},{"floor":7.0,"key":"DuplicationPotion"},{"floor":18.0,"key":"LiquidMemories"},{"floor":25.0,"key":"ElixirPotion"},{"floor":28.0,"key":"Weak Potion"},{"floor":31,"key":"DistilledChaos"}],"is_trial":false,"path_per_floor":["M","M","$","?","M","R","E","M","T","R","M","E","R","M","R","B",null,"M","?","T","?","$","E","R","M","T","R","M","E","$","M","R","B"],"character_chosen":"IRONCLAD","items_purchased":["Evolve","Burning Pact","SkillPotion"],"campfire_rested":1,"item_purchase_floors":[3,22,30],"current_hp_per_floor":[67,61,75,75,77,77,51,50,50,50,50,41,41,47,47,27,66,67,67,67,44,59,34,34,33,33,63,44,14,29,35,35,0,0],"gold":61,"neow_bonus":"RANDOM_COMMON_RELIC","is_daily":false,"chose_seed":false,"campfire_upgraded":6,"win_rate":0.0,"timestamp":1612413296,"path_taken":["M","M","?","?","?","R","E","M","T","R","M","E","R","M","R","BOSS","M","?","?","?","$","E","R","M","T","R","M","E","?","M","R","BOSS"],"items_purchased_type":["Card","Card","Potion"],"build_version":"2020-12-22","purchased_purges":2,"victory":false,"max_hp_per_floor":[75,75,75,75,77,77,77,77,77,77,79,79,79,79,79,79,79,81,81,81,86,86,98,98,100,100,100,100,102,102,102,102,102,102],"card_choices":[{"not_picked":["Entrench","Warcry"],"picked":"Anger","floor":1.0},{"not_picked":["Flex","Sword Boomerang"],"picked":"Wild Strike","floor":2.0},{"not_picked":["Evolve","Warcry","Clothesline"],"picked":"Singing Bowl","floor":5.0},{"not_picked":["Body Slam","Armaments"],"picked":"Power Through","floor":7.0},{"not_picked":["Twin Strike","Flex"],"picked":"Battle Trance","floor":8.0},{"not_picked":["Wild Strike","Battle Trance","Clothesline"],"picked":"Singing Bowl","floor":11.0},{"not_picked":["Heavy Blade","Headbutt"],"picked":"Disarm","floor":12.0},{"not_picked":["Blood for Blood","Battle Trance"],"picked":"Body Slam","floor":14.0},{"not_picked":["Corruption","Berserk"],"picked":"Fiend Fire","floor":16.0},{"not_picked":["Hemokinesis","Flex","Havoc"],"picked":"Singing Bowl","floor":18.0},{"not_picked":["Reckless Charge","Armaments","Cleave+1"],"picked":"Singing Bowl","floor":23.0},{"not_picked":["Rupture","Clash","Power Through"],"picked":"Singing Bowl","floor":25.0},{"not_picked":["Wild Strike","Perfected Strike"],"picked":"Rage","floor":28.0},{"not_picked":["Reaper","Pommel Strike","True Grit"],"picked":"Singing Bowl","floor":29.0},{"not_picked":["Anger","Searing Blow+1"],"picked":"Entrench","floor":31}],"player_experience":1480237,"relics_obtained":[{"floor":7.0,"key":"Nunchaku"},{"floor":9.0,"key":"Pen Nib"},{"floor":12.0,"key":"Vajra"},{"floor":20.0,"key":"Potion Belt"},{"floor":23.0,"key":"Pear"},{"floor":26.0,"key":"The Courier"},{"floor":29.0,"key":"Lantern"}],"event_choices":[{"damage_healed":0.0,"max_hp_gain":0.0,"max_hp_loss":0.0,"gold_gain":0.0,"event_name":"WeMeetAgain","player_choice":"Paid Gold","floor":4.0,"gold_loss":55.0,"damage_taken":0.0,"relics_obtained":["Singing Bowl"]},{"damage_healed":0.0,"max_hp_gain":0.0,"max_hp_loss":0.0,"gold_gain":0.0,"event_name":"Addict","player_choice":"Obtained Relic","floor":19.0,"gold_loss":85.0,"damage_taken":0.0,"relics_obtained":["Smiling Mask"]},{"damage_healed":0.0,"max_hp_gain":5.0,"max_hp_loss":0.0,"gold_gain":0.0,"event_name":"Forgotten Altar","player_choice":"Shed Blood","floor":21.0,"gold_loss":0.0,"damage_taken":28.0}],"is_beta":false,"boss_relics":[{"not_picked":["Tiny House","Fusion Hammer"],"picked":"Cursed Key"}],"items_purged_floors":[22,30],"is_endless":false,"potions_floor_spawned":[1,5,7,16,18,25,28,31],"killed_by":"Collector","ascension_level":20}}