{"host":"u7y9frlpoazak2mn","time":1612410352,"event":{"mods":["Act Like it!","Aspiration","BaseMod","Beaked The Cultist","Better Altar","Better Match","Better Note","Better Sensory Stone","Better Skull","Better Third Choice","Colored Map","Colored Powertips","Conspire","Downfall","Energized Spire","GifTheSpireLib","Googly Eyes","Halation","Hermit","Hubris","Infinite Spire","Marked Mod","Mimic Mod","Minty Spire (QoL Compilation)","Permanent Neow","Prisma Mod","Rare Cards Sparkle","Replay The Spire","StSLib","Stuff the Spire","The Construct","Waifu the Spire"],"gold_per_floor":[115,390,408,418,45,45,80,80,80,111,125,136,136,136,136,235,235,255,205,218,218,218],"floor_reached":21,"language":"ENG","playtime":914,"items_purged":[],"score":217,"play_id":"5776e202-dc87-491f-9fb9-a3d2bdf62d3e","local_time":"20210203224552","is_ascension_mode":true,"campfire_choices":[{"data":"Noxious Fumes","floor":6,"key":"SMITH"},{"data":"Noxious Fumes","floor":8,"key":"SMITH"},{"floor":13,"key":"REST"},{"floor":15,"key":"REST"}],"circlet_count":0,"master_deck":["Strike_G","Strike_G","Strike_G","Strike_G","Defend_G","Defend_G","Defend_G","Defend_G","Defend_G","Survivor","Neutralize","Poisoned Stab","Regret","hubris:SlightOfHand","Bane","Noxious Fumes+1","Noxious Fumes+1","Burst","Bane","Envenom","StuffTheSpire:Injection+1","StuffTheSpire:Injection"],"relics":["bronze:BronzeCore","DollysMirror","Snake Skull","Counterbalance","Kunai","hubris:PeanutButter","infinitespire:Cubic Diamond","StuffTheSpire:RunicConfusion"],"acts_visited":["Exordium","TheCity"],"potions_floor_usage":[3,10],"damage_taken":[{"damage":7,"enemies":"Jaw Worm","floor":1,"turns":6},{"damage":4,"enemies":"Cultist","floor":3,"turns":4},{"damage":2,"enemies":"Small Slimes","floor":4,"turns":4},{"damage":38,"enemies":"Replay:BlueRogue","floor":7,"turns":5},{"damage":16,"enemies":"Lagavulin","floor":10,"turns":5},{"damage":3,"enemies":"Exordium Thugs","floor":11,"turns":4},{"damage":3,"enemies":"Looter","floor":12,"turns":3},{"damage":32,"enemies":"Slime Boss","floor":16,"turns":8},{"damage":22,"enemies":"Spheric Guardian","floor":18,"turns":5},{"damage":47,"enemies":"Shell Parasite","floor":20,"turns":6},{"damage":31,"enemies":"Snake Plant","floor":21,"turns":4}],"seed_played":"-5598518953001145989","potions_obtained":[{"floor":3,"key":"Fruit Juice"},{"floor":7,"key":"Languid Potion"},{"floor":11,"key":"FairyPotion"},{"floor":16,"key":"Strength Potion"},{"floor":20,"key":"Reflective Coating"}],"is_trial":false,"path_per_floor":["M","?","M","M","$","R","E","R","T","E","M","M","R","?","R","B",null,"M","?","M","M"],"character_chosen":"THE_SILENT","items_purchased":["Noxious Fumes","DollysMirror","Snake Skull"],"campfire_rested":2,"item_purchase_floors":[5,5,5],"current_hp_per_floor":[63,63,64,62,62,62,24,24,24,8,5,2,24,24,46,14,75,53,53,6,0,0],"gold":218,"neow_bonus":"REMOVE_CARD","is_daily":false,"chose_seed":false,"campfire_upgraded":2,"win_rate":0.0,"timestamp":1612410352,"path_taken":["M","?","?","M","$","R","E","R","T","E","M","M","R","?","R","BOSS","M","?","M","M"],"items_purchased_type":["Card","Relic","Relic"],"build_version":"2020-12-22","purchased_purges":0,"victory":false,"max_hp_per_floor":[70,70,75,75,75,75,75,75,75,75,75,75,75,75,75,75,75,75,75,75,75,75],"card_choices":[{"not_picked":["Underhanded Strike","Quick Slash"],"picked":"Poisoned Stab","floor":1},{"not_picked":["StuffTheSpire:ReptileScales","Escape Plan"],"picked":"hubris:SlightOfHand","floor":3},{"not_picked":["StuffTheSpire:BumpUp","Sucker Punch"],"picked":"Bane","floor":4},{"not_picked":["Cloak And Dagger","Reflex"],"picked":"Burst","floor":7},{"not_picked":["Acrobatics","Setup","hubris:Sniper"],"picked":"SKIP","floor":10},{"not_picked":["Endless Agony","StuffTheSpire:BumpUp","Outmaneuver"],"picked":"SKIP","floor":11},{"not_picked":["Hidden Blade","Sucker Punch"],"picked":"Bane","floor":12},{"not_picked":["Adrenaline","Bullet Time"],"picked":"Envenom","floor":16},{"not_picked":["Leg Sweep+1","StuffTheSpire:Incursion+1"],"picked":"StuffTheSpire:Injection+1","floor":18},{"not_picked":["PiercingWail+1","StuffTheSpire:BrimstoneBlast"],"picked":"StuffTheSpire:Injection","floor":20}],"player_experience":393643,"relics_obtained":[{"floor":7,"key":"Counterbalance"},{"floor":9,"key":"Kunai"},{"floor":10,"key":"hubris:PeanutButter"}],"event_choices":[{"damage_healed":0,"gold_gain":275,"player_choice":"Desecrate","damage_taken":0,"max_hp_gain":0,"max_hp_loss":0,"event_name":"Golden Shrine","floor":2,"gold_loss":0,"cards_obtained":["Regret"]},{"damage_healed":0,"gold_gain":0,"player_choice":"Bet on Owner","damage_taken":0,"max_hp_gain":0,"max_hp_loss":0,"event_name":"The Joust","floor":19,"gold_loss":50}],"is_beta":false,"boss_relics":[{"not_picked":["energizedSpire:SpiderWeb","conspire:SlowCooker"],"picked":"StuffTheSpire:RunicConfusion"}],"items_purged_floors":[],"is_endless":false,"potions_floor_spawned":[3,7,11,16,20],"killed_by":"Snake Plant","ascension_level":3}}