{"host":"yq7vhdvcv08g2502","time":1612412845,"event":{"mods":["2.2 Compatiblity","AchievementEnabler","Act Like it!","BaseMod","CapriCore","Colored Powertips","Custom Start","Gensokyo","Marisa????????","Minty Spire (QoL Compilation)","Quick Restart","Reimu??????","StSLib","The Servant 0.9.4"],"gold_per_floor":[131,7,7,7,36,36,76,76,76,76,325,325,22,51,51,170,170,182,18,18,43,43,43,43,43,70,0,19,19,19,19,19,19,19],"floor_reached":33,"language":"ENG","playtime":1481,"items_purged":["Clumsy"],"score":318,"play_id":"7e8a7cf0-161d-435f-9248-fa76c91077c1","local_time":"20210204042725","is_ascension_mode":true,"campfire_choices":[{"data":"Acceleration","floor":6.0,"key":"SMITH"},{"floor":8.0,"key":"REST"},{"floor":10.0,"key":"REST"},{"floor":15.0,"key":"REST"},{"floor":23.0,"key":"REST"},{"floor":29.0,"key":"REST"},{"data":"EscapeVelocity","floor":32.0,"key":"SMITH"}],"circlet_count":0,"master_deck":["Strike_MRS","Strike_MRS","Strike_MRS","Defend_MRS","Defend_MRS","Defend_MRS","MasterSpark","UpSweep","WitchOfGreed","Acceleration+1","OrrerysSun+1","Occultation+1","SporeBomb+1","SuperNova","EscapeVelocity+1","ShootingEcho","PowerUp+1","Night Terror+1"],"relics":["MiniHakkero","Gensokyo:NagashiBinaDoll","Ancient Tea Set","The Courier","HandmadeGrimoire","Toxic Egg 2","Gensokyo:Mercy","PreservedInsect","Bag of Marbles","Empty Cage","Strange Spoon","Boot"],"acts_visited":["Gensokyo:Gensokyo","Gensokyo:Gensokyoer"],"potions_floor_usage":[33],"damage_taken":[{"damage":15.0,"enemies":"Gensokyo:Gryphon","floor":1.0,"turns":3.0},{"damage":5.0,"enemies":"Gensokyo:2_Kodama","floor":5.0,"turns":6.0},{"damage":25.0,"enemies":"Gensokyo:Mamizou","floor":7.0,"turns":9.0},{"damage":30.0,"enemies":"Gensokyo:Aya","floor":11.0,"turns":7.0},{"damage":4.0,"enemies":"Gensokyo:3_Fairies","floor":14.0,"turns":5.0},{"damage":32.0,"enemies":"Gensokyo:Reimu","floor":16.0,"turns":13.0},{"damage":17.0,"enemies":"Gensokyo:2_Gloops","floor":18.0,"turns":5.0},{"damage":23.0,"enemies":"Gensokyo:Chomper","floor":21.0,"turns":5.0},{"damage":31.0,"enemies":"Gensokyo:Slime_Group","floor":28.0,"turns":4.0},{"damage":0.0,"enemies":"Gensokyo:Swordslinger","floor":31.0,"turns":1.0},{"damage":81,"enemies":"Gensokyo:Eternal_Rivals","floor":33,"turns":6}],"seed_played":"4818314420532789099","potions_obtained":[{"floor":1.0,"key":"Swift Potion"},{"floor":7.0,"key":"FearPotion"},{"floor":11.0,"key":"Strength Potion"},{"floor":14.0,"key":"SpeedPotion"},{"floor":16.0,"key":"Swift Potion"},{"floor":16.0,"key":"Strength Potion"},{"floor":18.0,"key":"LiquidMemories"},{"floor":21.0,"key":"ZuzhouPotion:ReiMu"},{"floor":28.0,"key":"SmokeBomb"}],"is_trial":false,"path_per_floor":["M","COS","?","?","M","R","E","R","T","R","E","?","$","M","R","B",null,"M","COS","?","M","?","R","?","$","T","?","M","R","$","M","R","B"],"character_chosen":"MARISA","items_purchased":["PreservedInsect","Bag of Marbles"],"campfire_rested":5,"item_purchase_floors":[13,13],"current_hp_per_floor":[53,53,53,53,48,48,23,45,45,67,37,37,37,33,55,23,62,45,45,45,22,22,44,37,37,37,37,6,28,28,28,28,0,0],"gold":19,"neow_bonus":"THREE_CARDS","is_daily":false,"chose_seed":false,"campfire_upgraded":2,"win_rate":0.0,"timestamp":1612412845,"path_taken":["M","COS","?","?","M","R","E","R","T","R","E","?","$","M","R","BOSS","M","COS","?","M","?","R","?","?","T","?","?","R","$","M","R","BOSS"],"items_purchased_type":["Relic","Relic"],"build_version":"2020-12-22","purchased_purges":1,"victory":false,"max_hp_per_floor":[75,75,75,75,75,75,75,75,75,75,75,75,75,75,75,75,75,75,75,75,75,75,75,75,75,75,75,75,75,75,75,75,75,75],"card_choices":[{"not_picked":["Acceleration","PowerUp"],"picked":"WitchOfGreed","floor":0.0},{"not_picked":["DC","LuminesStrike"],"picked":"6A","floor":1.0},{"not_picked":["PowerUp","OpenUniverse"],"picked":"Acceleration","floor":5.0},{"not_picked":["OneTimeOff","LuminesStrike"],"picked":"OrrerysSun","floor":7.0},{"not_picked":["MilkyWay+1","MaximisePower+1"],"picked":"Occultation+1","floor":11.0},{"not_picked":["6A","PowerUp+1"],"picked":"SporeBomb+1","floor":14.0},{"not_picked":["TreasureHunter","AbsoluteMagnitude"],"picked":"SuperNova","floor":16.0},{"not_picked":["BlazingStar","AbsoluteMagnitude"],"picked":"EscapeVelocity","floor":16.0},{"not_picked":["ShootTheMoon","SuperPerseids+1"],"picked":"ShootingEcho","floor":18.0},{"not_picked":["MysteriousBeam","GasGiant+1"],"picked":"PowerUp+1","floor":21.0},{"not_picked":["SporeBomb+1","IllusionStar+1","Robbery"],"picked":"SKIP","floor":28.0}],"player_experience":295496,"relics_obtained":[{"floor":7.0,"key":"Ancient Tea Set"},{"floor":9.0,"key":"The Courier"},{"floor":11.0,"key":"Toxic Egg 2"},{"floor":26.0,"key":"Boot"}],"event_choices":[],"is_beta":false,"boss_relics":[{"not_picked":["Tiny House","Coffee Dripper"],"picked":"Empty Cage"}],"items_purged_floors":[13],"is_endless":false,"potions_floor_spawned":[11,16,18,21,28],"killed_by":"Gensokyo:Eternal_Rivals","ascension_level":6}}