{"host":"8tgyo6jwzgmjsiz5","time":1612467511,"event":{"mods":["AchievementEnabler","BaseMod","Best Route Mod","Colored Map","Highlight Path","Minty Spire (QoL Compilation)","Permanent Neow","Quick Restart","StSLib","SuperFastMode","everything is the same but u backflip on backflip"],"gold_per_floor":[112,112,131,147,1,36,50,85,130,140,140,140,176,192,192,286,349,369,301,322,322,337,375,375,389,435,435,449,120,120,120],"floor_reached":30,"language":"ENG","playtime":1817,"items_purged":["Strike_R"],"score":476,"play_id":"adcef35b-5a77-440f-a37c-c5575cce8046","local_time":"20210204163831","is_ascension_mode":true,"campfire_choices":[{"data":"Immolate","floor":12.0,"key":"SMITH"},{"data":"Metallicize","floor":15.0,"key":"SMITH"},{"data":"Dual Wield","floor":24,"key":"SMITH"},{"data":"Shrug It Off","floor":27,"key":"SMITH"}],"circlet_count":0,"master_deck":["AscendersBane","Strike_R","Strike_R","Strike_R","Strike_R+1","Defend_R","Defend_R","Defend_R","Defend_R","Bash+1","Offering","Cleave","Twin Strike","Immolate+1","Thunderclap","True Grit+1","Shrug It Off+1","Metallicize+1","Impervious","Inflame+1","Dual Wield+1","Evolve","Headbutt","Metallicize","Reaper"],"relics":["Burning Blood","Ornamental Fan","Mercury Hourglass","Toy Ornithopter","Golden Idol","Happy Flower","Tiny House","Pear","Bronze Scales"],"acts_visited":["Exordium","TheCity"],"potions_floor_usage":[25],"damage_taken":[{"damage":8.0,"enemies":"Jaw Worm","floor":1.0,"turns":3.0},{"damage":6.0,"enemies":"Cultist","floor":3.0,"turns":2.0},{"damage":6.0,"enemies":"2 Louse","floor":4.0,"turns":1.0},{"damage":31.0,"enemies":"Lagavulin","floor":6.0,"turns":6.0},{"damage":0.0,"enemies":"Gremlin Gang","floor":7.0,"turns":1.0},{"damage":18.0,"enemies":"Gremlin Nob","floor":8.0,"turns":3.0},{"damage":0.0,"enemies":"3 Louse","floor":10.0,"turns":2.0},{"damage":10.0,"enemies":"3 Sentries","floor":13.0,"turns":3.0},{"damage":8.0,"enemies":"Blue Slaver","floor":14.0,"turns":3.0},{"damage":47.0,"enemies":"Hexaghost","floor":16.0,"turns":13.0},{"damage":11,"enemies":"2 Thieves","floor":18,"turns":2},{"damage":0,"enemies":"3 Byrds","floor":20,"turns":2},{"damage":11,"enemies":"Centurion and Healer","floor":22,"turns":5},{"damage":40,"enemies":"Slavers","floor":23,"turns":3},{"damage":8,"enemies":"Sentry and Sphere","floor":25,"turns":5},{"damage":9,"enemies":"3 Cultists","floor":28,"turns":4},{"damage":35,"enemies":"Snake Plant","floor":30,"turns":2}],"seed_played":"-5732956213196346209","potions_obtained":[{"floor":3.0,"key":"Dexterity Potion"},{"floor":6.0,"key":"Dexterity Potion"},{"floor":13.0,"key":"EssenceOfSteel"},{"floor":16.0,"key":"ColorlessPotion"},{"floor":17.0,"key":"Swift Potion"},{"floor":22,"key":"Dexterity Potion"},{"floor":28,"key":"SpeedPotion"}],"is_trial":false,"path_per_floor":["M","?","M","M","$","E","M","E","T","M","?","R","E","M","R","B",null,"M","$","M","?","M","E","R","M","T","R","M","$","M"],"character_chosen":"IRONCLAD","items_purchased":["Immolate","Dual Wield","CultistPotion","Reaper"],"campfire_rested":0,"item_purchase_floors":[5,19,29,29],"current_hp_per_floor":[66,66,66,66,66,41,47,35,35,46,46,46,42,40,40,9,54,49,49,55,55,50,26,26,29,29,29,26,26,0,0],"gold":120,"neow_bonus":"THREE_RARE_CARDS","is_daily":false,"chose_seed":false,"campfire_upgraded":4,"win_rate":0.0,"timestamp":1612467511,"path_taken":["M","?","M","M","$","E","M","E","T","M","?","R","E","M","R","BOSS","M","$","M","?","M","E","R","M","T","R","M","$","?"],"items_purchased_type":["Card","Card","Potion","Card"],"build_version":"2020-12-22","purchased_purges":1,"victory":false,"max_hp_per_floor":[68,68,68,68,68,68,68,68,68,68,62,62,62,62,62,62,67,67,67,67,67,67,77,77,77,77,77,77,77,77,77],"card_choices":[{"not_picked":["Reaper","Limit Break"],"picked":"Offering","floor":0.0},{"not_picked":["Feel No Pain","Shrug It Off"],"picked":"Cleave","floor":1.0},{"not_picked":["Shrug It Off","Power Through"],"picked":"Twin Strike","floor":3.0},{"not_picked":["Bloodletting","Iron Wave","Cleave"],"picked":"SKIP","floor":4.0},{"not_picked":["Anger","Twin Strike","Whirlwind"],"picked":"SKIP","floor":6.0},{"not_picked":["Body Slam","Cleave","Reckless Charge"],"picked":"SKIP","floor":7.0},{"not_picked":["Clash","Sentinel"],"picked":"Thunderclap","floor":8.0},{"not_picked":["Pummel","Twin Strike"],"picked":"True Grit","floor":10.0},{"not_picked":["Perfected Strike","Ghostly Armor"],"picked":"Shrug It Off","floor":13.0},{"not_picked":["Havoc","Entrench"],"picked":"Metallicize","floor":14.0},{"not_picked":["Berserk","Demon Form"],"picked":"Impervious","floor":16.0},{"not_picked":["Havoc","True Grit"],"picked":"Inflame+1","floor":18},{"not_picked":["Berserk","Rupture"],"picked":"Evolve","floor":20},{"not_picked":["Sentinel","Flex","Perfected Strike"],"picked":"SKIP","floor":22},{"not_picked":["Seeing Red","Anger","Shrug It Off"],"picked":"SKIP","floor":23},{"not_picked":["Entrench","Pommel Strike"],"picked":"Headbutt","floor":25},{"not_picked":["Pommel Strike","Perfected Strike"],"picked":"Metallicize","floor":28}],"player_experience":1966932,"relics_obtained":[{"floor":6.0,"key":"Ornamental Fan"},{"floor":8.0,"key":"Mercury Hourglass"},{"floor":9.0,"key":"Toy Ornithopter"},{"floor":13.0,"key":"Happy Flower"},{"floor":23,"key":"Pear"},{"floor":26,"key":"Bronze Scales"}],"event_choices":[{"damage_healed":0.0,"max_hp_gain":0.0,"max_hp_loss":0.0,"gold_gain":0.0,"event_name":"Living Wall","player_choice":"Grow","floor":2.0,"gold_loss":0.0,"damage_taken":0.0,"cards_upgraded":["Bash"]},{"damage_healed":0.0,"max_hp_gain":0.0,"max_hp_loss":6.0,"gold_gain":0.0,"event_name":"Golden Idol","player_choice":"Lose Max HP","floor":11.0,"gold_loss":0.0,"damage_taken":0.0,"relics_obtained":["Golden Idol"]},{"damage_healed":0,"gold_gain":0,"player_choice":"Forge","damage_taken":0,"max_hp_gain":0,"max_hp_loss":0,"event_name":"Accursed Blacksmith","floor":21,"gold_loss":0,"cards_upgraded":["True Grit"]}],"is_beta":false,"boss_relics":[{"not_picked":["Calling Bell","Black Blood"],"picked":"Tiny House"}],"items_purged_floors":[29],"is_endless":false,"potions_floor_spawned":[3,6,7,13,16,20,22,28],"killed_by":"Snake Plant","ascension_level":15}}