{"host":"ucgrft0m53zzt06v","time":1612405502,"event":{"mods":["BaseMod","Colored Map","Colored Powertips","Conspire","HololiveMod","KinomotoSakuraMod(木之本樱)","Lobotomy","Minty Spire (QoL Compilation)","Quick Restart","Replay The Spire","Shop Mod","Spicy Shops","StSLib","Td1madao Mod","The Senshi","Waifu the Spire","WarShipGirlsR/战舰少女R mod","【遗物卡牌】REMEMod"],"gold_per_floor":[114,170,181,181,192,192,192,210,235,15,48,38,47,63,63,63,63],"floor_reached":16,"language":"ZHS","playtime":861,"items_purged":["Strike_C"],"score":143,"play_id":"a6633ec9-6357-4120-82e4-16f78c5c7a85","local_time":"20210204102502","is_ascension_mode":true,"campfire_choices":[{"data":"Lunge","floor":6.0,"key":"SMITH"}],"circlet_count":0,"master_deck":["Strike_C","Strike_C","Strike_C","Defend_C","Defend_C","Defend_C","Defend_C","Knight Kick","Chip","Hypocrisy","Lunge+1","Perfect Defend","Here Defend Chip","Cooling Song"],"relics":["Apod","REME_ComplimentaryCards","Pen Nib","Blue Candle","ReplayTheSpireMod:Lightbulb","Bronze Scales","REME_OnlineShoppingPlatform","theSenshi:FeatherClipsRelic","Bottled Flame"],"acts_visited":["Exordium"],"potions_floor_usage":[13],"damage_taken":[{"damage":0.0,"enemies":"2 Louse","floor":1.0,"turns":3.0},{"damage":0.0,"enemies":"Small Slimes","floor":3.0,"turns":3.0},{"damage":0.0,"enemies":"Cultist","floor":5.0,"turns":3.0},{"damage":4.0,"enemies":"2 Fungi Beasts","floor":8.0,"turns":4.0},{"damage":36.0,"enemies":"Gremlin Nob","floor":11.0,"turns":5.0},{"damage":0.0,"enemies":"Gremlin Gang","floor":12.0,"turns":3.0},{"damage":27,"enemies":"3 Sentries","floor":13,"turns":10},{"damage":0,"enemies":"Looter","floor":14,"turns":4},{"damage":51,"enemies":"Slime Boss","floor":16,"turns":6}],"seed_played":"-5176440800783726777","potions_obtained":[{"floor":1.0,"key":"BlessingOfTheForge"},{"floor":2.0,"key":"Explosive Potion"},{"floor":8.0,"key":"Strength Potion"}],"is_trial":false,"path_per_floor":["M","?","M","?","M","R","?","M","T","$","E","M","E","M","R_BF","B"],"character_chosen":"TD1MADAO_CLASS","items_purchased":["REME_OnlineShoppingPlatform"],"campfire_rested":0,"item_purchase_floors":[10],"current_hp_per_floor":[70,53,53,41,41,41,80,76,76,76,40,46,25,31,36,0,0],"gold":63,"neow_bonus":"RANDOM_COMMON_RELIC","is_daily":false,"chose_seed":false,"campfire_upgraded":1,"win_rate":0.0,"timestamp":1612405502,"path_taken":["M","?","?","?","M","R","?","?","T","$","E","M","E","M","R_BF","BOSS"],"items_purchased_type":["Relic"],"build_version":"2020-12-22","purchased_purges":1,"victory":false,"max_hp_per_floor":[70,70,70,70,70,70,80,80,80,80,80,80,80,80,85,85,85],"card_choices":[{"not_picked":["Provocative","Fixing"],"picked":"Lunge","floor":1.0},{"not_picked":["Lunge","Resistance"],"picked":"Format All Data","floor":2.0},{"not_picked":["Sudden Beat","Fire Blade","White Contract"],"picked":"SKIP","floor":3.0},{"not_picked":["Bugfix","Rupture","Resistance"],"picked":"SKIP","floor":5.0},{"not_picked":["Black Shadow","Judgment","White Contract"],"picked":"SKIP","floor":8.0},{"not_picked":["White Contract","Cursed Blade","Shockwave Tdmadao"],"picked":"SKIP","floor":11.0},{"not_picked":["Provocative","Break Into"],"picked":"Perfect Defend","floor":12.0},{"not_picked":["White Contract","Bursts"],"picked":"Here Defend Chip","floor":13},{"not_picked":["Pod Fire","Oblique Hack"],"picked":"Cooling Song","floor":14}],"player_experience":176949,"relics_obtained":[{"floor":2.0,"key":"Blue Candle"},{"floor":9.0,"key":"Bronze Scales"},{"floor":11.0,"key":"theSenshi:FeatherClipsRelic"},{"floor":13,"key":"Bottled Flame"}],"event_choices":[{"damage_healed":0.0,"max_hp_gain":0.0,"max_hp_loss":0.0,"gold_gain":0.0,"event_name":"Scrap Ooze","player_choice":"Success","floor":4.0,"gold_loss":0.0,"damage_taken":12.0,"relics_obtained":["ReplayTheSpireMod:Lightbulb"]},{"cards_removed":["Format All Data"],"damage_healed":29.0,"max_hp_gain":10.0,"max_hp_loss":0.0,"gold_gain":0.0,"event_name":"Bonfire Elementals","player_choice":"Offered Rare","floor":7.0,"gold_loss":0.0,"damage_taken":0.0},{"damage_healed":0,"gold_gain":0,"player_choice":"Donut","damage_taken":0,"max_hp_gain":5,"max_hp_loss":0,"event_name":"Big Fish","floor":15,"gold_loss":0}],"is_beta":false,"boss_relics":[],"items_purged_floors":[10],"is_endless":false,"potions_floor_spawned":[1,8,12,13],"killed_by":"Slime Boss","ascension_level":1}}