{"host":"qrt7o4dq2qslzw13","time":1612432689,"event":{"mods":["AchievementEnabler","BaseMod","Colored Map","Colored Powertips","Minty Spire (QoL Compilation)","Quick Restart","StSLib","SuperFastMode"],"gold_per_floor":[109,109,136,18,29,54,54,87,87,87,87,117,135,65,65,167,167,185,147,147,157,55,55,84,84,84,84,102,102,102],"floor_reached":29,"language":"ENG","playtime":408,"items_purged":[],"score":338,"play_id":"045d5bd6-458f-4c68-98be-df647b052d17","local_time":"20210204045809","is_ascension_mode":true,"campfire_choices":[{"data":"Defragment","floor":7,"key":"SMITH"},{"floor":10,"key":"REST"},{"floor":15,"key":"REST"},{"data":"Tempest","floor":23,"key":"SMITH"},{"floor":25,"key":"REST"},{"floor":27,"key":"REST"}],"circlet_count":0,"master_deck":["Strike_B","Strike_B","Strike_B","Strike_B","Defend_B","Defend_B","Defend_B","Defend_B","Zap","Dualcast","Skim","Defragment+1","Redo","Steam Power","Storm","Defragment","Double Energy","Double Energy","Loop","Amplify","Reinforced Body","Capacitor","Hologram","Tempest+1","Lockon","Capacitor","Consume"],"relics":["Cracked Core","NeowsBlessing","Singing Bowl","Omamori","StrikeDummy","CaptainsWheel","Bottled Lightning","Shuriken","Cursed Key","Incense Burner","InkBottle"],"acts_visited":["Exordium","TheCity"],"potions_floor_usage":[8,12,16,24,29],"damage_taken":[{"damage":0,"enemies":"Cultist","floor":1,"turns":1},{"damage":0,"enemies":"Jaw Worm","floor":5,"turns":1},{"damage":0,"enemies":"Lagavulin","floor":6,"turns":1},{"damage":25,"enemies":"3 Sentries","floor":8,"turns":5},{"damage":20,"enemies":"Lagavulin","floor":12,"turns":4},{"damage":8,"enemies":"2 Louse","floor":13,"turns":2},{"damage":30,"enemies":"Hexaghost","floor":16,"turns":9},{"damage":12,"enemies":"Chosen","floor":18,"turns":3},{"damage":4,"enemies":"Spheric Guardian","floor":21,"turns":4},{"damage":49,"enemies":"Gremlin Leader","floor":24,"turns":5},{"damage":33,"enemies":"Snake Plant","floor":28,"turns":3},{"damage":27,"enemies":"3 Cultists","floor":29,"turns":4}],"seed_played":"3414437231822985071","potions_obtained":[{"floor":1,"key":"Fire Potion"},{"floor":8,"key":"AttackPotion"},{"floor":13,"key":"Energy Potion"},{"floor":18,"key":"Energy Potion"},{"floor":21,"key":"FocusPotion"}],"is_trial":false,"path_per_floor":["M","?","T","$","M","E","R","E","T","R","?","E","M","$","R","B",null,"M","$","?","M","$","R","E","R","T","R","M","M"],"character_chosen":"DEFECT","items_purchased":["Defragment","Redo","Loop","Capacitor","Tempest","Lockon"],"campfire_rested":4,"item_purchase_floors":[4,4,14,19,22,22],"current_hp_per_floor":[75,42,42,42,42,42,42,17,17,39,39,19,11,11,33,3,75,63,63,63,59,59,59,10,32,32,54,21,0,0],"gold":102,"neow_bonus":"THREE_ENEMY_KILL","is_daily":false,"chose_seed":false,"campfire_upgraded":2,"win_rate":0.0,"timestamp":1612432689,"path_taken":["M","?","?","$","M","E","R","E","T","R","?","E","M","$","R","BOSS","M","$","?","?","$","R","E","R","T","R","M","M"],"items_purchased_type":["Card","Card","Card","Card","Card","Card"],"build_version":"2020-12-22","purchased_purges":0,"victory":false,"max_hp_per_floor":[75,75,75,75,75,75,75,75,75,75,75,75,75,75,75,75,75,75,75,75,75,75,75,75,75,75,75,75,75,75],"card_choices":[{"not_picked":["Blizzard","Barrage"],"picked":"Skim","floor":1},{"not_picked":["Rebound","Scrape"],"picked":"Steam Power","floor":5},{"not_picked":["Rebound","Sweeping Beam"],"picked":"Storm","floor":6},{"not_picked":["Compile Driver","Coolheaded"],"picked":"Defragment","floor":8},{"not_picked":["Stack","Recycle"],"picked":"Double Energy","floor":12},{"not_picked":["Sweeping Beam","Conserve Battery"],"picked":"Double Energy","floor":13},{"not_picked":["Core Surge","Machine Learning"],"picked":"Amplify","floor":16},{"not_picked":["Gash","Sweeping Beam"],"picked":"Reinforced Body","floor":18},{"not_picked":["Rebound","Streamline"],"picked":"Hologram","floor":21},{"not_picked":["Barrage","FTL+1"],"picked":"Capacitor","floor":24},{"not_picked":["Genetic Algorithm","Stack"],"picked":"Consume","floor":28}],"player_experience":623397,"relics_obtained":[{"floor":3,"key":"Omamori"},{"floor":6,"key":"StrikeDummy"},{"floor":8,"key":"CaptainsWheel"},{"floor":9,"key":"Bottled Lightning"},{"floor":12,"key":"Shuriken"},{"floor":24,"key":"Incense Burner"},{"floor":26,"key":"InkBottle"}],"event_choices":[{"damage_healed":0,"gold_gain":0,"player_choice":"Success","damage_taken":33,"relics_obtained":["Singing Bowl"],"max_hp_gain":0,"max_hp_loss":0,"event_name":"Scrap Ooze","floor":2,"gold_loss":0},{"damage_healed":0,"gold_gain":0,"player_choice":"Searched \u00270\u0027 times","damage_taken":0,"max_hp_gain":0,"max_hp_loss":0,"event_name":"Dead Adventurer","floor":11,"gold_loss":0},{"damage_healed":0,"gold_gain":0,"player_choice":"0 cards matched","damage_taken":0,"max_hp_gain":0,"max_hp_loss":0,"event_name":"Match and Keep!","floor":20,"gold_loss":0,"cards_obtained":[]}],"is_beta":false,"boss_relics":[{"not_picked":["Black Star","FrozenCore"],"picked":"Cursed Key"}],"items_purged_floors":[],"is_endless":false,"potions_floor_spawned":[1,8,13,18,21],"killed_by":"3 Cultists","ascension_level":4}}