{"host":"f0gpob8hq9vgebej","time":1612419025,"event":{"mods":["AchievementEnabler","BaseMod","Minty Spire (QoL Compilation)","Quick Restart","SuperFastMode"],"gold_per_floor":[210,220,238,122,197,197,197,229,229,246,246,263,280,290,290,365,365,385,120,137,137,137],"floor_reached":21,"language":"KOR","playtime":454,"items_purged":["Strike_R","Strike_R"],"score":431,"play_id":"59fe41a5-1e26-4c8c-b2da-e7906c371203","local_time":"20210204151025","is_ascension_mode":true,"campfire_choices":[{"data":"Inflame","floor":6.0,"key":"SMITH"},{"data":"Inflame","floor":11.0,"key":"SMITH"},{"floor":15.0,"key":"REST"}],"circlet_count":0,"master_deck":["AscendersBane","Strike_R+1","Strike_R","Strike_R+1","Defend_R","Defend_R","Defend_R","Defend_R","Bash","Second Wind","Flex","Inflame+1","Inflame+1","Sword Boomerang","Demon Form","Sword Boomerang","Impervious","Power Through","Finesse"],"relics":["Burning Blood","Darkstone Periapt","Whetstone","Black Star","Membership Card"],"acts_visited":["TheCity"],"potions_floor_usage":[20,21],"damage_taken":[{"damage":4.0,"enemies":"2 Louse","floor":1.0,"turns":3.0},{"damage":9.0,"enemies":"Jaw Worm","floor":2.0,"turns":5.0},{"damage":11.0,"enemies":"Cultist","floor":3.0,"turns":4.0},{"damage":20.0,"enemies":"Gremlin Nob","floor":8.0,"turns":4.0},{"damage":31.0,"enemies":"Gremlin Gang","floor":10.0,"turns":6.0},{"damage":14.0,"enemies":"Blue Slaver","floor":12.0,"turns":5.0},{"damage":21.0,"enemies":"Lots of Slimes","floor":13.0,"turns":5.0},{"damage":10.0,"enemies":"Large Slime","floor":14.0,"turns":5.0},{"damage":0.0,"enemies":"Slime Boss","floor":16.0,"turns":7.0},{"damage":51.0,"enemies":"Shell Parasite","floor":18.0,"turns":6.0},{"damage":0,"enemies":"Chosen","floor":20,"turns":4},{"damage":13,"enemies":"Shelled Parasite and Fungi","floor":21,"turns":3}],"seed_played":"3373898068502703889","potions_obtained":[{"floor":3.0,"key":"Energy Potion"},{"floor":8.0,"key":"BlessingOfTheForge"},{"floor":13.0,"key":"Swift Potion"},{"floor":16.0,"key":"Swift Potion"},{"floor":18.0,"key":"Fire Potion"}],"is_trial":false,"path_per_floor":["M","M","M","$","?","R","?","E","T","M","R","M","M","M","R","B",null,"M","$","M","M"],"character_chosen":"IRONCLAD","items_purchased":["Inflame","Membership Card","Finesse"],"campfire_rested":1,"item_purchase_floors":[4,19,19],"current_hp_per_floor":[70,67,62,62,51,51,75,61,61,36,36,28,13,9,31,37,66,21,21,27,14,14],"gold":137,"neow_bonus":"HUNDRED_GOLD","is_daily":false,"chose_seed":false,"campfire_upgraded":2,"win_rate":0.0,"timestamp":1612419025,"path_taken":["M","M","M","$","?","R","?","E","T","M","R","?","M","M","R","BOSS","M","$","?","M"],"items_purchased_type":["Card","Relic","Card"],"build_version":"2020-12-22","purchased_purges":2,"victory":false,"max_hp_per_floor":[75,75,75,75,75,75,75,75,75,75,75,75,75,75,75,75,75,75,75,75,75,75],"card_choices":[{"not_picked":["Thunderclap","Combust","Burning Pact"],"picked":"SKIP","floor":1.0},{"not_picked":["Power Through","Thunderclap"],"picked":"Second Wind","floor":2.0},{"not_picked":["Uppercut","Thunderclap"],"picked":"Flex","floor":3.0},{"not_picked":["Havoc","Combust"],"picked":"Inflame","floor":8.0},{"not_picked":["Searing Blow","Armaments","Flex"],"picked":"SKIP","floor":10.0},{"not_picked":["Havoc","Ghostly Armor"],"picked":"Sword Boomerang","floor":12.0},{"not_picked":["Clash","Shockwave"],"picked":"Demon Form","floor":13.0},{"not_picked":["Warcry","True Grit"],"picked":"Sword Boomerang","floor":14.0},{"not_picked":["Double Tap","Berserk"],"picked":"Impervious","floor":16.0},{"not_picked":["Flex","Twin Strike"],"picked":"Power Through","floor":18.0},{"not_picked":["Shockwave","Rage","Rampage"],"picked":"SKIP","floor":20}],"player_experience":377743,"relics_obtained":[{"floor":8.0,"key":"Darkstone Periapt"},{"floor":9.0,"key":"Whetstone"}],"event_choices":[{"damage_healed":0.0,"max_hp_gain":0.0,"max_hp_loss":0.0,"gold_gain":75.0,"event_name":"World of Goop","player_choice":"Gather Gold","floor":5.0,"gold_loss":0.0,"damage_taken":11.0},{"damage_healed":24.0,"max_hp_gain":0.0,"max_hp_loss":0.0,"gold_gain":0.0,"event_name":"Wheel of Change","player_choice":"Full Heal","floor":7.0,"gold_loss":0.0,"damage_taken":0.0}],"is_beta":false,"boss_relics":[{"not_picked":["Runic Dome","Busted Crown"],"picked":"Black Star"}],"items_purged_floors":[4,19],"is_endless":false,"potions_floor_spawned":[3,8,13,16,18],"killed_by":"Shelled Parasite and Fungi","ascension_level":17}}