{"host":"o3b7ow6d1xe49css","time":1612422322,"event":{"mods":["Act Like it!","Aspiration","BaseMod","Bestiary","Better Altar","Better Match","Better Note","Better Sensory Stone","Better Skull","Better Third Choice","Colored Powertips","Conspire","Energized Spire","Force Act Four","GifTheSpireLib","Halation","Hermit","Hubris","Infinite Spire","Lobotomy","Minty Spire (QoL Compilation)","Quick Restart","Rare Cards Sparkle","Relic Filter Mod","Reliquary","Replay The Spire","Spicy Shops","Spikes Relics","Spire Arcade","StSLib","Stuff the Spire","The Blue Laboratory","Wandering Minibosses"],"gold_per_floor":[119,136,151,6,6,6,37,69,95,95,95,130,100,131,131,263,263,285,312,312,61,78,111,111,152,152,152,152,152,152,152,152,260,260,301,301,353,34,34,89,89,136,136,161,207,207,62,94,94,119,119,119,19,69,203],"floor_reached":56,"language":"ENG","playtime":6522,"items_purged":["Scorched","Strike_G","Strike_G","Strike_G"],"score":1708,"play_id":"0eebe565-d4b3-41f1-b49d-8f2f98671a65","local_time":"20210203220522","daily_mods":["Heirloom","Flight"],"is_ascension_mode":true,"campfire_choices":[{"data":"Neutralize","floor":6,"key":"SMITH"},{"floor":10,"key":"REST"},{"data":"Defend_G","floor":15,"key":"SMITH"},{"data":"Infinite Blades","floor":24,"key":"SMITH"},{"floor":28,"key":"REST"},{"data":"Cloak And Dagger","floor":32,"key":"SMITH"},{"floor":41,"key":"RECALL"},{"floor":46,"key":"REST"},{"floor":49,"key":"REST"},{"floor":52,"key":"REST"}],"circlet_count":0,"master_deck":["Strike_G","Strike_G","Defend_G","Defend_G","Defend_G","Defend_G","Defend_G+1","Survivor","Neutralize+1","Backflip","UniverseFragment","Quick Slash","HereticApostle","Malaise","Cloak And Dagger+1","Infinite Blades+1","Backflip+1","ReplayTheSpireMod:Necrogeddon","Violence","Wraith Form v2","PiercingWail+1","Leg Sweep+1","WhiteNight","Blade Dance","Terror"],"relics":["Ring of the Snake","Ring of Chaos","hubris:AstralHammer","CogitoBucket","Tiny Chest","infinitespire:BottledMercury","Replay:Accelerometer","halation:IllGainedPizza","Strawberry","Darkstone Periapt","CosmicIsotope","AspirationHeart","ToxicTincture","Turnip","infinitespire:WardingShard","Mummified Hand","aspiration:Nostalgia","infinitespire:DarkRift","infinitespire:ShieldingShard","Fusion Hammer","SkinProphecy","Mercury Hourglass","infinitespire:Golems Mask","BrokenLever","halation:EternalFortune","aspiration:StickyExplosives_weak","Onion Ring","reliquary:Knoch","StuffTheSpire:Tea","StuffTheSpire:OldFever","Pear"],"acts_visited":["Exordium","TheCity","TheBeyond","TheEnding"],"potions_floor_usage":[7,12,14,16,23,25,33,35,40,50,50],"damage_taken":[{"damage":8,"enemies":"Jaw Worm","floor":1,"turns":9},{"damage":7,"enemies":"Small Slimes","floor":2,"turns":6},{"damage":0,"enemies":"Cultist","floor":3,"turns":3},{"damage":20,"enemies":"Gremlin Nob","floor":7,"turns":6},{"damage":10,"enemies":"3 Sentries","floor":8,"turns":5},{"damage":18,"enemies":"Lagavulin","floor":12,"turns":7},{"damage":4,"enemies":"3 Sentries","floor":14,"turns":5},{"damage":13,"enemies":"Hexaghost","floor":16,"turns":12},{"damage":10,"enemies":"2 Thieves","floor":18,"turns":4},{"damage":6,"enemies":"Shell Parasite","floor":19,"turns":8},{"damage":5,"enemies":"Snake Plant","floor":22,"turns":6},{"damage":19,"enemies":"Nightmare","floor":23,"turns":9},{"damage":4,"enemies":"Replay:Snechameleon","floor":25,"turns":7},{"damage":0,"enemies":"Champ","floor":33,"turns":17},{"damage":0,"enemies":"3 Darklings","floor":35,"turns":9},{"damage":0,"enemies":"Mind Bloom Boss Battle","floor":37,"turns":5},{"damage":2,"enemies":"Nemesis","floor":40,"turns":10},{"damage":13,"enemies":"Nightmare","floor":42,"turns":13},{"damage":0,"enemies":"Nemesis","floor":45,"turns":7},{"damage":0,"enemies":"Orb Walker","floor":48,"turns":7},{"damage":70,"enemies":"hubris:GrandSnecko","floor":50,"turns":13},{"damage":0,"enemies":"Shield and Spear","floor":54,"turns":6},{"damage":51,"enemies":"The Heart","floor":55,"turns":12}],"seed_played":"6277801787383009822","potions_obtained":[{"floor":2,"key":"blueLaboratory:TrueEctoplasm"},{"floor":8,"key":"blueLaboratory:EnvenomedCoating"},{"floor":12,"key":"blueLaboratory:LouseDecoction"},{"floor":13,"key":"blueLaboratory:SavagePotion"},{"floor":13,"key":"blueLaboratory:PolymorphPotion"},{"floor":16,"key":"blueLaboratory:AbyssPotion"},{"floor":23,"key":"Adrenaline Potion"},{"floor":31,"key":"LiquidMemories"},{"floor":31,"key":"SpeedPotion"},{"floor":31,"key":"blueLaboratory:RecallPotion"},{"floor":33,"key":"AttackPotion"},{"floor":35,"key":"AttackPotion"},{"floor":42,"key":"FairyPotion"},{"floor":48,"key":"CultistPotion"}],"is_trial":true,"path_per_floor":["M","M","M","$","?","R","E","E","T","R","$","E","?","E","R","B",null,"M","M","$","$","M","NM","R","E","T","AVR","R","?","T","?","R","B",null,"M","AVR","?","$","?","E","R","NM","T","T","E","R","$","M","R","B",null,"R","$","E","B",null],"character_chosen":"THE_SILENT","items_purchased":["Tiny Chest","Infinite Blades","ToxicTincture","SpeedPotion","BrokenLever","StuffTheSpire:OldFever"],"campfire_rested":5,"item_purchase_floors":[4,21,21,21,38,47],"current_hp_per_floor":[62,55,55,55,55,55,35,25,25,46,46,35,35,31,31,18,62,62,56,56,56,51,32,32,28,28,28,54,54,54,54,54,54,79,79,79,75,75,78,72,72,55,55,55,98,98,98,102,102,81,81,81,81,106,118],"gold":203,"neow_bonus":"","is_daily":false,"chose_seed":false,"campfire_upgraded":4,"win_rate":0.0,"timestamp":1612422322,"path_taken":["M","M","M","$","?","R","E","E","T","R","$","E","?","E","R","BOSS","M","M","$","$","M","NM","R","E","T","AVR","R","?","?","?","R","BOSS","M","AVR","?","$","?","E","R","NM","T","?","E","R","?","M","R","BOSS","R","$","E","BOSS"],"items_purchased_type":["Relic","Card","Relic","Potion","Relic","Relic"],"build_version":"2020-12-22","purchased_purges":4,"victory":true,"max_hp_per_floor":[70,70,70,70,70,70,70,70,70,70,70,77,77,77,77,77,77,87,87,87,87,87,87,87,87,87,87,87,87,87,87,87,87,87,87,87,89,89,92,94,94,96,96,96,98,98,98,102,102,104,104,104,104,116,118],"card_choices":[{"not_picked":["FairyFestival","VoidDream","SnowQueen"],"picked":"Singing Bowl","floor":1},{"not_picked":["SpiderBud","ShyLook"],"picked":"Scorched","floor":1},{"not_picked":["ReplayTheSpireMod:Speed Training","ReplayTheSpireMod:The Works"],"picked":"Backflip","floor":1},{"not_picked":["RedShoes","BeautyBeast"],"picked":"UniverseFragment","floor":2},{"not_picked":["Deflect","Sucker Punch"],"picked":"Quick Slash","floor":2},{"not_picked":["GalaxyChild","ShyLook","SpiderBud"],"picked":"Singing Bowl","floor":3},{"not_picked":["PiercingWail","Underhanded Strike","StuffTheSpire:ClusterCrunch"],"picked":"SKIP","floor":3},{"not_picked":["Finisher","StuffTheSpire:Sprint","Outmaneuver"],"picked":"SKIP","floor":7},{"not_picked":["FieryBird","PunishingBird","VoidDream"],"picked":"Singing Bowl","floor":8},{"not_picked":["Reflex","InfectiousVector","Backflip"],"picked":"SKIP","floor":8},{"not_picked":["OldLady","FairyFestival","WallGazer"],"picked":"Singing Bowl","floor":12},{"not_picked":["Outmaneuver","Deflect","Reflex"],"picked":"SKIP","floor":12},{"not_picked":["DespairKnight","HappyTeddy","Scarecrow"],"picked":"Singing Bowl","floor":14},{"not_picked":["Caltrops","Dodge and Roll"],"picked":"Slice","floor":14},{"not_picked":["PunishingBird","BeautyBeast","HeroicMonk"],"picked":"Singing Bowl","floor":16},{"not_picked":["Atom Bomb","Tools of the Trade"],"picked":"Malaise","floor":16},{"not_picked":["BeautyBeast","Wellcheers","FairyFestival"],"picked":"Singing Bowl","floor":18},{"not_picked":["Dagger Throw","StuffTheSpire:BumpUp+1"],"picked":"Cloak And Dagger","floor":18},{"not_picked":["HappyTeddy","Murderer","LongBird"],"picked":"Singing Bowl","floor":19},{"not_picked":["Skewer","Poisoned Stab","StuffTheSpire:Python"],"picked":"SKIP","floor":19},{"not_picked":["FieryBird","CrumblingArmor","PunishingBird"],"picked":"Singing Bowl","floor":22},{"not_picked":["Tactician","StuffTheSpire:Injection"],"picked":"Backflip+1","floor":22},{"not_picked":["Murderer","Yin","FairyFestival"],"picked":"Singing Bowl","floor":23},{"not_picked":["Endless Agony+1","Underhanded Strike","Setup+1"],"picked":"SKIP","floor":23},{"not_picked":["VoidDream","BlackArmy","BodiesMountain"],"picked":"Singing Bowl","floor":25},{"not_picked":["Sneak Up","StuffTheSpire:BumpUp","Poisoned Stab"],"picked":"SKIP","floor":25},{"not_picked":["Mayhem","Transmutation"],"picked":"ReplayTheSpireMod:Necrogeddon","floor":29},{"not_picked":["Feint","Magnetism"],"picked":"Violence","floor":29},{"not_picked":["Corpse Explosion","Tools of the Trade"],"picked":"Wraith Form v2","floor":33},{"not_picked":["OSAHOGD","Laetitia","ShyLook"],"picked":"Singing Bowl","floor":33},{"not_picked":["OSAHOGD","WhitesApple","SpiderBud"],"picked":"Singing Bowl","floor":35},{"not_picked":["Predator","Slice"],"picked":"PiercingWail+1","floor":35},{"not_picked":["Rudolta","Funeral","Wellcheers"],"picked":"Singing Bowl","floor":37},{"not_picked":["HeroicMonk","PunishingBird","HappyTeddy"],"picked":"Singing Bowl","floor":40},{"not_picked":["Wraith Form v2","StuffTheSpire:Python+1"],"picked":"Leg Sweep+1","floor":40},{"not_picked":["Mercenary","Alriune"],"picked":"WhiteNight","floor":42},{"not_picked":["Endless Agony+1","Heel Hook","StuffTheSpire:Injection+1"],"picked":"SKIP","floor":42},{"not_picked":["HappyTeddy","SnowQueen","HeroicMonk"],"picked":"Singing Bowl","floor":45},{"not_picked":["Underhanded Strike","Prepared+1"],"picked":"Blade Dance","floor":45},{"not_picked":["Flechettes","Masterful Stab","Dagger Spray"],"picked":"SKIP","floor":48},{"not_picked":["Bane+1","Deflect+1"],"picked":"Terror","floor":54},{"not_picked":["MeltingLove","Yin","Funeral"],"picked":"Singing Bowl","floor":54}],"player_experience":1281183,"relics_obtained":[{"floor":7,"key":"infinitespire:BottledMercury"},{"floor":8,"key":"Replay:Accelerometer"},{"floor":9,"key":"halation:IllGainedPizza"},{"floor":12,"key":"Strawberry"},{"floor":14,"key":"Darkstone Periapt"},{"floor":23,"key":"Turnip"},{"floor":25,"key":"infinitespire:WardingShard"},{"floor":26,"key":"Mummified Hand"},{"floor":30,"key":"infinitespire:ShieldingShard"},{"floor":37,"key":"infinitespire:Golems Mask"},{"floor":40,"key":"aspiration:StickyExplosives_weak"},{"floor":42,"key":"Onion Ring"},{"floor":44,"key":"reliquary:Knoch"},{"floor":45,"key":"StuffTheSpire:Tea"},{"floor":54,"key":"Pear"}],"event_choices":[{"damage_healed":0,"gold_gain":0,"player_choice":"Leave","damage_taken":0,"max_hp_gain":0,"max_hp_loss":0,"event_name":"conspire:Investor","floor":5,"gold_loss":0},{"damage_healed":0,"gold_gain":0,"player_choice":"Bought 2 Potions","damage_taken":0,"max_hp_gain":0,"max_hp_loss":0,"event_name":"The Woman in Blue","floor":13,"gold_loss":0},{"damage_healed":0,"gold_gain":0,"player_choice":"1","damage_taken":0,"max_hp_gain":0,"max_hp_loss":0,"event_name":"betterMatch:BetterMatch","floor":29,"gold_loss":0,"cards_obtained":["betterMatch:ColorlessRareCard","betterMatch:ColorlessRareCard"]},{"damage_healed":0,"gold_gain":0,"player_choice":"Got Potions","damage_taken":0,"max_hp_gain":0,"max_hp_loss":0,"event_name":"Lab","floor":31,"gold_loss":0},{"damage_healed":0,"gold_gain":0,"player_choice":"Fight","damage_taken":0,"max_hp_gain":0,"max_hp_loss":0,"event_name":"MindBloom","floor":37,"gold_loss":0}],"is_beta":false,"boss_relics":[{"not_picked":["energizedSpire:NeverEndingSparkler","hubris:BlackHole"],"picked":"CosmicIsotope"},{"not_picked":["Snecko Scales","halation:PinkAlligatorPlush"],"picked":"Fusion Hammer"}],"items_purged_floors":[27,36,38,53],"is_endless":false,"potions_floor_spawned":[2,8,12,16,23,33,35,42,48],"ascension_level":5}}