{"host":"mai03x2ekbjy4059","time":1612467080,"event":{"mods":["2.2 Compatiblity","BaseMod","Colored Map","DeckTracker","Keyboard Shortcuts","Minty Spire (QoL Compilation)","Permanent Neow","Quick Restart","SuperFastMode","everything is the same but u backflip on backflip"],"gold_per_floor":[18,37,49,49,124,150,150,168,191,191,203,228,248,274,274,377,377,387,406,63,63,63,63,63],"floor_reached":23,"language":"KOR","playtime":716,"items_purged":["Strike_G"],"score":248,"play_id":"823c6320-5e28-46f0-b7d6-67c605e0c83f","local_time":"20210205043120","is_ascension_mode":true,"campfire_choices":[{"data":"Footwork","floor":7.0,"key":"SMITH"},{"data":"Dodge and Roll","floor":10.0,"key":"SMITH"},{"data":"Bouncing Flask","floor":15.0,"key":"SMITH"}],"circlet_count":0,"master_deck":["Strike_G","Strike_G","Strike_G","Strike_G","Defend_G","Defend_G","Defend_G+1","Defend_G","Defend_G+1","Survivor","Neutralize","Dodge and Roll+1","Footwork+1","Bouncing Flask+1","Backflip","Footwork"],"relics":["Ring of the Snake","The Specimen","Regal Pillow","Smiling Mask","Pen Nib","Black Star","CaptainsWheel","MutagenicStrength"],"acts_visited":["Exordium","TheCity"],"potions_floor_usage":[23,23],"damage_taken":[{"damage":1.0,"enemies":"Cultist","floor":1.0,"turns":4.0},{"damage":3.0,"enemies":"Jaw Worm","floor":2.0,"turns":5.0},{"damage":0.0,"enemies":"2 Louse","floor":3.0,"turns":3.0},{"damage":16.0,"enemies":"3 Sentries","floor":6.0,"turns":15.0},{"damage":0.0,"enemies":"Blue Slaver","floor":8.0,"turns":6.0},{"damage":0.0,"enemies":"Exordium Thugs","floor":11.0,"turns":6.0},{"damage":0.0,"enemies":"Lagavulin","floor":12.0,"turns":8.0},{"damage":1.0,"enemies":"Red Slaver","floor":13.0,"turns":6.0},{"damage":13.0,"enemies":"Gremlin Nob","floor":14.0,"turns":4.0},{"damage":10.0,"enemies":"The Guardian","floor":16.0,"turns":11.0},{"damage":0.0,"enemies":"Shell Parasite","floor":18.0,"turns":10.0},{"damage":2.0,"enemies":"Chosen","floor":19.0,"turns":5.0},{"damage":68,"enemies":"Gremlin Leader","floor":23,"turns":6}],"seed_played":"-2762895081968450675","potions_obtained":[{"floor":1.0,"key":"SkillPotion"},{"floor":6.0,"key":"Block Potion"},{"floor":11.0,"key":"CunningPotion"},{"floor":13.0,"key":"Block Potion"},{"floor":14.0,"key":"SpeedPotion"},{"floor":18.0,"key":"AttackPotion"}],"is_trial":false,"path_per_floor":["M","M","M","?","?","E","R","M","T","R","M","E","M","E","R","B",null,"M","M","$","?","?","E"],"character_chosen":"THE_SILENT","items_purchased":["CaptainsWheel"],"campfire_rested":0,"item_purchase_floors":[20],"current_hp_per_floor":[69,66,66,52,41,25,25,25,25,25,25,25,24,11,11,1,70,70,68,68,55,55,0,0],"gold":63,"neow_bonus":"ONE_RARE_RELIC","is_daily":false,"chose_seed":false,"campfire_upgraded":3,"win_rate":0.0,"timestamp":1612467080,"path_taken":["M","?","M","?","?","E","R","M","T","R","M","E","M","E","R","BOSS","M","M","$","?","?","E"],"items_purchased_type":["Relic"],"build_version":"2020-12-22","purchased_purges":1,"victory":false,"max_hp_per_floor":[70,70,70,70,70,70,70,70,70,70,70,70,70,70,70,70,70,70,70,70,75,75,75,75],"card_choices":[{"not_picked":["Endless Agony","Quick Slash"],"picked":"Dodge and Roll","floor":1.0},{"not_picked":["Eviscerate","Underhanded Strike","Flechettes"],"picked":"SKIP","floor":2.0},{"not_picked":["Backflip","Dodge and Roll"],"picked":"Footwork","floor":3.0},{"not_picked":["Bane","Calculated Gamble","Cloak And Dagger"],"picked":"SKIP","floor":6.0},{"not_picked":["Acrobatics","Eviscerate","Finisher"],"picked":"SKIP","floor":8.0},{"not_picked":["Prepared","Backflip"],"picked":"Bouncing Flask","floor":11.0},{"not_picked":["Choke","Expertise","Bullet Time"],"picked":"SKIP","floor":12.0},{"not_picked":["Flechettes","Distraction","Poisoned Stab"],"picked":"SKIP","floor":13.0},{"not_picked":["Sucker Punch","All Out Attack"],"picked":"Backflip","floor":14.0},{"not_picked":["Bane","Blade Dance+1","Accuracy+1"],"picked":"SKIP","floor":18.0},{"not_picked":["Dodge and Roll+1","Slice"],"picked":"Footwork","floor":19.0}],"player_experience":1171294,"relics_obtained":[{"floor":6.0,"key":"Regal Pillow"},{"floor":12.0,"key":"Smiling Mask"},{"floor":14.0,"key":"Pen Nib"}],"event_choices":[{"damage_healed":0.0,"max_hp_gain":0.0,"max_hp_loss":0.0,"gold_gain":0.0,"event_name":"Shining Light","player_choice":"Entered Light","floor":4.0,"gold_loss":0.0,"damage_taken":14.0,"cards_upgraded":["Defend_G","Defend_G"]},{"damage_healed":0.0,"max_hp_gain":0.0,"max_hp_loss":0.0,"gold_gain":75.0,"event_name":"World of Goop","player_choice":"Gather Gold","floor":5.0,"gold_loss":0.0,"damage_taken":11.0},{"damage_healed":0.0,"max_hp_gain":5.0,"max_hp_loss":0.0,"gold_gain":0.0,"event_name":"Forgotten Altar","player_choice":"Shed Blood","floor":21.0,"gold_loss":0.0,"damage_taken":18.0},{"damage_healed":0.0,"max_hp_gain":0.0,"max_hp_loss":0.0,"gold_gain":0.0,"event_name":"Drug Dealer","player_choice":"Inject Mutagens","floor":22.0,"gold_loss":0.0,"damage_taken":0.0,"relics_obtained":["MutagenicStrength"]}],"is_beta":false,"boss_relics":[{"not_picked":["Coffee Dripper","Busted Crown"],"picked":"Black Star"}],"items_purged_floors":[20],"is_endless":false,"potions_floor_spawned":[1,6,11,13,14,18],"killed_by":"Gremlin Leader","ascension_level":1}}