{"host":"c6u7e77myxvw4d0m","time":1612473263,"event":{"mods":["AchievementEnabler","BaseMod","Bestiary","Colored Map","Colored Powertips","Minty Spire (QoL Compilation)","Rare Cards Sparkle","Relic Stats","everything is the same but u backflip on backflip"],"gold_per_floor":[112,112,131,56,75,75,91,91,162,191,206,234,284,304,304,304,304],"floor_reached":16,"language":"ENG","playtime":793,"items_purged":[],"score":274,"play_id":"855378e4-c1c5-40b7-97d2-4c2876d5b96c","local_time":"20210204231423","is_ascension_mode":true,"campfire_choices":[{"data":"Dagger Spray","floor":6,"key":"SMITH"},{"data":"Skewer","floor":8,"key":"SMITH"},{"data":"Deadly Poison","floor":15,"key":"SMITH"}],"circlet_count":0,"master_deck":["AscendersBane","Strike_G","Strike_G+1","Strike_G","Defend_G","Defend_G","Defend_G","Defend_G","Defend_G","Survivor","Neutralize","Quick Slash","Eviscerate+1","Predator","Dagger Spray+1","Skewer+1","Normality","Dagger Throw","Deadly Poison+1","Escape Plan","Phantasmal Killer"],"relics":["Cursed Key","Mercury Hourglass","Art of War","Whetstone"],"acts_visited":["Exordium"],"potions_floor_usage":[10,16,16],"damage_taken":[{"damage":1,"enemies":"Cultist","floor":1,"turns":4},{"damage":0,"enemies":"Small Slimes","floor":3,"turns":2},{"damage":0,"enemies":"Jaw Worm","floor":5,"turns":3},{"damage":10,"enemies":"Exordium Thugs","floor":7,"turns":5},{"damage":0,"enemies":"Gremlin Nob","floor":10,"turns":2},{"damage":1,"enemies":"Looter","floor":11,"turns":3},{"damage":10,"enemies":"3 Sentries","floor":12,"turns":3},{"damage":6,"enemies":"3 Louse","floor":14,"turns":2},{"damage":32,"enemies":"The Guardian","floor":16,"turns":8}],"seed_played":"8363143796528939970","potions_obtained":[{"floor":3,"key":"SpeedPotion"},{"floor":7,"key":"Energy Potion"},{"floor":10,"key":"EssenceOfSteel"},{"floor":11,"key":"CunningPotion"}],"is_trial":false,"path_per_floor":["M","?","M","?","M","R","M","R","T","E","M","E","?","M","R","B"],"character_chosen":"THE_SILENT","items_purchased":[],"campfire_rested":0,"item_purchase_floors":[],"current_hp_per_floor":[58,58,58,58,58,58,48,48,48,48,47,37,37,31,31,0,0],"gold":304,"neow_bonus":"BOSS_RELIC","is_daily":false,"chose_seed":false,"campfire_upgraded":3,"win_rate":0.0,"timestamp":1612473263,"path_taken":["M","?","M","?","M","R","M","R","T","E","M","E","?","M","R","BOSS"],"items_purchased_type":[],"build_version":"2020-12-22","purchased_purges":0,"victory":false,"max_hp_per_floor":[66,66,66,66,66,66,66,66,66,66,66,66,66,66,66,66,66],"relic_stats":{"counters":[9,32],"Art of War":[3],"Whetstone":["Strike_G","Eviscerate"],"Cursed Key":1,"obtain_stats":[{"Art of War":10,"Whetstone":12,"Cursed Key":0,"Ring of the Snake":0,"Mercury Hourglass":9},{"Art of War":5,"Whetstone":7,"Cursed Key":0,"Ring of the Snake":0,"Mercury Hourglass":4},{"Art of War":16,"Whetstone":22,"Cursed Key":0,"Ring of the Snake":0,"Mercury Hourglass":14}],"Mercury Hourglass":[66]},"card_choices":[{"not_picked":["Dagger Throw","Heel Hook"],"picked":"Quick Slash","floor":1},{"not_picked":["Riddle With Holes","Backstab"],"picked":"Predator","floor":3},{"not_picked":["Underhanded Strike","Poisoned Stab"],"picked":"Dagger Spray","floor":5},{"not_picked":["Bane","Endless Agony"],"picked":"Skewer","floor":7},{"not_picked":["Expertise","Dash"],"picked":"Dagger Throw","floor":10},{"not_picked":["Catalyst","Predator"],"picked":"Deadly Poison","floor":11},{"not_picked":["Slice","Dodge and Roll"],"picked":"Escape Plan","floor":12},{"not_picked":["Quick Slash","Tactician"],"picked":"Phantasmal Killer","floor":14}],"player_experience":671257,"relics_obtained":[{"floor":9,"key":"Mercury Hourglass"},{"floor":10,"key":"Art of War"},{"floor":12,"key":"Whetstone"}],"event_choices":[{"damage_healed":0,"gold_gain":0,"cards_transformed":["Strike_G"],"player_choice":"Change","damage_taken":0,"max_hp_gain":0,"max_hp_loss":0,"event_name":"Living Wall","floor":2,"gold_loss":0,"cards_obtained":["Eviscerate"]},{"cards_removed":["Strike_G"],"damage_healed":0,"gold_gain":0,"player_choice":"Card Removal","damage_taken":0,"max_hp_gain":0,"max_hp_loss":0,"event_name":"The Cleric","floor":4,"gold_loss":75},{"damage_healed":0,"gold_gain":50,"player_choice":"Pray","damage_taken":0,"max_hp_gain":0,"max_hp_loss":0,"event_name":"Golden Shrine","floor":13,"gold_loss":0}],"is_beta":false,"boss_relics":[],"items_purged_floors":[],"is_endless":false,"potions_floor_spawned":[3,7,10,11],"killed_by":"The Guardian","ascension_level":20}}