{"host":"0tiuc76yumknr6qf","time":1612397730,"event":{"mods":["BaseMod","Bestiary","Colored Map","DeckTracker","Highlight Path","Minty Spire (QoL Compilation)","StSLib"],"gold_per_floor":[218,229,89,103,119,151,151,166,166,166,194,261,52,52,52,129,129,143,157,177,177,14,42,104,124,124,99,199,249,316,329,329,404,404,416,4,74,85,97,97,127,177,256,281,297,297,311,328,328,328,328],"floor_reached":50,"language":"ENG","playtime":3465,"items_purged":["Strike_G"],"score":1251,"play_id":"d1dfdbb0-db5b-43de-b3db-4c3715fe0ba1","local_time":"20210203181530","is_ascension_mode":true,"campfire_choices":[{"floor":7.0,"key":"REST"},{"data":"Eviscerate","floor":10.0,"key":"SMITH"},{"data":"Neutralize","floor":15.0,"key":"SMITH"},{"floor":32.0,"key":"REST"},{"floor":40,"key":"REST"},{"floor":46,"key":"REST"},{"floor":49,"key":"RECALL"}],"circlet_count":0,"master_deck":["AscendersBane","Defend_G","Defend_G","Defend_G","Defend_G","Defend_G","Survivor","Neutralize+1","Blade Dance","Eviscerate+1","Die Die Die","Blade Dance","Footwork","Acrobatics","Escape Plan","Dagger Throw","Blade Dance","Accuracy+1","Corpse Explosion","Prepared+1","Crippling Poison","Eviscerate","Endless Agony+1","Dagger Throw+1","Die Die Die+1","Backflip+1","PiercingWail","Tools of the Trade","Storm of Steel+1","Outmaneuver+1","Leg Sweep+1","Backflip","Slice+1","Accuracy+1","Infinite Blades","Acrobatics+1","Blade Dance+1","Envenom"],"relics":["Ring of the Snake","PreservedInsect","Kunai","InkBottle","TwistedFunnel","HoveringKite","SsserpentHead","Molten Egg 2","The Courier","MutagenicStrength","Astrolabe","DollysMirror","Shuriken","Boot","White Beast Statue"],"acts_visited":["Exordium","TheCity","TheBeyond"],"potions_floor_usage":[38,45],"damage_taken":[{"damage":1.0,"enemies":"Small Slimes","floor":1.0,"turns":4.0},{"damage":0.0,"enemies":"2 Louse","floor":2.0,"turns":4.0},{"damage":0.0,"enemies":"Cultist","floor":4.0,"turns":3.0},{"damage":16.0,"enemies":"Large Slime","floor":5.0,"turns":7.0},{"damage":32.0,"enemies":"Gremlin Nob","floor":6.0,"turns":4.0},{"damage":3.0,"enemies":"Lots of Slimes","floor":8.0,"turns":3.0},{"damage":0.0,"enemies":"3 Sentries","floor":11.0,"turns":4.0},{"damage":8.0,"enemies":"Slime Boss","floor":16.0,"turns":7.0},{"damage":0.0,"enemies":"Chosen","floor":18.0,"turns":3.0},{"damage":5.0,"enemies":"Spheric Guardian","floor":19.0,"turns":3.0},{"damage":18.0,"enemies":"Snecko","floor":20.0,"turns":5.0},{"damage":22.0,"enemies":"Book of Stabbing","floor":23.0,"turns":4.0},{"damage":0.0,"enemies":"3 Cultists","floor":24.0,"turns":2.0},{"damage":10.0,"enemies":"Centurion and Healer","floor":25.0,"turns":5.0},{"damage":8.0,"enemies":"Shelled Parasite and Fungi","floor":30.0,"turns":2.0},{"damage":4.0,"enemies":"Snake Plant","floor":31.0,"turns":2.0},{"damage":6.0,"enemies":"Automaton","floor":33.0,"turns":9.0},{"damage":0.0,"enemies":"3 Shapes","floor":35.0,"turns":8.0},{"damage":18,"enemies":"Orb Walker","floor":37,"turns":5},{"damage":42,"enemies":"Jaw Worm Horde","floor":38,"turns":5},{"damage":0,"enemies":"Transient","floor":39,"turns":6},{"damage":23,"enemies":"Reptomancer","floor":41,"turns":5},{"damage":0,"enemies":"Giant Head","floor":44,"turns":4},{"damage":22,"enemies":"Writhing Mass","floor":45,"turns":5},{"damage":0,"enemies":"Sphere and 2 Shapes","floor":47,"turns":1},{"damage":15,"enemies":"4 Shapes","floor":48,"turns":6},{"damage":30,"enemies":"Awakened One","floor":50,"turns":2}],"seed_played":"-6314135284224211132","potions_obtained":[{"floor":2.0,"key":"LiquidBronze"},{"floor":6.0,"key":"LiquidMemories"},{"floor":11.0,"key":"Regen Potion"},{"floor":16.0,"key":"Regen Potion"},{"floor":18.0,"key":"Block Potion"},{"floor":24.0,"key":"FairyPotion"},{"floor":25.0,"key":"Regen Potion"},{"floor":44,"key":"FearPotion"},{"floor":45,"key":"CultistPotion"},{"floor":47,"key":"LiquidBronze"}],"is_trial":false,"path_per_floor":["M","M","$","M","M","E","R","M","T","R","E","?","$","?","R","B",null,"M","M","M","?","$","E","M","M","T","?","?","?","M","M","R","B",null,"M","$","M","M","M","R","E","?","T","E","M","R","M","M","R","B"],"character_chosen":"THE_SILENT","items_purchased":["Die Die Die","Blade Dance","Accuracy","TwistedFunnel","Eviscerate","Slice+1","DollysMirror","Shuriken","Infinite Blades"],"campfire_rested":4,"item_purchase_floors":[3,3,13,13,22,36,36,36,36],"current_hp_per_floor":[58,58,58,58,42,10,29,26,26,26,26,26,26,26,26,33,58,58,53,35,35,35,13,13,17,17,17,17,17,9,5,24,18,54,54,54,36,9,9,28,5,5,5,5,19,38,38,23,23,0,0],"gold":328,"neow_bonus":"HUNDRED_GOLD","is_daily":false,"chose_seed":false,"campfire_upgraded":2,"win_rate":0.0,"timestamp":1612397730,"path_taken":["M","M","$","M","M","E","R","M","T","R","E","?","$","?","R","BOSS","M","M","?","?","$","E","?","M","T","?","?","?","?","M","R","BOSS","M","$","?","M","M","R","E","?","T","E","M","R","M","M","R","BOSS"],"items_purchased_type":["Card","Card","Card","Relic","Card","Card","Relic","Relic","Card"],"build_version":"2020-12-22","purchased_purges":1,"victory":false,"max_hp_per_floor":[66,66,66,66,66,66,66,66,66,66,66,66,66,66,66,66,66,66,66,66,66,66,66,66,66,66,66,66,66,66,66,66,66,66,66,66,66,66,66,66,66,66,66,66,66,66,66,66,66,66,66],"card_choices":[{"not_picked":["Sucker Punch","Slice"],"picked":"Blade Dance","floor":1.0},{"not_picked":["Dagger Spray","Tactician"],"picked":"Eviscerate","floor":2.0},{"not_picked":["Deflect","Predator"],"picked":"Footwork","floor":4.0},{"not_picked":["Skewer","Eviscerate"],"picked":"Acrobatics","floor":5.0},{"not_picked":["Cloak And Dagger","Acrobatics"],"picked":"Escape Plan","floor":6.0},{"not_picked":["Expertise","Dagger Spray"],"picked":"Dagger Throw","floor":8.0},{"not_picked":["Dagger Spray","Masterful Stab"],"picked":"Blade Dance","floor":11.0},{"not_picked":["Die Die Die","Glass Knife"],"picked":"Corpse Explosion","floor":16.0},{"not_picked":["Acrobatics","Masterful Stab+1"],"picked":"Prepared+1","floor":18.0},{"not_picked":["Setup","Bane"],"picked":"Crippling Poison","floor":19.0},{"not_picked":["Dagger Spray","Sucker Punch","Crippling Poison"],"picked":"SKIP","floor":20.0},{"not_picked":["Deflect+1","Blur"],"picked":"Endless Agony+1","floor":23.0},{"not_picked":["Crippling Poison","Escape Plan"],"picked":"Dagger Throw+1","floor":24.0},{"not_picked":["Bane+1","Flying Knee+1"],"picked":"Die Die Die+1","floor":25.0},{"not_picked":["Dodge and Roll","Endless Agony+1"],"picked":"Backflip+1","floor":30.0},{"not_picked":["Masterful Stab+1","Dodge and Roll"],"picked":"PiercingWail","floor":31.0},{"not_picked":["Bullet Time","Grand Finale+1"],"picked":"Tools of the Trade","floor":33.0},{"not_picked":["Quick Slash+1","Choke+1"],"picked":"Backflip","floor":35.0},{"not_picked":["Cloak And Dagger","Poisoned Stab+1"],"picked":"Acrobatics+1","floor":37},{"not_picked":["Endless Agony+1","Dagger Throw+1","Poisoned Stab+1"],"picked":"SKIP","floor":38},{"not_picked":["Poisoned Stab+1","Cloak And Dagger","Flechettes+1"],"picked":"SKIP","floor":39},{"not_picked":["Dodge and Roll+1","Underhanded Strike+1"],"picked":"Blade Dance+1","floor":41},{"not_picked":["PiercingWail","Dash+1","Setup"],"picked":"SKIP","floor":44},{"not_picked":["Infinite Blades","PiercingWail+1","Distraction"],"picked":"SKIP","floor":45},{"not_picked":["Infinite Blades+1","Prepared+1"],"picked":"Envenom","floor":47},{"not_picked":["Dagger Spray+1","Caltrops+1","Catalyst"],"picked":"SKIP","floor":48}],"player_experience":1930627,"relics_obtained":[{"floor":6.0,"key":"PreservedInsect"},{"floor":9.0,"key":"Kunai"},{"floor":11.0,"key":"InkBottle"},{"floor":23.0,"key":"Molten Egg 2"},{"floor":26.0,"key":"The Courier"},{"floor":41,"key":"Boot"},{"floor":44,"key":"White Beast Statue"}],"event_choices":[{"damage_healed":0.0,"max_hp_gain":0.0,"max_hp_loss":0.0,"gold_gain":67.0,"event_name":"Golden Wing","player_choice":"Gained Gold","floor":12.0,"gold_loss":0.0,"damage_taken":0.0},{"damage_healed":0.0,"max_hp_gain":0.0,"max_hp_loss":0.0,"gold_gain":0.0,"event_name":"Upgrade Shrine","player_choice":"Upgraded","floor":14.0,"gold_loss":0.0,"damage_taken":0.0,"cards_upgraded":["Accuracy"]},{"damage_healed":0.0,"max_hp_gain":0.0,"max_hp_loss":0.0,"gold_gain":0.0,"event_name":"FaceTrader","player_choice":"Trade","floor":21.0,"gold_loss":0.0,"damage_taken":0.0,"relics_obtained":["SsserpentHead"]},{"cards_removed":["Strike_G"],"damage_healed":0.0,"max_hp_gain":0.0,"max_hp_loss":0.0,"gold_gain":0.0,"event_name":"Beggar","player_choice":"Gave Gold","floor":27.0,"gold_loss":75.0,"damage_taken":0.0},{"damage_healed":0.0,"max_hp_gain":0.0,"max_hp_loss":0.0,"gold_gain":50.0,"event_name":"Nest","player_choice":"Stole From Cult","floor":28.0,"gold_loss":0.0,"damage_taken":0.0},{"damage_healed":0.0,"max_hp_gain":0.0,"max_hp_loss":0.0,"gold_gain":0.0,"event_name":"Drug Dealer","player_choice":"Inject Mutagens","floor":29.0,"gold_loss":0.0,"damage_taken":0.0,"relics_obtained":["MutagenicStrength"]},{"damage_healed":0,"gold_gain":0,"player_choice":"Ignored","damage_taken":0,"max_hp_gain":0,"max_hp_loss":0,"event_name":"Mysterious Sphere","floor":42,"gold_loss":0}],"is_beta":false,"boss_relics":[{"not_picked":["Busted Crown","Runic Dome"],"picked":"HoveringKite"},{"not_picked":["Snecko Eye","Velvet Choker"],"picked":"Astrolabe"}],"items_purged_floors":[22],"is_endless":false,"potions_floor_spawned":[2,6,11,16,18,24,25,30,37,44,45,47,48],"killed_by":"Awakened One","ascension_level":20}}