{"host":"p9vmbvw2hh2n16dn","time":1612440268,"event":{"mods":["AchievementEnabler","BaseMod","Block Reminder","Minty Spire (QoL Compilation)","Relic Stats","SuperFastMode"],"gold_per_floor":[111,126,136,86,97,97,131,143,143,169,169,185,211,211,211,316,316,329,329,38,53,53,86,86,120,170,170,170,170,269,303,303,403,403,419,433,211,211,211,242,254,301,313,353,365,407,419,431,443,455],"floor_reached":51,"language":"ENG","playtime":5025,"items_purged":["Strike_B"],"score":1172,"play_id":"95b03d0c-8dff-4c1b-957f-d0b6d400afc2","local_time":"20210204130428","is_ascension_mode":true,"campfire_choices":[{"floor":6.0,"key":"REST"},{"data":"Sunder","floor":11.0,"key":"SMITH"},{"floor":15.0,"key":"REST"},{"data":"Sunder","floor":24.0,"key":"SMITH"},{"floor":27.0,"key":"REST"},{"floor":29.0,"key":"REST"},{"data":"Hologram","floor":32.0,"key":"SMITH"},{"floor":41.0,"key":"REST"},{"data":"Aggregate","floor":45.0,"key":"SMITH"},{"data":"Thunder Strike","floor":49.0,"key":"SMITH"}],"circlet_count":0,"master_deck":["Defend_B","Defend_B+1","Defend_B","Defend_B+1","Zap","Dualcast","Cold Snap","Aggregate+1","Sunder+1","Chill","Double Energy+1","Rip and Tear","Aggregate+1","Conserve Battery","Rebound","Hologram+1","Tempest","Steam","Skim","Sunder+1","Leap","Multi-Cast","Creative AI","Meteor Strike","Self Repair","Meteor Strike","Sunder","Meteor Strike","Thunder Strike+1"],"relics":["Cracked Core","Ice Cream","Juzu Bracelet","StoneCalendar","Bottled Flame","Lizard Tail","Snecko Eye","War Paint","Art of War","DataDisk","Centennial Puzzle","Nloth\u0027s Gift","Vajra","Sozu","DollysMirror","MawBank","Boot","Bottled Lightning","Mercury Hourglass","Torii"],"acts_visited":["Exordium","TheCity","TheBeyond"],"potions_floor_usage":[],"damage_taken":[{"damage":5.0,"enemies":"2 Louse","floor":1.0,"turns":3.0},{"damage":7.0,"enemies":"Small Slimes","floor":2.0,"turns":3.0},{"damage":7.0,"enemies":"Jaw Worm","floor":3.0,"turns":4.0},{"damage":5.0,"enemies":"2 Fungi Beasts","floor":5.0,"turns":2.0},{"damage":3.0,"enemies":"3 Sentries","floor":7.0,"turns":6.0},{"damage":0.0,"enemies":"Large Slime","floor":8.0,"turns":4.0},{"damage":20.0,"enemies":"Gremlin Nob","floor":10.0,"turns":4.0},{"damage":1.0,"enemies":"Exordium Thugs","floor":12.0,"turns":4.0},{"damage":15.0,"enemies":"Lagavulin","floor":13.0,"turns":5.0},{"damage":18.0,"enemies":"Slime Boss","floor":16.0,"turns":7.0},{"damage":12.0,"enemies":"3 Byrds","floor":18.0,"turns":3.0},{"damage":0.0,"enemies":"2 Thieves","floor":21.0,"turns":1.0},{"damage":10.0,"enemies":"Gremlin Leader","floor":23.0,"turns":5.0},{"damage":48.0,"enemies":"Book of Stabbing","floor":25.0,"turns":7.0},{"damage":2.0,"enemies":"Slavers","floor":31.0,"turns":5.0},{"damage":45.0,"enemies":"Automaton","floor":33.0,"turns":7.0},{"damage":10.0,"enemies":"3 Darklings","floor":35.0,"turns":3.0},{"damage":5.0,"enemies":"3 Shapes","floor":36.0,"turns":3.0},{"damage":0.0,"enemies":"3 Darklings","floor":38.0,"turns":2.0},{"damage":37.0,"enemies":"Nemesis","floor":40.0,"turns":7.0},{"damage":11.0,"enemies":"Reptomancer","floor":42.0,"turns":4.0},{"damage":0.0,"enemies":"Giant Head","floor":44.0,"turns":5.0},{"damage":0.0,"enemies":"Reptomancer","floor":46.0,"turns":2.0},{"damage":37,"enemies":"Time Eater","floor":50,"turns":4}],"seed_played":"4538880835470235705","potions_obtained":[{"floor":2.0,"key":"Swift Potion"},{"floor":3.0,"key":"PotionOfCapacity"},{"floor":5.0,"key":"Block Potion"},{"floor":13.0,"key":"Dexterity Potion"},{"floor":16.0,"key":"EntropicBrew"},{"floor":18.0,"key":"Weak Potion"},{"floor":31.0,"key":"Explosive Potion"}],"is_trial":false,"path_per_floor":["M","M","M","?","M","R","E","M","T","E","R","M","E","?","R","B",null,"M","?","$","M","?","E","R","E","T","R","?","R","?","E","R","B",null,"M","M","$","M","?","E","R","E","T","E","R","E","?","?","R","B",null],"character_chosen":"DEFECT","items_purchased":["War Paint","Art of War","DollysMirror"],"campfire_rested":5,"item_purchase_floors":[20,20,37],"current_hp_per_floor":[45,38,31,31,26,48,45,45,45,25,25,24,9,9,31,13,60,48,48,48,48,48,52,52,4,4,26,26,48,48,46,46,1,57,47,49,49,56,56,19,41,37,37,44,44,44,44,44,44,7],"gold":467,"neow_bonus":"ONE_RARE_RELIC","is_daily":false,"chose_seed":false,"campfire_upgraded":5,"win_rate":0.0,"timestamp":1612440268,"path_taken":["M","M","M","?","M","R","E","M","T","E","R","M","E","?","R","BOSS","M","?","$","M","?","E","R","E","T","R","?","R","?","E","R","BOSS","M","M","$","M","?","E","R","E","T","E","R","E","?","?","R","BOSS"],"items_purchased_type":["Relic","Relic","Relic"],"build_version":"2020-12-22","purchased_purges":1,"victory":true,"max_hp_per_floor":[75,75,75,75,75,75,75,75,75,75,75,75,75,75,75,75,75,75,75,75,75,75,75,75,75,75,75,75,75,75,75,75,75,75,75,75,75,75,75,75,75,75,75,75,75,75,75,75,75,75],"relic_stats":{"Torii":0,"counters":[24,100],"StoneCalendar":[14],"Juzu Bracelet":1,"War Paint":["Defend_B","Defend_B"],"MawBank":132,"Boot":[4],"Mercury Hourglass":[24],"Sozu":4,"Lizard Tail":0,"Centennial Puzzle":[21],"Snecko Eye":[93,99,107,105],"Art of War":[8],"Nloth\u0027s Gift":4,"obtain_stats":[{"Ice Cream":0,"Torii":46,"Vajra":31,"StoneCalendar":9,"Juzu Bracelet":7,"War Paint":20,"MawBank":40,"Boot":42,"Mercury Hourglass":44,"Sozu":34,"Bottled Flame":10,"Lizard Tail":13,"Dream Catcher":23,"DataDisk":25,"Centennial Puzzle":26,"DollysMirror":37,"Snecko Eye":17,"Art of War":20,"Nloth\u0027s Gift":28,"Bottled Lightning":43,"Cracked Core":0},{"Ice Cream":0,"Torii":23,"Vajra":15,"StoneCalendar":6,"Juzu Bracelet":5,"War Paint":11,"MawBank":20,"Boot":21,"Mercury Hourglass":22,"Sozu":16,"Bottled Flame":7,"Lizard Tail":9,"Dream Catcher":13,"DataDisk":14,"Centennial Puzzle":14,"DollysMirror":18,"Snecko Eye":10,"Art of War":11,"Nloth\u0027s Gift":14,"Bottled Lightning":21,"Cracked Core":0},{"Ice Cream":0,"Torii":96,"Vajra":63,"StoneCalendar":22,"Juzu Bracelet":18,"War Paint":45,"MawBank":85,"Boot":89,"Mercury Hourglass":94,"Sozu":70,"Bottled Flame":26,"Lizard Tail":35,"Dream Catcher":51,"DataDisk":58,"Centennial Puzzle":58,"DollysMirror":76,"Snecko Eye":42,"Art of War":45,"Nloth\u0027s Gift":58,"Bottled Lightning":89,"Cracked Core":0}]},"card_choices":[{"not_picked":["Go for the Eyes","Doom and Gloom"],"picked":"Cold Snap","floor":1.0},{"not_picked":["Genetic Algorithm","Ball Lightning"],"picked":"Aggregate","floor":2.0},{"not_picked":["Barrage","Sweeping Beam"],"picked":"Sunder","floor":3.0},{"not_picked":["Gash","Cold Snap"],"picked":"Chill","floor":5.0},{"not_picked":["Cold Snap","Rip and Tear"],"picked":"Double Energy","floor":7.0},{"not_picked":["Force Field","Conserve Battery"],"picked":"Rip and Tear","floor":8.0},{"not_picked":["Static Discharge","Stack"],"picked":"Aggregate","floor":10.0},{"not_picked":["Chaos","All For One"],"picked":"Conserve Battery","floor":12.0},{"not_picked":["Heatsinks","Machine Learning"],"picked":"Rebound","floor":13.0},{"not_picked":["All For One","Biased Cognition"],"picked":"Seek","floor":16.0},{"not_picked":["Beam Cell","Cold Snap"],"picked":"Hologram","floor":18.0},{"not_picked":["Heatsinks","Gash","Stack"],"picked":"SKIP","floor":21.0},{"not_picked":["Darkness","Rebound"],"picked":"Sunder","floor":23.0},{"not_picked":["Scrape+1","Reinforced Body"],"picked":"Leap","floor":25.0},{"not_picked":["Hologram","Glacier"],"picked":"Multi-Cast","floor":27.0},{"not_picked":["Streamline+1","Hyperbeam"],"picked":"Creative AI","floor":31.0},{"not_picked":["Thunder Strike","Reboot"],"picked":"Meteor Strike","floor":33.0},{"not_picked":["Streamline+1","Melter"],"picked":"Self Repair","floor":35.0},{"not_picked":["Heatsinks","Melter+1","Stack"],"picked":"SKIP","floor":36.0},{"not_picked":["Rip and Tear","Hologram"],"picked":"Sunder","floor":40.0},{"not_picked":["Loop+1","Chill+1"],"picked":"Meteor Strike","floor":42.0},{"not_picked":["Compile Driver","Rip and Tear+1"],"picked":"Thunder Strike","floor":44.0},{"not_picked":["Scrape","Barrage","Sweeping Beam"],"picked":"SKIP","floor":46.0}],"player_experience":298484,"relics_obtained":[{"floor":7.0,"key":"Juzu Bracelet"},{"floor":9.0,"key":"StoneCalendar"},{"floor":10.0,"key":"Bottled Flame"},{"floor":13.0,"key":"Lizard Tail"},{"floor":23.0,"key":"Dream Catcher"},{"floor":25.0,"key":"DataDisk"},{"floor":26.0,"key":"Centennial Puzzle"},{"floor":31.0,"key":"Vajra"},{"floor":40.0,"key":"MawBank"},{"floor":42.0,"key":"Boot"},{"floor":43.0,"key":"Bottled Lightning"},{"floor":44.0,"key":"Mercury Hourglass"},{"floor":46.0,"key":"Torii"}],"event_choices":[{"cards_removed":["Strike_B"],"damage_healed":0.0,"max_hp_gain":0.0,"max_hp_loss":0.0,"gold_gain":0.0,"event_name":"The Cleric","player_choice":"Card Removal","floor":4.0,"gold_loss":50.0,"damage_taken":0.0},{"damage_healed":0.0,"max_hp_gain":0.0,"max_hp_loss":0.0,"gold_gain":0.0,"event_name":"Living Wall","player_choice":"Grow","floor":14.0,"gold_loss":0.0,"damage_taken":0.0,"cards_upgraded":["Double Energy"]},{"damage_healed":0.0,"max_hp_gain":0.0,"max_hp_loss":0.0,"gold_gain":0.0,"event_name":"The Library","player_choice":"Read","floor":19.0,"gold_loss":0.0,"damage_taken":0.0,"cards_obtained":["Tempest"]},{"damage_healed":0.0,"max_hp_gain":0.0,"max_hp_loss":0.0,"gold_gain":0.0,"cards_transformed":["Strike_B","Strike_B"],"event_name":"Drug Dealer","player_choice":"Became Test Subject","floor":22.0,"gold_loss":0.0,"damage_taken":0.0,"cards_obtained":["Steam","Skim"]},{"damage_healed":0.0,"max_hp_gain":0.0,"max_hp_loss":0.0,"gold_gain":0.0,"event_name":"N\u0027loth","player_choice":"Traded Relic","floor":28.0,"relics_lost":["Dream Catcher"],"gold_loss":0.0,"damage_taken":0.0,"relics_obtained":["Nloth\u0027s Gift"]},{"damage_healed":0.0,"max_hp_gain":0.0,"max_hp_loss":0.0,"gold_gain":99.0,"event_name":"Nest","player_choice":"Stole From Cult","floor":30.0,"gold_loss":0.0,"damage_taken":0.0},{"damage_healed":0.0,"max_hp_gain":0.0,"max_hp_loss":0.0,"gold_gain":0.0,"event_name":"Tomb of Lord Red Mask","player_choice":"Ignored","floor":39.0,"gold_loss":0.0,"damage_taken":0.0},{"cards_removed":["Seek"],"damage_healed":0.0,"max_hp_gain":0.0,"max_hp_loss":0.0,"gold_gain":0.0,"event_name":"Falling","player_choice":"Removed Skill","floor":47.0,"gold_loss":0.0,"damage_taken":0.0},{"damage_healed":0.0,"max_hp_gain":0.0,"max_hp_loss":0.0,"gold_gain":0.0,"event_name":"Upgrade Shrine","player_choice":"Upgraded","floor":48.0,"gold_loss":0.0,"damage_taken":0.0,"cards_upgraded":["Aggregate"]}],"is_beta":false,"boss_relics":[{"not_picked":["Pandora\u0027s Box","Inserter"],"picked":"Snecko Eye"},{"not_picked":["Tiny House","FrozenCore"],"picked":"Sozu"}],"items_purged_floors":[37],"is_endless":false,"potions_floor_spawned":[2,3,5,13,16,18,21,31,35,36,44,46],"ascension_level":8}}