{"host":"tkinv8gv6hgcc58b","time":1612419330,"event":{"mods":["AchievementEnabler","BaseMod","BetterRewards","Colored Map","Downfall","Googly Eyes","Hermit","Minty Spire (QoL Compilation)","Rare Cards Sparkle","Relic Filter","StSLib","The Cursed","The Disciple"],"gold_per_floor":[110,41,41,41,41,41,53,53,53,53,53,53,70,82,33,33,33,135,135,151,151,151,164,174,174,192,211,211,211,230,0,0,12,12,12,108,108,126,126,126,4,23,23,36,36,87,137,187,106,106,174,174,174,174],"floor_reached":53,"language":"ENG","playtime":2298,"items_purged":["Parasite"],"score":856,"play_id":"9f887407-0b90-4120-ad9d-3d57d54a7e0f","local_time":"20210204011530","is_ascension_mode":true,"campfire_choices":[{"data":"MentalFortress","floor":6.0,"key":"SMITH"},{"data":"Eruption","floor":9.0,"key":"SMITH"},{"data":"SandsOfTime","floor":12.0,"key":"SMITH"},{"floor":17.0,"key":"REST"},{"floor":25.0,"key":"REST"},{"floor":32.0,"key":"REST"},{"floor":35.0,"key":"REST"},{"data":"Alpha","floor":43,"key":"SMITH"},{"data":"Wallop","floor":45,"key":"SMITH"},{"data":"Dark Shackles","floor":50,"key":"SMITH"},{"floor":52,"key":"REST"}],"circlet_count":0,"master_deck":["Defend_P","Defend_P","Defend_P","Defend_P","Eruption+1","Vigilance","MentalFortress+1","ClearTheMind","The Bomb","FlurryOfBlows","Blasphemy+1","SandsOfTime+1","Vengeance","Swivel+1","EmptyFist","Alpha+1","Wallop+1","Establishment","SandsOfTime","Bite","Bite","Bite","Bite","Bite","MasterReality","CurseOfTheBell","Dark Shackles+1","Study+1","Evaluate"],"relics":["HolyWater","Pear","WarpedTongs","hexamod:CandleOfCauterizing","Pocketwatch","StoneCalendar","The Courier","Calling Bell","TungstenRod","Eternal Feather","Du-Vu Doll","Matryoshka","Guardian:BottledAnomaly","Darkstone Periapt","SsserpentHead"],"acts_visited":["Exordium","TheCity","TheBeyond"],"potions_floor_usage":[36,48,53,53,53],"damage_taken":[{"damage":2.0,"enemies":"Jaw Worm","floor":1.0,"turns":4.0},{"damage":0.0,"enemies":"2 Louse","floor":7.0,"turns":2.0},{"damage":7.0,"enemies":"Cultist","floor":13.0,"turns":3.0},{"damage":28.0,"enemies":"Gremlin Gang","floor":14.0,"turns":3.0},{"damage":0.0,"enemies":"Slime Boss","floor":18.0,"turns":3.0},{"damage":31.0,"enemies":"Shell Parasite","floor":20.0,"turns":4.0},{"damage":13.0,"enemies":"2 Thieves","floor":23.0,"turns":3.0},{"damage":2.0,"enemies":"Sentry and Sphere","floor":24.0,"turns":3.0},{"damage":4.0,"enemies":"Cultist and Chosen","floor":26.0,"turns":4.0},{"damage":16.0,"enemies":"Snecko","floor":27.0,"turns":4.0},{"damage":9.0,"enemies":"3 Cultists","floor":30.0,"turns":4.0},{"damage":0.0,"enemies":"Centurion and Healer","floor":33.0,"turns":3.0},{"damage":53,"enemies":"Collector","floor":36,"turns":6},{"damage":24,"enemies":"3 Darklings","floor":38,"turns":3},{"damage":2,"enemies":"Orb Walker","floor":42,"turns":3},{"damage":16,"enemies":"Writhing Mass","floor":44,"turns":6},{"damage":45,"enemies":"3 Darklings","floor":51,"turns":4},{"damage":57,"enemies":"Time Eater","floor":53,"turns":5}],"seed_played":"-577375697493656277","potions_obtained":[{"floor":1.0,"key":"hexamod:SoulburnPotion"},{"floor":13.0,"key":"bronze:BurnAndBuffPotion"},{"floor":24.0,"key":"Fire Potion"},{"floor":26.0,"key":"Block Potion"},{"floor":33.0,"key":"AttackPotion"},{"floor":36,"key":"EssenceOfSteel"},{"floor":42,"key":"DuplicationPotion"},{"floor":48,"key":"Fruit Juice"},{"floor":48,"key":"SneckoOil"}],"is_trial":false,"path_per_floor":["M","$","?","?","$","R","M","?","R","T","T","R","M","M","$","?","R","B",null,"M","$","?","M","M","R","M","M","T","T","M","?","R","M","?","R","B",null,"M","?","T","$","M","R","M","R","T","?","?","$","R","M","R","B"],"character_chosen":"WATCHER","items_purchased":["Pear","MentalFortress","ClearTheMind","Blasphemy","EmptyFist","Guardian:BottledAnomaly","Evaluate"],"campfire_rested":5,"item_purchase_floors":[0,0,0,2,15,41,49],"current_hp_per_floor":[66,66,66,66,66,66,66,66,66,66,66,66,59,31,31,31,55,55,75,44,44,44,31,29,53,49,33,33,33,24,24,48,48,48,57,17,47,29,29,29,29,29,44,36,51,51,51,56,56,59,16,48,0,0],"gold":174,"neow_bonus":"","is_daily":false,"chose_seed":false,"campfire_upgraded":6,"win_rate":0.0,"timestamp":1612419330,"path_taken":["M","$","?","?","$","R","M","?","R","T","T","R","?","?","$","?","R","BOSS","M","?","?","M","M","R","M","?","T","T","M","?","R","M","?","R","BOSS","M","?","?","?","?","R","M","R","T","?","?","$","R","?","R","BOSS"],"items_purchased_type":["Relic","Card","Card","Card","Card","Relic","Card"],"build_version":"2020-12-22","purchased_purges":1,"victory":false,"max_hp_per_floor":[82,82,82,82,82,82,82,82,82,82,82,82,82,82,82,82,82,82,82,82,82,82,82,82,82,82,82,82,82,82,82,82,82,57,57,57,57,57,57,57,57,57,57,57,57,57,57,62,59,59,59,59,59,59],"card_choices":[{"not_picked":["JustLucky","Consecrate"],"picked":"FlurryOfBlows","floor":1.0},{"not_picked":["Prostrate","JustLucky"],"picked":"SandsOfTime","floor":7.0},{"not_picked":["Conclude","LikeWater"],"picked":"Vengeance","floor":13.0},{"not_picked":["CutThroughFate","Weave"],"picked":"Swivel","floor":14.0},{"not_picked":["Wish","Judgement"],"picked":"Alpha","floor":18.0},{"not_picked":["Sanctity","WheelKick+1","PathToVictory"],"picked":"SKIP","floor":20.0},{"not_picked":["SignatureMove+1","Protect"],"picked":"Wallop","floor":23.0},{"not_picked":["FollowUp","Swivel","JustLucky"],"picked":"SKIP","floor":24.0},{"not_picked":["Wireheading","CutThroughFate"],"picked":"Establishment","floor":26.0},{"not_picked":["ClearTheMind","BowlingBash+1"],"picked":"SandsOfTime","floor":27.0},{"not_picked":["JustLucky","SashWhip","FlurryOfBlows"],"picked":"SKIP","floor":30.0},{"not_picked":["Consecrate","JustLucky+1","Prostrate"],"picked":"SKIP","floor":33.0},{"not_picked":["Omniscience","Brilliance"],"picked":"MasterReality","floor":36},{"not_picked":["Weave","Pray","TalkToTheHand"],"picked":"SKIP","floor":38},{"not_picked":["Secret Weapon","Good Instincts"],"picked":"Dark Shackles","floor":39},{"not_picked":["Tantrum+1","ClearTheMind+1","BowlingBash+1"],"picked":"SKIP","floor":42},{"not_picked":["SashWhip+1","JustLucky+1"],"picked":"Study+1","floor":44},{"not_picked":["TalkToTheHand+1","Prostrate","Tantrum+1"],"picked":"SKIP","floor":51}],"player_experience":1119419,"relics_obtained":[{"floor":10.0,"key":"hexamod:CandleOfCauterizing"},{"floor":11.0,"key":"Pocketwatch"},{"floor":28.0,"key":"StoneCalendar"},{"floor":29.0,"key":"The Courier"},{"floor":37,"key":"TungstenRod"},{"floor":37,"key":"Eternal Feather"},{"floor":37,"key":"Du-Vu Doll"},{"floor":40,"key":"Matryoshka"},{"floor":46,"key":"Darkstone Periapt"},{"floor":46,"key":"SsserpentHead"}],"event_choices":[{"damage_healed":0.0,"max_hp_gain":0.0,"max_hp_loss":0.0,"gold_gain":0.0,"event_name":"Living Wall","player_choice":"Grow","floor":3.0,"gold_loss":0.0,"damage_taken":0.0,"cards_upgraded":["Blasphemy"]},{"damage_healed":0.0,"max_hp_gain":0.0,"max_hp_loss":0.0,"gold_gain":0.0,"event_name":"The Cleric","player_choice":"Leave","floor":4.0,"gold_loss":0.0,"damage_taken":0.0},{"damage_healed":0.0,"max_hp_gain":0.0,"max_hp_loss":0.0,"gold_gain":0.0,"event_name":"Accursed Blacksmith","player_choice":"Rummage","floor":8.0,"gold_loss":0.0,"damage_taken":0.0,"relics_obtained":["WarpedTongs"],"cards_obtained":["Pain"]},{"damage_healed":0.0,"max_hp_gain":0.0,"max_hp_loss":0.0,"gold_gain":0.0,"cards_transformed":["Pain"],"event_name":"Transmorgrifier","player_choice":"Transformed","floor":16.0,"gold_loss":0.0,"damage_taken":0.0,"cards_obtained":["Clumsy"]},{"cards_removed":["Clumsy"],"damage_healed":0.0,"max_hp_gain":0.0,"max_hp_loss":0.0,"gold_gain":0.0,"event_name":"Purifier","player_choice":"Purged","floor":22.0,"gold_loss":0.0,"damage_taken":0.0},{"damage_healed":0.0,"max_hp_gain":0.0,"max_hp_loss":0.0,"gold_gain":0.0,"event_name":"Masked Bandits","player_choice":"Paid Fearfully","floor":31.0,"gold_loss":230.0,"damage_taken":0.0},{"damage_healed":0.0,"max_hp_gain":0.0,"max_hp_loss":25.0,"gold_gain":0.0,"event_name":"Vampires","player_choice":"Became a vampire","floor":34.0,"gold_loss":0.0,"damage_taken":0.0,"cards_obtained":["Bite","Bite","Bite","Bite","Bite"]},{"damage_healed":0,"gold_gain":0,"player_choice":"Memory 1","damage_taken":0,"max_hp_gain":0,"max_hp_loss":0,"event_name":"SensoryStone","floor":39,"gold_loss":0},{"damage_healed":0,"gold_gain":0,"player_choice":"Ignored","damage_taken":0,"max_hp_gain":0,"max_hp_loss":0,"event_name":"Tomb of Lord Red Mask","floor":47,"gold_loss":0},{"damage_healed":0,"gold_gain":0,"player_choice":"Got Potions","damage_taken":0,"max_hp_gain":0,"max_hp_loss":0,"event_name":"Lab","floor":48,"gold_loss":0}],"is_beta":false,"boss_relics":[{"not_picked":["Astrolabe","Busted Crown"],"picked":"HolyWater"},{"not_picked":["Snecko Eye","SacredBark"],"picked":"Calling Bell"}],"items_purged_floors":[49],"is_endless":false,"potions_floor_spawned":[1,13,24,26,33,36,42,51],"killed_by":"Time Eater","ascension_level":5}}