{"host":"928gv66myv2vlnsd","time":1612403657,"event":{"mods":["BaseMod","Highlight Path","Minty Spire (QoL Compilation)","StSLib"],"gold_per_floor":[111,186,197,22,22,22,51,51,74,74,74],"floor_reached":10,"language":"ENG","playtime":335,"items_purged":[],"score":128,"play_id":"a03df71c-31ec-4d50-8aeb-db5d3cb8fa9e","local_time":"20210203205417","is_ascension_mode":true,"campfire_choices":[{"data":"Corruption","floor":6,"key":"SMITH"},{"floor":8,"key":"REST"}],"circlet_count":0,"master_deck":["AscendersBane","Strike_R","Strike_R","Strike_R","Strike_R","Strike_R","Defend_R","Defend_R","Defend_R","Defend_R","Bash","Feel No Pain","Whirlwind","Corruption+1","True Grit","Impervious"],"relics":["Burning Blood","Orichalcum","Self Forming Clay","Vajra"],"acts_visited":["Exordium"],"potions_floor_usage":[],"damage_taken":[{"damage":4,"enemies":"Small Slimes","floor":1,"turns":4},{"damage":9,"enemies":"Jaw Worm","floor":3,"turns":5},{"damage":50,"enemies":"Lagavulin","floor":7,"turns":11},{"damage":43,"enemies":"Gremlin Nob","floor":10,"turns":4}],"seed_played":"-4826425540284232880","potions_obtained":[{"floor":7,"key":"Ancient Potion"}],"is_trial":false,"path_per_floor":["M","?","M","$","?","R","E","R","T","E"],"character_chosen":"IRONCLAD","items_purchased":["Corruption"],"campfire_rested":1,"item_purchase_floors":[4],"current_hp_per_floor":[70,59,56,56,56,56,12,34,34,0,0],"gold":74,"neow_bonus":"RANDOM_COMMON_RELIC","is_daily":false,"chose_seed":false,"campfire_upgraded":1,"win_rate":0.0,"timestamp":1612403657,"path_taken":["M","?","M","$","?","R","E","R","T","E"],"items_purchased_type":["Card"],"build_version":"2020-12-22","purchased_purges":0,"victory":false,"max_hp_per_floor":[75,75,75,75,75,75,75,75,75,75,75],"card_choices":[{"not_picked":["Wild Strike","Heavy Blade"],"picked":"Feel No Pain","floor":1},{"not_picked":["Thunderclap","Heavy Blade"],"picked":"Whirlwind","floor":3},{"not_picked":["Havoc","Wild Strike","Headbutt"],"picked":"SKIP","floor":7}],"player_experience":1442341,"relics_obtained":[{"floor":7,"key":"Self Forming Clay"},{"floor":9,"key":"Vajra"}],"event_choices":[{"damage_healed":0,"gold_gain":75,"player_choice":"Gather Gold","damage_taken":11,"max_hp_gain":0,"max_hp_loss":0,"event_name":"World of Goop","floor":2,"gold_loss":0},{"damage_healed":0,"gold_gain":0,"player_choice":"2 cards matched","damage_taken":0,"max_hp_gain":0,"max_hp_loss":0,"event_name":"Match and Keep!","floor":5,"gold_loss":0,"cards_obtained":["True Grit","Impervious"]}],"is_beta":false,"boss_relics":[],"items_purged_floors":[],"is_endless":false,"potions_floor_spawned":[7],"killed_by":"Gremlin Nob","ascension_level":20}}