{"host":"rc0y5s0pznrxft0n","time":1612401313,"event":{"mods":["BaseMod","Downfall","Hermit","Minty Spire (QoL Compilation)","StSLib"],"gold_per_floor":[110,285,560,576,651,685,685,716,716,754,47,26,47,47,47,153,153,173,188,188,188,32,70,70,88,88,88,121,137,137,175,175,282,282,293,293,50,65,82,82,116,133,159,209,247,247,61,61,61,66],"floor_reached":51,"language":"ENG","playtime":2401,"items_purged":[],"score":1147,"play_id":"45e0827d-99dc-4a93-9030-652e957d2365","local_time":"20210203201513","is_ascension_mode":true,"campfire_choices":[{"floor":15,"key":"REST"},{"data":"hermit:Manifest","floor":24,"key":"SMITH"},{"floor":27,"key":"REST"},{"data":"hermit:TakeAim","floor":32,"key":"SMITH"},{"data":"Secret Weapon","floor":40,"key":"SMITH"},{"floor":46,"key":"REST"},{"floor":49,"key":"REST"}],"circlet_count":0,"master_deck":["hermit:Strike_Hermit","hermit:Strike_Hermit","hermit:Strike_Hermit","hermit:Defend_Hermit","hermit:Defend_Hermit","hermit:Defend_Hermit","hermit:Defend_Hermit","hermit:Snapshot","hermit:Covet","hermit:CursedWeapon","hermit:Manifest+1","hermit:Scavenge","hermit:PistolWhip+1","hermit:Gambit","hermit:FlashPowder","hermit:TakeAim+1","hermit:CalledShot+1","hermit:CalledShot+1","hermit:Roughhouse+1","hermit:Snipe","hermit:Maintenance+1","hermit:Glare+1","hermit:Ricochet+1","hermit:RoundhouseKick+1","Secret Weapon+1","hermit:Vantage","hermit:GhostlyPresence","hermit:Deadeye+1","hermit:FlashPowder+1","hermit:GhostlyPresence","Master of Strategy","hermit:Coalescence"],"relics":["hermit:Momento","NeowsBlessing","Blue Candle","StoneCalendar","Molten Egg 2","Bag of Marbles","Vajra","ClockworkSouvenir","hexamod:BolsterEngine","Kunai","Sozu","MutagenicStrength","TheAbacus","Singing Bowl","Gremlin Horn","hermit:RyeStalk","Potion Belt","Empty Cage","hermit:Horseshoe","Guardian:GemstoneGun","PreservedInsect","CaptainsWheel","Mercury Hourglass"],"acts_visited":["Exordium","TheCity","TheBeyond"],"potions_floor_usage":[8,10,23],"damage_taken":[{"damage":0,"enemies":"Jaw Worm","floor":1,"turns":1},{"damage":2,"enemies":"2 Louse","floor":4,"turns":1},{"damage":0,"enemies":"Gremlin Nob","floor":6,"turns":1},{"damage":11,"enemies":"3 Sentries","floor":8,"turns":7},{"damage":23,"enemies":"Lagavulin","floor":10,"turns":6},{"damage":2,"enemies":"Cultist","floor":13,"turns":4},{"damage":3,"enemies":"The Guardian","floor":16,"turns":9},{"damage":2,"enemies":"Spheric Guardian","floor":18,"turns":2},{"damage":9,"enemies":"2 Thieves","floor":19,"turns":4},{"damage":10,"enemies":"Book of Stabbing","floor":23,"turns":4},{"damage":8,"enemies":"Chosen and Byrds","floor":25,"turns":5},{"damage":2,"enemies":"Slavers","floor":28,"turns":2},{"damage":2,"enemies":"3 Cultists","floor":29,"turns":2},{"damage":3,"enemies":"Gremlin Leader","floor":31,"turns":4},{"damage":3,"enemies":"Champ","floor":33,"turns":8},{"damage":2,"enemies":"3 Shapes","floor":35,"turns":1},{"damage":0,"enemies":"Orb Walker","floor":38,"turns":2},{"damage":5,"enemies":"Jaw Worm Horde","floor":39,"turns":3},{"damage":3,"enemies":"Reptomancer","floor":41,"turns":4},{"damage":12,"enemies":"4 Shapes","floor":42,"turns":3},{"damage":25,"enemies":"2 Orb Walkers","floor":44,"turns":4},{"damage":3,"enemies":"Giant Head","floor":45,"turns":4},{"damage":48,"enemies":"Time Eater","floor":50,"turns":11}],"seed_played":"-5491042414444535371","potions_obtained":[{"floor":1,"key":"Guardian:BlockOnCardUsePotion"},{"floor":6,"key":"Strength Potion"},{"floor":10,"key":"Slimebound:ThreeZeroPotion"},{"floor":13,"key":"sneckomod:MuddlingPotion"}],"is_trial":false,"path_per_floor":["M","?","?","M","T","E","?","E","T","E","$","?","M","$","R","B",null,"M","M","?","?","$","E","R","M","T","R","E","M","?","E","R","B",null,"M","?","$","M","M","R","E","M","T","?","E","R","$","?","R","B",null],"character_chosen":"HERMIT","items_purchased":["ClockworkSouvenir","hexamod:BolsterEngine","Kunai","hermit:FlashPowder","hermit:TakeAim","hermit:CalledShot+1","TheAbacus","hermit:Horseshoe","Master of Strategy"],"campfire_rested":4,"item_purchase_floors":[11,11,11,11,11,11,22,37,47],"current_hp_per_floor":[75,75,75,73,73,73,66,55,55,32,32,32,30,30,52,49,75,73,64,64,64,64,56,56,50,50,73,71,71,71,68,68,65,81,81,78,78,80,75,75,72,60,60,35,32,58,58,58,84,36],"gold":66,"neow_bonus":"THREE_ENEMY_KILL","is_daily":false,"chose_seed":false,"campfire_upgraded":3,"win_rate":0.0,"timestamp":1612401313,"path_taken":["M","?","?","?","?","E","?","E","T","E","$","?","M","?","R","BOSS","M","M","?","?","$","E","R","?","T","R","E","?","?","E","R","BOSS","M","?","$","M","M","R","E","M","T","?","E","R","$","?","R","BOSS"],"items_purchased_type":["Relic","Relic","Relic","Card","Card","Card","Relic","Relic","Card"],"build_version":"2020-12-22","purchased_purges":0,"victory":true,"max_hp_per_floor":[75,75,75,75,75,75,75,75,75,75,75,75,75,75,75,75,75,75,75,75,75,75,77,77,79,79,79,79,81,81,81,81,81,81,83,85,85,87,87,87,87,87,87,87,87,87,87,87,87,87],"card_choices":[{"not_picked":["hermit:ItchyTrigger","hermit:Quickdraw"],"picked":"hermit:CursedWeapon","floor":1},{"not_picked":["hermit:Shortfuse","hermit:Coalescence"],"picked":"hermit:Manifest","floor":4},{"not_picked":["hermit:BigShot","hermit:GoldenBullet"],"picked":"hermit:Scavenge","floor":6},{"not_picked":["hermit:Purgatory+1","hermit:CalledShot+1"],"picked":"hermit:PistolWhip+1","floor":8},{"not_picked":["hermit:EternalForm","hermit:Coalescence"],"picked":"hermit:Gambit","floor":10},{"not_picked":["hermit:Coalescence","hermit:LowProfile"],"picked":"hermit:CalledShot+1","floor":13},{"not_picked":["hermit:FinalCanter+1","hermit:BlackWind+1"],"picked":"hermit:Roughhouse+1","floor":16},{"not_picked":["hermit:HighCaliber+1","hermit:Gestalt"],"picked":"hermit:Snipe","floor":18},{"not_picked":["hermit:EyeOfTheStorm","hermit:Ricochet+1"],"picked":"hermit:Maintenance+1","floor":19},{"not_picked":["hermit:PistolWhip+1","hermit:Showdown+1","hermit:SprayPray+1"],"picked":"Singing Bowl","floor":23},{"not_picked":["hermit:TrackingShot+1","hermit:EyeOfTheStorm","hermit:ItchyTrigger+1"],"picked":"Singing Bowl","floor":25},{"not_picked":["hermit:Magnum+1","hermit:Horror+1"],"picked":"hermit:Glare+1","floor":28},{"not_picked":["hermit:SprayPray+1","hermit:Desperado+1","hermit:CalledShot+1"],"picked":"Singing Bowl","floor":29},{"not_picked":["hermit:TrackingShot+1","hermit:DeadMansHand"],"picked":"hermit:Ricochet+1","floor":31},{"not_picked":["hermit:DeadOrAlive+1","hermit:FromBeyond"],"picked":"hermit:RoundhouseKick+1","floor":33},{"not_picked":["hermit:Combo","hermit:Roulette+1","hermit:EyeOfTheStorm"],"picked":"Singing Bowl","floor":35},{"not_picked":["Enlightenment","Discovery"],"picked":"Secret Weapon","floor":36},{"not_picked":["Blind","Chrysalis","Forethought"],"picked":"Singing Bowl","floor":36},{"not_picked":["hermit:Headshot+1","hermit:SprayPray+1","hermit:Desperado+1"],"picked":"Singing Bowl","floor":38},{"not_picked":["hermit:Misfire+1","hermit:Showdown+1"],"picked":"hermit:Vantage","floor":39},{"not_picked":["hermit:Cheat","hermit:Shortfuse+1"],"picked":"hermit:GhostlyPresence","floor":41},{"not_picked":["hermit:DeadMansHand+1","hermit:Glare"],"picked":"hermit:Deadeye+1","floor":42},{"not_picked":["hermit:Spite+1","hermit:HoleUp"],"picked":"hermit:FlashPowder+1","floor":44},{"not_picked":["hermit:BodyArmor+1","hermit:Deadeye+1"],"picked":"hermit:GhostlyPresence","floor":45}],"player_experience":857772,"relics_obtained":[{"floor":5,"key":"Blue Candle"},{"floor":6,"key":"StoneCalendar"},{"floor":8,"key":"Molten Egg 2"},{"floor":9,"key":"Bag of Marbles"},{"floor":10,"key":"Vajra"},{"floor":23,"key":"Singing Bowl"},{"floor":26,"key":"Gremlin Horn"},{"floor":28,"key":"hermit:RyeStalk"},{"floor":31,"key":"Potion Belt"},{"floor":41,"key":"Guardian:GemstoneGun"},{"floor":43,"key":"PreservedInsect"},{"floor":44,"key":"CaptainsWheel"},{"floor":45,"key":"Mercury Hourglass"}],"event_choices":[{"damage_healed":0,"gold_gain":175,"player_choice":"AGREE","damage_taken":0,"max_hp_gain":0,"max_hp_loss":0,"event_name":"Liars Game","floor":2,"gold_loss":0,"cards_obtained":["Doubt"]},{"damage_healed":0,"gold_gain":275,"player_choice":"Desecrate","damage_taken":0,"max_hp_gain":0,"max_hp_loss":0,"event_name":"Golden Shrine","floor":3,"gold_loss":0,"cards_obtained":["Regret"]},{"cards_removed":["Doubt"],"damage_healed":0,"gold_gain":0,"player_choice":"Card Removal","damage_taken":7,"max_hp_gain":0,"max_hp_loss":0,"event_name":"Golden Wing","floor":7,"gold_loss":0},{"damage_healed":0,"gold_gain":0,"player_choice":"Left Gold","damage_taken":0,"max_hp_gain":0,"max_hp_loss":0,"event_name":"World of Goop","floor":12,"gold_loss":21},{"damage_healed":0,"gold_gain":0,"player_choice":"Inject Mutagens","damage_taken":0,"relics_obtained":["MutagenicStrength"],"max_hp_gain":0,"max_hp_loss":0,"event_name":"Drug Dealer","floor":20,"gold_loss":0},{"damage_healed":0,"gold_gain":0,"player_choice":"Smashed Altar","damage_taken":0,"max_hp_gain":0,"max_hp_loss":0,"event_name":"Forgotten Altar","floor":21,"gold_loss":0,"cards_obtained":["Decay"]},{"damage_healed":0,"gold_gain":0,"player_choice":"Ignored","damage_taken":0,"max_hp_gain":0,"max_hp_loss":0,"event_name":"Ghosts","floor":30,"gold_loss":0},{"damage_healed":0,"gold_gain":0,"player_choice":"Memory 2","damage_taken":5,"max_hp_gain":0,"max_hp_loss":0,"event_name":"SensoryStone","floor":36,"gold_loss":0},{"damage_healed":0,"gold_gain":0,"player_choice":"Fight","damage_taken":0,"max_hp_gain":0,"max_hp_loss":0,"event_name":"Mysterious Sphere","floor":44,"gold_loss":0},{"damage_healed":0,"gold_gain":0,"cards_transformed":["hermit:Strike_Hermit"],"player_choice":"Transformed","damage_taken":0,"max_hp_gain":0,"max_hp_loss":0,"event_name":"Transmorgrifier","floor":48,"gold_loss":0,"cards_obtained":["hermit:Coalescence"]}],"is_beta":false,"boss_relics":[{"not_picked":["Astrolabe","Coffee Dripper"],"picked":"Sozu"},{"not_picked":["Pandora\u0027s Box","Snecko Eye"],"picked":"Empty Cage"}],"items_purged_floors":[],"is_endless":false,"potions_floor_spawned":[1,6,10,13,18,23,25,29,33,39,44],"ascension_level":2}}