{"host":"r3eb5kff0hcmimdq","time":1612462413,"event":{"mods":["ATMod(°¢èªMod)","AchievementEnabler","Act Like it!","Aspiration","BaseMod","Challenge The Spire","Colored Powertips","Conspire","Dota2Spire","Elementarium","Highlight Path","Luminous","Minty Spire (QoL Compilation)","MostiFishMod","Quick Restart","Rare Cards Sparkle","Reimu£¨²©ÀöÁéÃÎ£©","Relic Filter","Relic Filter Mod","Replay The Spire","RumiaBox-Â¶Ã×æ«µÄÉñÃØºÐ×Ó","Shop Mod","Spicy Shops","StSLib","TestMod","The Jungle","The Senshi","¡¾ÒÅÎï¿¨ÅÆ¡¿REMEMod","óô»ðÖ¸ÄÏ"],"gold_per_floor":[112,192,192,208,221,221,239,269,339,357,357,372,385,385,385,519,519,537,576,576,576],"floor_reached":20,"language":"ZHS","playtime":764,"items_purged":[],"score":176,"play_id":"1a38e39a-873d-4b56-9b3c-94e0835eb5a2","local_time":"20210205021333","is_ascension_mode":false,"campfire_choices":[{"floor":6.0,"key":"REST"},{"floor":15,"key":"REST"}],"circlet_count":0,"master_deck":["Luminous:Light_Flash_Shower","conspire:Purge","Luminous:Mirror_Force_Luminous","AT_EmpoweredMortalDraw"],"relics":["Luminous:MirrorRelic","DaveBox","REME_ComplimentaryCards","AT_ATBox","testmod-TestBox","RhineSuit","testmod-MagicalMallet","SynthV:TestCard","Ancient Tea Set","Onion Ring","testmod-TheFather","AT_MortalBlade","aspiration:HummingbirdHeart"],"acts_visited":["Exordium","TheCity"],"potions_floor_usage":[19],"damage_taken":[{"damage":12.0,"enemies":"Small Slimes","floor":1.0,"turns":2.0},{"damage":16.0,"enemies":"Jaw Worm","floor":4.0,"turns":2.0},{"damage":5.0,"enemies":"Cultist","floor":5.0,"turns":2.0},{"damage":5.0,"enemies":"Blue Slaver","floor":7.0,"turns":2.0},{"damage":23.0,"enemies":"3 Sentries","floor":8.0,"turns":6.0},{"damage":5.0,"enemies":"Exordium Wildlife","floor":10.0,"turns":2.0},{"damage":12.0,"enemies":"3 Louse","floor":12.0,"turns":2.0},{"damage":18.0,"enemies":"Red Slaver","floor":13.0,"turns":2.0},{"damage":7,"enemies":"Fading Forest","floor":16,"turns":11},{"damage":5,"enemies":"Spheric Guardian","floor":18,"turns":1},{"damage":65,"enemies":"conspire:MimicChest","floor":19,"turns":7},{"damage":0,"enemies":"conspire:FuzzyDice","floor":20,"turns":1}],"seed_played":"1544961089983290242","potions_obtained":[{"floor":7.0,"key":"DuplicationPotion"},{"floor":8.0,"key":"Dota2Spire:Clarity"},{"floor":10.0,"key":"Doom Potion"},{"floor":19,"key":"Strength Potion"}],"is_trial":false,"path_per_floor":["M","?","?","M","M","R","M","E","T","M","?","M","M","?","R","B",null,"M","?","M"],"character_chosen":"LuminousClass","items_purchased":[],"campfire_rested":2,"item_purchase_floors":[],"current_hp_per_floor":[70,70,70,54,49,73,68,45,45,40,40,28,10,10,34,37,82,77,12,12,12],"gold":576,"neow_bonus":"TEN_PERCENT_HP_BONUS","is_daily":false,"chose_seed":false,"campfire_upgraded":0,"win_rate":0.0,"timestamp":1612462413,"path_taken":["M","?","?","M","M","R","M","E","T","M","?","?","M","?","R","BOSS","M","?","M"],"items_purchased_type":[],"build_version":"2020-12-22","purchased_purges":0,"victory":false,"max_hp_per_floor":[82,82,82,82,82,82,82,82,82,82,82,82,82,82,82,82,82,82,82,82,82],"card_choices":[{"not_picked":["Luminous:Dark_Raid","Luminous:Shadow_Shell_Luminous","Luminous:Dark_Dim_Erosion"],"picked":"SKIP","floor":1.0},{"not_picked":["Luminous:Dark_Pressure_Void","Luminous:Armageddon_Luminous","Luminous:Darkness_Mastery_Luminous","Luminous:Concentrate_Luminous","Luminous:Light_Glare"],"picked":"SKIP","floor":4.0},{"not_picked":["Luminous:Light_Glare","Luminous:Light_Wash_Luminous","Luminous:Dark_Raid","Luminous:Dark_Pressure_Void","Luminous:Light_Sylvan_Lance"],"picked":"SKIP","floor":5.0},{"not_picked":["Luminous:Accumulation_Luminous","Luminous:Light_Sylvan_Lance","Luminous:Light_Gather","Luminous:Light_Wash_Luminous","Luminous:Hero_Will_Luminous"],"picked":"SKIP","floor":7.0},{"not_picked":["Luminous:Light_Gather","Luminous:Concentrate_Luminous","Luminous:Lania_Blessing_Luminous","Luminous:Light_Disperse","Luminous:Accumulation_Luminous"],"picked":"SKIP","floor":8.0},{"not_picked":["Luminous:Dark_Dim_Erosion","Luminous:Light_Ray_of_Redemption","Luminous:Dark_Raid","Luminous:Light_Gather","Luminous:Hero_Will_Luminous"],"picked":"SKIP","floor":10.0},{"not_picked":["Luminous:Dark_Raid","Luminous:Darks_Surge_Luminous","Luminous:Light_Sylvan_Lance","Luminous:Light_Wash_Luminous","Luminous:Blinding_Pillar_Luminous"],"picked":"SKIP","floor":12.0},{"not_picked":["Luminous:Dark_Raid","Luminous:Dark_Apocalypse","Luminous:Light_Glare","Luminous:Light_Sylvan_Lance","Luminous:Dark_Dim_Erosion"],"picked":"SKIP","floor":13.0},{"not_picked":["Luminous:Lania_Blessing_Luminous","Luminous:Equalize_Luminous","Luminous:Date_of_Light_Luminous","Luminous:Chaos_Field_Luminous"],"picked":"Luminous:Mirror_Force_Luminous","floor":16},{"not_picked":["Luminous:Magic_Accelerate_Luminous","Luminous:Dark_Moonlight_Spear","Luminous:Dusk_Guard_Luminous","Luminous:Dark_Pressure_Void","Luminous:Fast_Spell_Luminous+1"],"picked":"SKIP","floor":18}],"player_experience":189490,"relics_obtained":[{"floor":1.0,"key":"SynthV:TestCard"},{"floor":8.0,"key":"Ancient Tea Set"},{"floor":9.0,"key":"Onion Ring"},{"floor":19,"key":"aspiration:HummingbirdHeart"}],"event_choices":[{"damage_healed":0.0,"max_hp_gain":0.0,"max_hp_loss":0.0,"gold_gain":0.0,"cards_transformed":["Luminous:Defend_Luminous"],"event_name":"Living Wall","player_choice":"Change","floor":3.0,"gold_loss":0.0,"damage_taken":0.0,"cards_obtained":["Luminous:Darks_Surge_Luminous"]},{"damage_healed":0.0,"max_hp_gain":0.0,"max_hp_loss":0.0,"gold_gain":0.0,"event_name":"Wheel of Change","player_choice":"Cursed","floor":11.0,"gold_loss":0.0,"damage_taken":0.0,"cards_obtained":["Decay"]},{"damage_healed":0.0,"max_hp_gain":0.0,"max_hp_loss":0.0,"gold_gain":0.0,"event_name":"Dead Adventurer","player_choice":"Searched \u00271\u0027 times","floor":14.0,"gold_loss":0.0,"damage_taken":0.0,"relics_obtained":["testmod-TheFather"]}],"is_beta":false,"boss_relics":[{"not_picked":["testmod-NegativeEmotionEnhancer","SlaversCollar"],"picked":"AT_MortalBlade"}],"items_purged_floors":[],"is_endless":false,"potions_floor_spawned":[7,8,10,12,18,19],"killed_by":"conspire:FuzzyDice","ascension_level":0}}