{"host":"3j2m8n0ywf988fwb","time":1612426454,"event":{"mods":["2.2 Compatiblity","AchievementEnabler","Act Like it!","Aspiration","Astrologer","BaseMod","Better Altar","Better Match","Better Note","Better Sensory Stone","Better Skull","Better Third Choice","CCEM2","ChefMod","Colored Map","Colored Powertips","Conspire","Dark Map","Energized Spire","GifTheSpireLib","Halation","Hallownest","Highlight Path","Hubris","Infinite Spire","Jedi Mod","Marisa????????","Marked Mod","Mimic Mod","Minty Spire (QoL Compilation)","Monster B Gone","Random Character Button","Relic Filter Mod","Relic Stats","Reliquary","Replay The Spire","Robot Space Explorer","Shade Mod","Shop Mod","Somnambulant","StS++","StSLib","Stuff the Spire","The Bug Knight","The Elementalist","The Hierophant","The Runesmith","TheBandit","TheFirefly","TheSurvivalist","Unceasing Turn Reminder","Weighted Paths","everything is the same but u backflip on backflip"],"gold_per_floor":[115,131,151,198,215,215,215,215,269,283,283,297,310,310,310],"floor_reached":14,"language":"ENG","playtime":858,"items_purged":[],"score":84,"play_id":"bc529564-e845-4fcf-a558-a785a7b56999","local_time":"20210204021414","is_ascension_mode":false,"campfire_choices":[{"data":"elementalist:Crystal_Chalk","floor":6,"key":"SMITH"},{"data":"elementalist:Mist","floor":8,"key":"SMITH"}],"circlet_count":0,"master_deck":["elementalist:Water_Emblem+1","elementalist:Strike+Elemblue","elementalist:Defend_Elemblue","elementalist:Defend_Elemblue","elementalist:Defend_Elemblue","elementalist:Defend_Elemblue","elementalist:Defend_Elemblue","elementalist:Firestrike","elementalist:Earthstrike","elementalist:Waterstrike","elementalist:Airstrike","elementalist:Crystal_Chalk+1","elementalist:Tsunami","elementalist:Solar_Form","elementalist:Mist+1","elementalist:Flame","Panache+1","elementalist:Flame","Bandage Up+1","elementalist:Rising_Tides","jedi:LeechingStrike","elementalist:Mist"],"relics":["elementalistmod:MagusStaff","elementalistmod:BlueRibbon","CCEMRelics:FryingPan","reliquary:PartyBalloon","CCEMRelics:FestiveHat"],"acts_visited":["Exordium"],"potions_floor_usage":[4,13],"damage_taken":[{"damage":16,"enemies":"infinitespire:Voidling","floor":1,"turns":5},{"damage":2,"enemies":"2 Louse","floor":2,"turns":3},{"damage":0,"enemies":"conspire:RoseBush","floor":3,"turns":6},{"damage":13,"enemies":"conspire:MimicChest","floor":4,"turns":11},{"damage":19,"enemies":"3 Louse","floor":5,"turns":5},{"damage":8,"enemies":"Large Slime","floor":10,"turns":9},{"damage":9,"enemies":"conspire:2 RoseBushes","floor":12,"turns":4},{"damage":9,"enemies":"2 Fungi Beasts","floor":13,"turns":3},{"damage":12,"enemies":"Gremlin Nob","floor":14,"turns":2}],"seed_played":"-5161113170504459093","potions_obtained":[{"floor":2,"key":"Weak Potion"},{"floor":4,"key":"Explosive Potion"},{"floor":5,"key":"Venom Potion"},{"floor":12,"key":"Flashbang"}],"is_trial":false,"path_per_floor":["M","M","M","?","M","R","?","R","T","M","?","M","M","E"],"character_chosen":"THE_ELEMENTALIST","items_purchased":[],"campfire_rested":0,"item_purchase_floors":[],"current_hp_per_floor":[67,65,65,52,33,33,26,26,26,18,18,9,6,0,0],"gold":310,"neow_bonus":"ONE_RANDOM_RARE_CARD","is_daily":false,"chose_seed":false,"campfire_upgraded":2,"win_rate":0.0,"timestamp":1612426454,"path_taken":["M","M","?","?","M","R","?","R","T","M","?","M","?","E"],"items_purchased_type":[],"build_version":"2020-12-22","purchased_purges":0,"victory":false,"max_hp_per_floor":[70,70,70,70,70,70,70,70,70,70,70,70,70,70,70],"relic_stats":{"counters":[9,48],"obtain_stats":[{"elementalistmod:BlueRibbon":1,"CCEMRelics:FestiveHat":9,"reliquary:PartyBalloon":7,"CCEMRelics:FryingPan":4,"elementalistmod:MagusStaff":0,"elementalistmod:GraduationLetter":0},{"elementalistmod:BlueRibbon":1,"CCEMRelics:FestiveHat":5,"reliquary:PartyBalloon":5,"CCEMRelics:FryingPan":4,"elementalistmod:MagusStaff":0,"elementalistmod:GraduationLetter":0},{"elementalistmod:BlueRibbon":1,"CCEMRelics:FestiveHat":30,"reliquary:PartyBalloon":30,"CCEMRelics:FryingPan":25,"elementalistmod:MagusStaff":0,"elementalistmod:GraduationLetter":0}]},"card_choices":[{"not_picked":["elementalist:Confluence","elementalist:Wards"],"picked":"elementalist:Solar_Form","floor":1},{"not_picked":["elementalist:Low_Tides","elementalist:Caution","elementalist:Confluence"],"picked":"SKIP","floor":2},{"not_picked":["elementalist:Pressurize","elementalist:Cyclone","elementalist:Low_Tides"],"picked":"SKIP","floor":3},{"not_picked":["elementalist:Pressurize","elementalist:Magma_Shot"],"picked":"elementalist:Mist","floor":4},{"not_picked":["elementalist:Mist","elementalist:Momentum"],"picked":"elementalist:Flame","floor":5},{"not_picked":["Enlightenment+1","Specialist+1"],"picked":"Panache+1","floor":10},{"not_picked":["elementalist:Mist","elementalist:Confluence"],"picked":"elementalist:Flame","floor":10},{"not_picked":["Replay:Dark Deal+1","Swift Strike+1"],"picked":"Bandage Up+1","floor":12},{"not_picked":["elementalist:Mist","elementalist:Spark"],"picked":"elementalist:Rising_Tides","floor":12},{"not_picked":["StSpp:Resilience+1","Trip+1"],"picked":"jedi:LeechingStrike","floor":13},{"not_picked":["elementalist:Emberveil","elementalist:Wards"],"picked":"elementalist:Mist","floor":13}],"player_experience":1064733,"relics_obtained":[{"floor":4,"key":"CCEMRelics:FryingPan"},{"floor":9,"key":"CCEMRelics:FestiveHat"}],"event_choices":[{"damage_healed":0,"gold_gain":0,"player_choice":"Relic ","damage_taken":7,"max_hp_gain":0,"max_hp_loss":0,"event_name":"betterThird:BetterScrap","floor":7,"gold_loss":0,"cards_obtained":["jedi:studyfrost"]}],"is_beta":false,"boss_relics":[],"items_purged_floors":[],"is_endless":false,"potions_floor_spawned":[2,4,5,12],"killed_by":"Gremlin Nob","ascension_level":0}}