{"host":"d2y4rmbezebiv8aj","time":1612437646,"event":{"mods":["AchievementEnabler","BaseMod","Bestiary","BetterRewards","Colored Map","Colored Powertips","Custom Start","Highlight Path","Minty Spire (QoL Compilation)","Quick Restart","Rare Cards Sparkle","Relic Sorter","Relic Stats","Shop Mod","Slay-I","StSLib","SuperFastMode"],"gold_per_floor":[119,133,153,165,165,165,181,220,245,288,288,57,57,95,95,188,488,512,611,611,625,643,643,643,643,643,682,505,505,384,400,400,400,400],"floor_reached":33,"language":"DEU","playtime":928,"items_purged":[],"score":744,"play_id":"3e808a97-d5d4-425b-a4b1-a4131706c21a","local_time":"20210204122046","is_ascension_mode":true,"campfire_choices":[{"floor":6.0,"key":"REST"},{"floor":11.0,"key":"REST"},{"floor":15.0,"key":"REST"},{"floor":23,"key":"REST"},{"floor":25,"key":"REST"},{"data":"Blade Dance","floor":29,"key":"SMITH"},{"floor":32,"key":"REST"}],"circlet_count":0,"master_deck":["AscendersBane","Strike_G","Strike_G","Strike_G","Strike_G","Strike_G","Defend_G","Defend_G","Defend_G","Defend_G","Defend_G","Survivor","Neutralize","Accuracy","Dagger Spray","Sucker Punch","Dagger Throw","Finisher","Injury","Blade Dance+1","Backstab","Quick Slash","Die Die Die","Terror","Dash","PiercingWail","A Thousand Cuts","CurseOfTheBell","Flying Knee","Accuracy+1","Flying Knee","Phantasmal Killer","Accuracy+1","Dark Shackles","Accuracy+1","Sucker Punch","Cloak And Dagger"],"relics":["Ring of the Snake","Kunai","Golden Idol","Anchor","Art of War","Lantern","Smiling Mask","Calling Bell","Nunchaku","Frozen Egg 2","Old Coin","Meat on the Bone","Pear"],"acts_visited":["Exordium","TheCity"],"potions_floor_usage":[22,27,33],"damage_taken":[{"damage":0.0,"enemies":"Small Slimes","floor":1.0,"turns":5.0},{"damage":3.0,"enemies":"Jaw Worm","floor":2.0,"turns":5.0},{"damage":0.0,"enemies":"2 Louse","floor":3.0,"turns":4.0},{"damage":19.0,"enemies":"Large Slime","floor":4.0,"turns":10.0},{"damage":7.0,"enemies":"Looter","floor":7.0,"turns":4.0},{"damage":53.0,"enemies":"3 Sentries","floor":8.0,"turns":11.0},{"damage":0.0,"enemies":"Gremlin Nob","floor":10.0,"turns":4.0},{"damage":3.0,"enemies":"Lagavulin","floor":14.0,"turns":8.0},{"damage":34.0,"enemies":"The Guardian","floor":16.0,"turns":13.0},{"damage":15.0,"enemies":"3 Byrds","floor":18.0,"turns":5.0},{"damage":5.0,"enemies":"Spheric Guardian","floor":21.0,"turns":3.0},{"damage":14,"enemies":"Centurion and Healer","floor":22,"turns":7},{"damage":37,"enemies":"Book of Stabbing","floor":27,"turns":6},{"damage":8,"enemies":"Snake Plant","floor":31,"turns":4},{"damage":68,"enemies":"Champ","floor":33,"turns":11}],"seed_played":"2567843928533876871","potions_obtained":[{"floor":1.0,"key":"LiquidMemories"},{"floor":4.0,"key":"Regen Potion"},{"floor":10.0,"key":"DistilledChaos"},{"floor":16.0,"key":"EssenceOfSteel"},{"floor":18.0,"key":"SpeedPotion"},{"floor":27,"key":"AttackPotion"}],"is_trial":false,"path_per_floor":["M","M","M","M","?","R","M","E","T","E","R","$","?","E","R","B",null,"M","?","?","M","M","R","?","R","T","E","$","R","$","M","R","B"],"character_chosen":"THE_SILENT","items_purchased":["Kunai","Accuracy","Die Die Die","Terror","Dash","Accuracy+1","Dark Shackles","Accuracy+1","Sucker Punch"],"campfire_rested":6,"item_purchase_floors":[0,0,12,12,12,28,28,30,30],"current_hp_per_floor":[50,47,47,28,28,47,40,2,2,2,21,21,21,18,37,3,50,35,35,35,30,16,35,57,66,66,51,51,51,51,43,65,0,0],"gold":400,"neow_bonus":"","is_daily":false,"chose_seed":false,"campfire_upgraded":1,"win_rate":0.0,"timestamp":1612437646,"path_taken":["M","M","M","M","?","R","M","E","T","E","R","$","?","E","R","BOSS","M","?","?","M","M","R","?","R","T","E","$","R","$","M","R","BOSS"],"items_purchased_type":["Relic","Card","Card","Card","Card","Card","Card","Card","Card"],"build_version":"2020-12-22","purchased_purges":0,"victory":false,"max_hp_per_floor":[66,66,66,66,66,66,66,66,66,66,66,66,66,66,66,66,66,66,66,66,66,66,66,66,66,66,76,76,76,76,76,76,76,76],"relic_stats":{"Nunchaku":[9],"counters":[25,145],"Golden Idol":70,"Art of War":[6],"Kunai":[43],"Smiling Mask":0,"obtain_stats":[{"Regal Pillow":9,"Lantern":10,"Pear":27,"NeowsBlessing":0,"Golden Idol":5,"Whetstone":14,"Frozen Egg 2":17,"Smiling Mask":7,"Old Coin":17,"Calling Bell":17,"Anchor":8,"Nunchaku":17,"Black Star":17,"Art of War":9,"Kunai":0,"Ring of the Snake":0,"Meat on the Bone":26},{"Regal Pillow":4,"Lantern":17,"Pear":23,"NeowsBlessing":0,"Golden Idol":14,"Whetstone":6,"Frozen Egg 2":19,"Smiling Mask":4,"Old Coin":19,"Calling Bell":19,"Anchor":16,"Nunchaku":19,"Black Star":7,"Art of War":16,"Kunai":10,"Ring of the Snake":0,"Meat on the Bone":22},{"Regal Pillow":12,"Lantern":88,"Pear":130,"NeowsBlessing":0,"Golden Idol":69,"Whetstone":21,"Frozen Egg 2":109,"Smiling Mask":12,"Old Coin":109,"Calling Bell":109,"Anchor":84,"Nunchaku":109,"Black Star":28,"Art of War":84,"Kunai":45,"Ring of the Snake":0,"Meat on the Bone":124}],"Ring of the Snake":[50],"Meat on the Bone":12},"card_choices":[{"not_picked":["Dodge and Roll","Finisher"],"picked":"Dagger Spray","floor":1.0},{"not_picked":["Choke","Terror"],"picked":"Sucker Punch","floor":2.0},{"not_picked":["Outmaneuver","Predator"],"picked":"Dagger Throw","floor":3.0},{"not_picked":["Choke","Outmaneuver"],"picked":"Finisher","floor":4.0},{"not_picked":["Prepared","Slice"],"picked":"Blade Dance","floor":7.0},{"not_picked":["Distraction","Heel Hook"],"picked":"Backstab","floor":8.0},{"not_picked":["Heel Hook","Reflex"],"picked":"Quick Slash","floor":10.0},{"not_picked":["Well Laid Plans","Leg Sweep"],"picked":"PiercingWail","floor":14.0},{"not_picked":["Unload","Adrenaline"],"picked":"A Thousand Cuts","floor":16.0},{"not_picked":["Bouncing Flask+1","Skewer"],"picked":"Flying Knee","floor":18.0},{"not_picked":["Reflex","Poisoned Stab"],"picked":"Accuracy+1","floor":21.0},{"not_picked":["Prepared","Catalyst"],"picked":"Flying Knee","floor":22},{"not_picked":["Wraith Form v2+1","Quick Slash"],"picked":"Phantasmal Killer","floor":27},{"not_picked":["Calculated Gamble","Sucker Punch"],"picked":"Cloak And Dagger","floor":31}],"player_experience":409722,"relics_obtained":[{"floor":8.0,"key":"Anchor"},{"floor":9.0,"key":"Art of War"},{"floor":10.0,"key":"Lantern"},{"floor":14.0,"key":"Smiling Mask"},{"floor":17.0,"key":"Nunchaku"},{"floor":17.0,"key":"Frozen Egg 2"},{"floor":17.0,"key":"Old Coin"},{"floor":26,"key":"Meat on the Bone"},{"floor":27,"key":"Pear"}],"event_choices":[{"damage_healed":0.0,"max_hp_gain":0.0,"max_hp_loss":0.0,"gold_gain":0.0,"event_name":"Golden Idol","player_choice":"Take Wound","floor":5.0,"gold_loss":0.0,"damage_taken":0.0,"relics_obtained":["Golden Idol"],"cards_obtained":["Injury"]},{"damage_healed":0.0,"max_hp_gain":0.0,"max_hp_loss":0.0,"gold_gain":0.0,"event_name":"Shining Light","player_choice":"Ignored","floor":13.0,"gold_loss":0.0,"damage_taken":0.0},{"damage_healed":0.0,"max_hp_gain":0.0,"max_hp_loss":0.0,"gold_gain":99.0,"event_name":"Nest","player_choice":"Stole From Cult","floor":19.0,"gold_loss":0.0,"damage_taken":0.0},{"damage_healed":0.0,"max_hp_gain":0.0,"max_hp_loss":0.0,"gold_gain":0.0,"event_name":"Ghosts","player_choice":"Ignored","floor":20.0,"gold_loss":0.0,"damage_taken":0.0},{"damage_healed":22,"gold_gain":0,"player_choice":"Heal","damage_taken":0,"max_hp_gain":0,"max_hp_loss":0,"event_name":"The Library","floor":24,"gold_loss":0}],"is_beta":false,"boss_relics":[{"not_picked":["Runic Dome","Black Star"],"picked":"Calling Bell"}],"items_purged_floors":[],"is_endless":false,"potions_floor_spawned":[1,4,10,16,18,27],"killed_by":"Champ","ascension_level":14}}