{"host":"w6ebodudjlk2jwu4","time":1612424956,"event":{"mods":["Act Like it!","Bard","BaseMod","Beaked The Cultist","Colored Map","Glutton Mod","Hermit","Highlight Path","Infinite Spire","Jorbs\u0027s Wanderer Trilogy","Koishi","Mad Scientist","Marisa????????","Minty Spire (QoL Compilation)","Relic Stats","Replay The Spire","Robot Space Explorer","StSLib","The Administrix","The Blue Laboratory","The Bug Knight","The Construct","The Cursed","The Marked","The Mystic","The Servant 0.9.4","The Witch","Wandering Minibosses"],"gold_per_floor":[118,137,154,5,20,20,51,51,74,37,68,82,82,82,82,181,181,194,194,206,75,89,89,107,107,107,123,154,2,20,20,20],"floor_reached":31,"language":"ENG","playtime":2235,"items_purged":["Strike_B"],"score":294,"play_id":"67146d3a-44cb-41cd-9c0e-6f62776c9c06","local_time":"20210203234916","is_ascension_mode":true,"campfire_choices":[{"data":"Zap","floor":6,"key":"SMITH"},{"floor":8,"key":"REST"},{"floor":13,"key":"REST"},{"data":"Static Discharge","floor":15,"key":"SMITH"},{"floor":23,"key":"REST"},{"floor":25,"key":"REST"}],"circlet_count":0,"master_deck":["Strike_B","Strike_B","Defend_B","Defend_B","Defend_B","Defend_B","Zap+1","Dualcast","Go for the Eyes","Capacitor","Steam Power","Capacitor","Static Discharge+1","BootSequence","Multi-Cast","Electrodynamics","Cold Snap","infinitespire:Fortify","infinitespire:Gouge","Leap+1","Self Repair","Conserve Battery","Conserve Battery","Gash","Stack","Darkness","Force Field+1"],"relics":["Cracked Core","Omamori","Ancient Tea Set","Centennial Puzzle","Art of War","Inserter","ReplayFunnel","Blue Doll","Gremlin Food"],"acts_visited":["Exordium","TheCity"],"potions_floor_usage":[16,16,24,28,28,31,31],"damage_taken":[{"damage":23,"enemies":"infinitespire:Voidling","floor":1,"turns":6},{"damage":0,"enemies":"Cultist","floor":2,"turns":3},{"damage":2,"enemies":"Jaw Worm","floor":3,"turns":4},{"damage":5,"enemies":"Red Slaver","floor":5,"turns":4},{"damage":27,"enemies":"3 Sentries","floor":7,"turns":9},{"damage":24,"enemies":"HollowMod:MossKnight","floor":11,"turns":10},{"damage":6,"enemies":"Exordium Thugs","floor":12,"turns":6},{"damage":29,"enemies":"Hexaghost","floor":16,"turns":10},{"damage":16,"enemies":"2 Thieves","floor":18,"turns":3},{"damage":24,"enemies":"Chosen","floor":20,"turns":5},{"damage":31,"enemies":"Centurion and Healer","floor":22,"turns":7},{"damage":20,"enemies":"Snecko","floor":24,"turns":7},{"damage":12,"enemies":"Snake Plant","floor":27,"turns":8},{"damage":17,"enemies":"HollowMod:Nosk","floor":28,"turns":9},{"damage":22,"enemies":"Centurion and Healer","floor":30,"turns":8},{"damage":25,"enemies":"3 Cultists","floor":31,"turns":4}],"seed_played":"3939121282049300964","potions_obtained":[{"floor":1,"key":"DuplicationPotion"},{"floor":2,"key":"blueLaboratory:BottledHope"},{"floor":14,"key":"LifebloodPotion"},{"floor":14,"key":"blueLaboratory:RecallPotion"},{"floor":16,"key":"AttackPotion"},{"floor":22,"key":"blueLaboratory:RelayPotion"},{"floor":24,"key":"BlessingOfTheForge"},{"floor":28,"key":"FocusPotion"},{"floor":30,"key":"DuplicationPotion"}],"is_trial":false,"path_per_floor":["M","M","M","$","M","R","E","R","T","$","E","M","R","?","R","B",null,"M","AVR","M","$","M","R","M","R","T","M","E","$","M","M"],"character_chosen":"DEFECT","items_purchased":["Omamori","Static Discharge","Self Repair","Conserve Battery","Gremlin Food"],"campfire_rested":4,"item_purchase_floors":[4,10,21,21,29],"current_hp_per_floor":[59,59,57,57,52,52,25,47,47,47,23,17,39,39,39,10,75,59,59,35,35,11,33,20,42,42,37,27,27,12,0,0],"gold":20,"neow_bonus":"REMOVE_CARD","is_daily":false,"chose_seed":false,"campfire_upgraded":2,"win_rate":0.0,"timestamp":1612424956,"path_taken":["M","M","?","$","M","R","E","R","T","?","E","M","R","?","R","BOSS","M","AVR","M","$","M","R","M","R","T","M","E","$","M","M"],"items_purchased_type":["Relic","Card","Card","Card","Relic"],"build_version":"2020-12-22","purchased_purges":1,"victory":false,"max_hp_per_floor":[75,75,75,75,75,75,75,75,75,75,75,75,75,75,75,75,75,75,75,75,75,75,75,75,75,75,75,75,75,75,75,75],"relic_stats":{"Centennial Puzzle":[33],"Inserter":[20],"counters":[16,103],"Art of War":[12],"obtain_stats":[{"ReplayFunnel":26,"Gremlin Food":29,"Centennial Puzzle":9,"Inserter":17,"Blue Doll":28,"Omamori":4,"Art of War":11,"Cracked Core":0,"Ancient Tea Set":7},{"ReplayFunnel":12,"Gremlin Food":14,"Centennial Puzzle":5,"Inserter":8,"Blue Doll":14,"Omamori":3,"Art of War":6,"Cracked Core":0,"Ancient Tea Set":5},{"ReplayFunnel":74,"Gremlin Food":91,"Centennial Puzzle":26,"Inserter":52,"Blue Doll":91,"Omamori":13,"Art of War":36,"Cracked Core":0,"Ancient Tea Set":26}]},"card_choices":[{"not_picked":["Coolheaded","Hologram"],"picked":"Go for the Eyes","floor":1},{"not_picked":["Reprogram","Panic Button","Coolheaded"],"picked":"SKIP","floor":2},{"not_picked":["Blizzard","Stack"],"picked":"Capacitor","floor":3},{"not_picked":["Ball Lightning","Coolheaded"],"picked":"Steam Power","floor":5},{"not_picked":["Reinforced Body","Beam Cell"],"picked":"Capacitor","floor":7},{"not_picked":["ReplayTheSpireMod:GoodbyeWorld","Fusion"],"picked":"BootSequence","floor":11},{"not_picked":["Beam Cell","Barrage"],"picked":"Multi-Cast","floor":12},{"not_picked":["Biased Cognition","Fission"],"picked":"Electrodynamics","floor":16},{"not_picked":["Panic Button+1","Streamline"],"picked":"Cold Snap","floor":18},{"not_picked":["BasicCrystalCard+1","Sweeping Beam"],"picked":"Leap+1","floor":20},{"not_picked":["Ball Lightning","Barrage"],"picked":"Conserve Battery","floor":22},{"not_picked":["Coolheaded","Redo"],"picked":"Gash","floor":24},{"not_picked":["Turbo","Beam Cell+1"],"picked":"Stack","floor":27},{"not_picked":["Coolheaded","Storm"],"picked":"Darkness","floor":28},{"not_picked":["Auto Shields","Beam Cell"],"picked":"Force Field+1","floor":30}],"player_experience":181003,"relics_obtained":[{"floor":7,"key":"Ancient Tea Set"},{"floor":9,"key":"Centennial Puzzle"},{"floor":11,"key":"Art of War"},{"floor":26,"key":"ReplayFunnel"},{"floor":28,"key":"Blue Doll"}],"event_choices":[{"damage_healed":0,"gold_gain":0,"player_choice":"Got Potions","damage_taken":0,"max_hp_gain":0,"max_hp_loss":0,"event_name":"Lab","floor":14,"gold_loss":0}],"is_beta":false,"boss_relics":[{"not_picked":["Fusion Hammer","Kintsugi"],"picked":"Inserter"}],"items_purged_floors":[19],"is_endless":false,"potions_floor_spawned":[1,2,16,22,24,28,30],"killed_by":"3 Cultists","ascension_level":2}}