{"host":"17uu0q65fspg4e3h","time":1612447642,"event":{"mods":["Alarm Clock","BaseMod","Colored Map","Colored Powertips","Highlight Path","Minty Spire (QoL Compilation)","Quick Restart","Relic Stats","SOS（斯巴达之子）","Shop Mod","StSLib","The Administrix","The Runesmith","篝火指南"],"gold_per_floor":[118,68,243,258,269,269,279,308,379,398,398,398,135,135,135,258,258,279,279,279,279,179,179,200,200,226,226,245,245,344,383,383,383,383],"floor_reached":33,"language":"ZHS","playtime":1102,"items_purged":["Doubt","Shame"],"score":362,"play_id":"ccef2e68-4476-43a8-98e5-65c5497d51de","local_time":"20210204220722","is_ascension_mode":true,"campfire_choices":[{"data":"True Grit","floor":6,"key":"SMITH"},{"data":"Evolve","floor":12,"key":"SMITH"},{"floor":15,"key":"REST"},{"data":"Apotheosis","floor":23,"key":"SMITH"},{"data":"Havoc","floor":25,"key":"SMITH"},{"data":"Juggernaut","floor":27,"key":"SMITH"},{"floor":32,"key":"REST"}],"circlet_count":0,"master_deck":["AscendersBane","Strike_R","Strike_R","Strike_R","Strike_R","Strike_R","Defend_R","Defend_R","Defend_R","Bash","True Grit+1","Evolve+1","Iron Wave","Wild Strike","Havoc+1","Apotheosis+1","Juggernaut+1","Iron Wave","Shrug It Off","Reckless Charge","Body Slam","Infernal Blade"],"relics":["Black Blood","Orichalcum","Thread and Needle","InkBottle","Kunai","Golden Idol","Toy Ornithopter","Dream Catcher","PreservedInsect","Anchor","Red Mask"],"acts_visited":["Exordium","TheCity"],"potions_floor_usage":[8,8,8,16,24],"damage_taken":[{"damage":8,"enemies":"Jaw Worm","floor":1,"turns":5},{"damage":4,"enemies":"2 Louse","floor":4,"turns":3},{"damage":8,"enemies":"Cultist","floor":5,"turns":5},{"damage":34,"enemies":"Exordium Thugs","floor":7,"turns":9},{"damage":19,"enemies":"3 Sentries","floor":8,"turns":10},{"damage":0,"enemies":"Blue Slaver","floor":10,"turns":3},{"damage":8,"enemies":"The Guardian","floor":16,"turns":11},{"damage":6,"enemies":"Shell Parasite","floor":18,"turns":5},{"damage":13,"enemies":"Spheric Guardian","floor":24,"turns":5},{"damage":20,"enemies":"Snake Plant","floor":28,"turns":5},{"damage":52,"enemies":"Masked Bandits","floor":31,"turns":6},{"damage":66,"enemies":"Collector","floor":33,"turns":6}],"seed_played":"-6856452249262954797","potions_obtained":[{"floor":1,"key":"ColorlessPotion"},{"floor":5,"key":"SteroidPotion"},{"floor":7,"key":"Regen Potion"},{"floor":10,"key":"ElixirPotion"},{"floor":16,"key":"SkillPotion"},{"floor":24,"key":"FearPotion"},{"floor":31,"key":"ElixirPotion"}],"is_trial":false,"path_per_floor":["M","?","?","M","M","R","M","E","T","M","T","R","$","?","R","B",null,"M","$","?","?","$","R","M","R","T","R","M","T","?","?","R","B"],"character_chosen":"IRONCLAD","items_purchased":["Apotheosis"],"campfire_rested":2,"item_purchase_floors":[13],"current_hp_per_floor":[70,70,70,72,70,70,42,44,44,50,50,50,50,30,54,52,73,79,79,79,79,79,79,79,79,79,79,71,71,71,31,55,0,0],"gold":383,"neow_bonus":"RANDOM_COMMON_RELIC","is_daily":false,"chose_seed":false,"campfire_upgraded":5,"win_rate":0.0,"timestamp":1612447642,"path_taken":["M","?","?","?","M","R","M","E","T","M","?","R","$","?","R","BOSS","M","$","?","?","$","R","M","R","T","R","?","?","?","?","R","BOSS"],"items_purchased_type":["Card"],"build_version":"2020-12-22","purchased_purges":2,"victory":false,"max_hp_per_floor":[80,80,80,80,80,80,80,80,80,80,80,80,80,80,80,80,80,80,80,80,80,80,80,80,80,80,80,80,80,80,80,80,80,80],"relic_stats":{"Dream Catcher":1,"counters":[12,73],"Golden Idol":45,"Black Blood":90,"PreservedInsect":0,"Kunai":[8],"Orichalcum":[132],"obtain_stats":[{"Dream Catcher":21,"Anchor":29,"Golden Idol":14,"Black Blood":17,"Thread and Needle":8,"PreservedInsect":26,"Red Mask":31,"Kunai":11,"Orichalcum":0,"Burning Blood":0,"InkBottle":9,"Toy Ornithopter":20},{"Dream Catcher":8,"Anchor":10,"Golden Idol":6,"Black Blood":7,"Thread and Needle":5,"PreservedInsect":9,"Red Mask":11,"Kunai":6,"Orichalcum":0,"Burning Blood":0,"InkBottle":5,"Toy Ornithopter":8},{"Dream Catcher":51,"Anchor":61,"Golden Idol":35,"Black Blood":46,"Thread and Needle":32,"PreservedInsect":56,"Red Mask":67,"Kunai":35,"Orichalcum":0,"Burning Blood":0,"InkBottle":32,"Toy Ornithopter":51}],"InkBottle":[14],"Toy Ornithopter":1},"card_choices":[{"not_picked":["Bloodletting","Power Through"],"picked":"True Grit","floor":1},{"not_picked":["Havoc","Carnage"],"picked":"Evolve","floor":4},{"not_picked":["Armaments","Flex"],"picked":"Iron Wave","floor":5},{"not_picked":["Iron Wave","Sword Boomerang"],"picked":"Clash","floor":7},{"not_picked":["Blood for Blood","Heavy Blade"],"picked":"Wild Strike","floor":8},{"not_picked":["Hemokinesis","Flex"],"picked":"Havoc","floor":10},{"not_picked":["Berserk","Impervious"],"picked":"Juggernaut","floor":16},{"not_picked":["Rupture","Perfected Strike"],"picked":"Iron Wave","floor":18},{"not_picked":["Rupture","Pummel+1"],"picked":"Shrug It Off","floor":24},{"not_picked":["Whirlwind","Sword Boomerang"],"picked":"Reckless Charge","floor":28},{"not_picked":["Second Wind","Rampage"],"picked":"Body Slam","floor":31},{"not_picked":["Headbutt+1","Clash"],"picked":"Infernal Blade","floor":32}],"player_experience":652041,"relics_obtained":[{"floor":8,"key":"Thread and Needle"},{"floor":9,"key":"InkBottle"},{"floor":11,"key":"Kunai"},{"floor":26,"key":"PreservedInsect"},{"floor":29,"key":"Anchor"},{"floor":31,"key":"Red Mask"}],"event_choices":[{"cards_removed":["Defend_R"],"damage_healed":0,"gold_gain":0,"player_choice":"Card Removal","damage_taken":0,"max_hp_gain":0,"max_hp_loss":0,"event_name":"The Cleric","floor":2,"gold_loss":50},{"damage_healed":0,"gold_gain":175,"player_choice":"AGREE","damage_taken":0,"max_hp_gain":0,"max_hp_loss":0,"event_name":"Liars Game","floor":3,"gold_loss":0,"cards_obtained":["Doubt"]},{"damage_healed":0,"gold_gain":0,"player_choice":"Take Damage","damage_taken":20,"relics_obtained":["Golden Idol"],"max_hp_gain":0,"max_hp_loss":0,"event_name":"Golden Idol","floor":14,"gold_loss":0},{"damage_healed":0,"gold_gain":0,"player_choice":"Stole Relic","damage_taken":0,"relics_obtained":["Toy Ornithopter"],"max_hp_gain":0,"max_hp_loss":0,"event_name":"Addict","floor":20,"gold_loss":0,"cards_obtained":["Shame"]},{"cards_removed":["Clash"],"damage_healed":0,"gold_gain":0,"player_choice":"Gave Card","damage_taken":0,"relics_obtained":["Dream Catcher"],"max_hp_gain":0,"max_hp_loss":0,"event_name":"WeMeetAgain","floor":21,"gold_loss":0},{"damage_healed":0,"gold_gain":99,"player_choice":"Stole From Cult","damage_taken":0,"max_hp_gain":0,"max_hp_loss":0,"event_name":"Nest","floor":30,"gold_loss":0},{"damage_healed":0,"gold_gain":0,"player_choice":"Fought Bandits","damage_taken":0,"max_hp_gain":0,"max_hp_loss":0,"event_name":"Masked Bandits","floor":31,"gold_loss":0}],"is_beta":false,"boss_relics":[{"not_picked":["SacredBark","Ectoplasm"],"picked":"Black Blood"}],"items_purged_floors":[13,22],"is_endless":false,"potions_floor_spawned":[1,5,7,10,16,24,31],"killed_by":"Collector","ascension_level":10}}