{"host":"f5gffvlv6a66yqkd","time":1612458199,"event":{"mods":["2.2 Compatiblity","BaseMod","Colored Map","Custom Start","DeckTracker","Keyboard Shortcuts","Minty Spire (QoL Compilation)","Permanent Neow","Quick Restart","Relic Stats","StSLib","SuperFastMode"],"gold_per_floor":[214,84,101,117,117,117,152,164,188,223,223,81,100,50,50,50,50],"floor_reached":16,"language":"KOR","playtime":324,"items_purged":["Defend_P","Strike_P","Strike_P"],"score":220,"play_id":"97003778-8c6a-4e8e-9dd9-bf06f4d2382b","local_time":"20210205020319","is_ascension_mode":true,"campfire_choices":[{"data":"Eruption","floor":6.0,"key":"SMITH"},{"floor":11.0,"key":"REST"},{"floor":15.0,"key":"REST"}],"circlet_count":0,"master_deck":["AscendersBane","Strike_P","Defend_P","Defend_P","Defend_P","Eruption+1","Vigilance","FlurryOfBlows","CrushJoints","FearNoEvil","EmptyFist","Halt","Flash of Steel","CutThroughFate"],"relics":["PureWater","Smiling Mask","Happy Flower","Centennial Puzzle"],"acts_visited":["Exordium"],"potions_floor_usage":[16],"damage_taken":[{"damage":10.0,"enemies":"2 Louse","floor":1.0,"turns":4.0},{"damage":0.0,"enemies":"Cultist","floor":3.0,"turns":2.0},{"damage":0.0,"enemies":"Jaw Worm","floor":4.0,"turns":1.0},{"damage":16.0,"enemies":"Gremlin Nob","floor":7.0,"turns":3.0},{"damage":0.0,"enemies":"Gremlin Gang","floor":8.0,"turns":2.0},{"damage":34.0,"enemies":"3 Sentries","floor":10.0,"turns":10.0},{"damage":16.0,"enemies":"3 Louse","floor":13.0,"turns":2.0},{"damage":27,"enemies":"Hexaghost","floor":16,"turns":7}],"seed_played":"-2771988756733785058","potions_obtained":[{"floor":3.0,"key":"Explosive Potion"},{"floor":4.0,"key":"PowerPotion"},{"floor":13.0,"key":"SpeedPotion"}],"is_trial":false,"path_per_floor":["M","$","M","M","?","R","E","M","T","E","R","$","M","$","R","B"],"character_chosen":"WATCHER","items_purchased":["CrushJoints","Flash of Steel"],"campfire_rested":2,"item_purchase_floors":[2,12],"current_hp_per_floor":[51,51,51,51,51,51,35,35,35,1,21,21,5,5,25,0,0],"gold":50,"neow_bonus":"HUNDRED_GOLD","is_daily":false,"chose_seed":false,"campfire_upgraded":1,"win_rate":0.0,"timestamp":1612458199,"path_taken":["M","$","M","M","?","R","E","M","T","E","R","$","M","?","R","BOSS"],"items_purchased_type":["Card","Card"],"build_version":"2020-12-22","purchased_purges":3,"victory":false,"max_hp_per_floor":[68,68,68,68,68,68,68,68,68,68,68,68,68,68,68,68,68],"relic_stats":{"Centennial Puzzle":[6],"Happy Flower":[6],"counters":[8,31],"Smiling Mask":125,"obtain_stats":[{"Centennial Puzzle":10,"Happy Flower":9,"PureWater":0,"Smiling Mask":7},{"Centennial Puzzle":6,"Happy Flower":5,"PureWater":0,"Smiling Mask":4},{"Centennial Puzzle":22,"Happy Flower":12,"PureWater":0,"Smiling Mask":10}]},"card_choices":[{"not_picked":["PathToVictory","Crescendo"],"picked":"FlurryOfBlows","floor":1.0},{"not_picked":["EmptyBody","WheelKick"],"picked":"FearNoEvil","floor":3.0},{"not_picked":["ForeignInfluence","CrushJoints"],"picked":"EmptyFist","floor":4.0},{"not_picked":["Conclude","MasterReality","FearNoEvil"],"picked":"SKIP","floor":7.0},{"not_picked":["Study","WindmillStrike","Consecrate"],"picked":"SKIP","floor":8.0},{"not_picked":["SashWhip","Consecrate"],"picked":"Halt","floor":10.0},{"not_picked":["FlyingSleeves","FollowUp"],"picked":"CutThroughFate","floor":13.0}],"player_experience":1645556,"relics_obtained":[{"floor":7.0,"key":"Smiling Mask"},{"floor":9.0,"key":"Happy Flower"},{"floor":10.0,"key":"Centennial Puzzle"}],"event_choices":[{"cards_removed":["Strike_P"],"damage_healed":0.0,"max_hp_gain":0.0,"max_hp_loss":0.0,"gold_gain":0.0,"event_name":"Purifier","player_choice":"Purged","floor":5.0,"gold_loss":0.0,"damage_taken":0.0}],"is_beta":false,"boss_relics":[],"items_purged_floors":[2,12,14],"is_endless":false,"potions_floor_spawned":[3,4,13],"killed_by":"Hexaghost","ascension_level":20}}