{"host":"z5bn7jsck728mmiq","time":1612429796,"event":{"mods":["BaseMod","Bestiary","DeckTracker","Hermit","Marisa????????","Minty Spire (QoL Compilation)","Permanent Neow","StSLib","The Disciple","The Gatherer","The Hierophant","The Servant 0.9.4","Trackpad","Wide Potions"],"gold_per_floor":[360,11,86,104,104,104,104],"floor_reached":6,"language":"ENG","playtime":244,"items_purged":["hierophant:Defend_Hierophant"],"score":34,"play_id":"dc098848-81bb-4888-a050-bf991b7436e6","local_time":"20210204010956","is_ascension_mode":false,"campfire_choices":[],"circlet_count":0,"master_deck":["hierophant:Strike_Hierophant","hierophant:Strike_Hierophant","hierophant:Strike_Hierophant","hierophant:Strike_Hierophant","hierophant:Punish","hierophant:Defend_Hierophant","hierophant:Defend_Hierophant","hierophant:Defend_Hierophant","hierophant:ChurchCoffers","hierophant:PassingBell","hierophant:Encroach","hierophant:Upheaval","hierophant:Repentance"],"relics":["hierophant:PropheticMaskRelic","Juzu Bracelet","Golden Idol"],"acts_visited":["Exordium"],"potions_floor_usage":[],"damage_taken":[{"damage":0,"enemies":"Small Slimes","floor":1,"turns":3},{"damage":0,"enemies":"2 Louse","floor":4,"turns":2},{"damage":45,"enemies":"3 Sentries","floor":6,"turns":8}],"seed_played":"7199036737064671183","potions_obtained":[{"floor":1,"key":"Strength Potion"}],"is_trial":false,"path_per_floor":["M","$","?","M","?","E"],"character_chosen":"HIEROPHANT","items_purchased":["hierophant:Encroach","hierophant:Upheaval","Juzu Bracelet"],"campfire_rested":0,"item_purchase_floors":[2,2,2],"current_hp_per_floor":[54,54,43,43,43,0,0],"gold":104,"neow_bonus":"TWO_FIFTY_GOLD","is_daily":false,"chose_seed":false,"campfire_upgraded":0,"win_rate":0.0,"timestamp":1612429796,"path_taken":["M","$","?","M","?","E"],"items_purchased_type":["Card","Card","Relic"],"build_version":"2020-12-22","purchased_purges":1,"victory":false,"max_hp_per_floor":[75,75,75,75,69,69,69],"card_choices":[{"not_picked":["hierophant:ConvertCurrency","hierophant:AuricShield"],"picked":"hierophant:PassingBell","floor":1},{"not_picked":["hierophant:ThreeLashes","hierophant:Doubloon"],"picked":"hierophant:Repentance","floor":4}],"player_experience":105122,"relics_obtained":[],"event_choices":[{"damage_healed":0,"gold_gain":75,"player_choice":"Gather Gold","damage_taken":11,"max_hp_gain":0,"max_hp_loss":0,"event_name":"World of Goop","floor":3,"gold_loss":0},{"damage_healed":0,"gold_gain":0,"player_choice":"Lose Max HP","damage_taken":0,"relics_obtained":["Golden Idol"],"max_hp_gain":0,"max_hp_loss":6,"event_name":"Golden Idol","floor":5,"gold_loss":0}],"is_beta":false,"boss_relics":[],"items_purged_floors":[2],"is_endless":false,"potions_floor_spawned":[1],"killed_by":"3 Sentries","ascension_level":0}}