{"host":"p6y17sixyu8q9v1f","time":1612439700,"event":{"mods":["BaseMod","Colored Map","Minty Spire (QoL Compilation)"],"gold_per_floor":[110,134,153,228,246,246,280,280,334,350,350,122,122,148,148,252,252,275,297,328,340,340],"floor_reached":21,"language":"ENG","playtime":2058,"items_purged":["Strike_B"],"score":236,"play_id":"c75439fe-ea44-4faf-90ef-8216e84fb14c","local_time":"20210204055500","is_ascension_mode":true,"campfire_choices":[{"data":"Zap","floor":6,"key":"SMITH"},{"data":"Redo","floor":8,"key":"SMITH"},{"data":"Genetic Algorithm","floor":11,"key":"SMITH"},{"data":"Buffer","floor":15,"key":"SMITH"}],"circlet_count":0,"master_deck":["Strike_B","Defend_B","Defend_B","Defend_B","Zap+1","Dualcast","Redo+1","Loop","Chill","Hologram","Genetic Algorithm+1","Buffer+1","Consume"],"relics":["Cracked Core","Bag of Preparation","Strawberry","Oddly Smooth Stone","Omamori","Calling Bell","MawBank","Singing Bowl","CaptainsWheel"],"acts_visited":["Exordium","TheCity"],"potions_floor_usage":[14,16,16],"damage_taken":[{"damage":1,"enemies":"Cultist","floor":1,"turns":3},{"damage":0,"enemies":"2 Louse","floor":3,"turns":1},{"damage":9,"enemies":"Jaw Worm","floor":5,"turns":3},{"damage":19,"enemies":"3 Sentries","floor":7,"turns":9},{"damage":3,"enemies":"Large Slime","floor":10,"turns":5},{"damage":4,"enemies":"Lagavulin","floor":14,"turns":7},{"damage":7,"enemies":"The Guardian","floor":16,"turns":11},{"damage":3,"enemies":"Spheric Guardian","floor":18,"turns":4},{"damage":7,"enemies":"Shell Parasite","floor":19,"turns":7},{"damage":39,"enemies":"Snecko","floor":20,"turns":9},{"damage":29,"enemies":"Centurion and Healer","floor":21,"turns":9}],"seed_played":"327965831932143524","potions_obtained":[{"floor":3,"key":"Dexterity Potion"},{"floor":7,"key":"Energy Potion"},{"floor":10,"key":"PotionOfCapacity"}],"is_trial":false,"path_per_floor":["M","T","M","?","M","R","E","R","T","M","R","$","?","E","R","B",null,"M","M","M","M"],"character_chosen":"DEFECT","items_purchased":["Buffer"],"campfire_rested":0,"item_purchase_floors":[12],"current_hp_per_floor":[67,67,67,56,47,47,35,35,35,32,32,32,32,28,28,21,62,61,56,19,0,0],"gold":340,"neow_bonus":"REMOVE_TWO","is_daily":false,"chose_seed":false,"campfire_upgraded":4,"win_rate":0.0,"timestamp":1612439700,"path_taken":["M","?","?","?","M","R","E","R","T","M","R","?","?","E","R","BOSS","M","M","?","M"],"items_purchased_type":["Card"],"build_version":"2020-12-22","purchased_purges":1,"victory":false,"max_hp_per_floor":[68,68,68,68,68,68,75,75,75,75,75,75,75,75,75,75,75,77,79,81,81,81],"card_choices":[{"not_picked":["Leap","Undo"],"picked":"Redo","floor":1},{"not_picked":["Hologram","Steam"],"picked":"Loop","floor":3},{"not_picked":["Tempest","Go for the Eyes"],"picked":"Chill","floor":5},{"not_picked":["Force Field","Sweeping Beam"],"picked":"Hologram","floor":7},{"not_picked":["Aggregate","Darkness"],"picked":"Genetic Algorithm","floor":10},{"not_picked":["Beam Cell","Stack"],"picked":"Consume","floor":14},{"not_picked":["Ball Lightning+1","Reinforced Body","Turbo"],"picked":"Singing Bowl","floor":18},{"not_picked":["Rip and Tear","Tempest","Reprogram+1"],"picked":"Singing Bowl","floor":19},{"not_picked":["Ball Lightning+1","Steam","Cold Snap"],"picked":"Singing Bowl","floor":20}],"player_experience":1074033,"relics_obtained":[{"floor":2,"key":"Bag of Preparation"},{"floor":7,"key":"Strawberry"},{"floor":9,"key":"Oddly Smooth Stone"},{"floor":14,"key":"Omamori"},{"floor":17,"key":"MawBank"},{"floor":17,"key":"Singing Bowl"},{"floor":17,"key":"CaptainsWheel"}],"event_choices":[{"damage_healed":0,"gold_gain":75,"player_choice":"Gather Gold","damage_taken":11,"max_hp_gain":0,"max_hp_loss":0,"event_name":"World of Goop","floor":4,"gold_loss":0},{"cards_removed":["Strike_B"],"damage_healed":0,"gold_gain":0,"player_choice":"Purged","damage_taken":0,"max_hp_gain":0,"max_hp_loss":0,"event_name":"Purifier","floor":13,"gold_loss":0}],"is_beta":false,"boss_relics":[{"not_picked":["Fusion Hammer","Tiny House"],"picked":"Calling Bell"}],"items_purged_floors":[12],"is_endless":false,"potions_floor_spawned":[3,7,10],"killed_by":"Centurion and Healer","ascension_level":5}}