{"host":"iy2a593ihq2f18ts","time":1612409482,"event":{"mods":["2.2 Compatiblity","AchievementEnabler","BaseMod","Bestiary","Better Third Choice","Block Reminder","Card Forge","Curses Come First","Dark Map","Downfall","Energized Spire","Hermit","Marisa????????","Minty Spire (QoL Compilation)","Rare Cards Sparkle","Reliquary","Replay The Spire","StSLib","SuperFastMode","The Bug Knight","The Necromancer","The Runesmith","The Servant 0.9.4"],"gold_per_floor":[211,386,397,415,438,456,476,306,306,306,333,333,350,58,58,156,156,172,172,189,114,131,131,147,147,174,19,33,51,76,76,76,175,175,189,189,189,200,213,239,251,251,299,299,338,358,410,253,253,253,253],"floor_reached":50,"language":"ENG","playtime":1256,"items_purged":["hermit:Strike_Hermit+1"],"score":581,"play_id":"fa7ad0c3-8ff9-4807-9a46-7573b896188a","local_time":"20210203193122","is_ascension_mode":false,"campfire_choices":[{"floor":10,"key":"REST"},{"floor":12,"key":"REST"},{"floor":15,"key":"RECALL"},{"data":"hermit:TrackingShot","floor":23,"key":"SMITH"},{"floor":25,"key":"REST"},{"floor":32,"key":"REST"},{"floor":42,"key":"REST"},{"floor":44,"key":"REST"},{"floor":49,"key":"REST"}],"circlet_count":0,"master_deck":["hermit:Strike_Hermit+1","hermit:Strike_Hermit+1","hermit:Defend_Hermit+1","hermit:Defend_Hermit+1","hermit:Defend_Hermit+1","hermit:Snapshot+1","hermit:Covet+1","hermit:Quickdraw+1","hermit:Headshot+1","hermit:Glare+1","hermit:TrackingShot+1","hermit:Ricochet+1","hermit:Horror+1","hermit:Magnum+1","hermit:CalledShot+1","hermit:TrackingShot+1","hermit:HoleUp+1","hermit:Scavenge+1","hermit:WideOpen+1","hermit:RoundhouseKick+1","hermit:Roulette+1","hermit:Coalescence+1","hermit:Malice+1","hermit:Enervate+1"],"relics":["hermit:Momento","Hammer of Thor","Seething Fire","Anvil of the Gods","Runesmith:AutoHammer","reliquary:TridentHead","reliquary:IridiumChain","reliquary:BrokenClock","Anchor","reliquary:WritOfMandamus","sneckomod:BabySnecko","Eternal Feather","reliquary:ExpiredCoupon","Cauldron","Pen Nib","Fusion Hammer","Bag of Marbles","MealTicket","Calipers","Mercury Hourglass","hermit:PetGhost"],"acts_visited":["Exordium","TheCity","TheBeyond"],"potions_floor_usage":[3,16,24,24,33,33,33,40,50],"damage_taken":[{"damage":0,"enemies":"2 Louse","floor":1,"turns":2},{"damage":8,"enemies":"Jaw Worm","floor":3,"turns":2},{"damage":0,"enemies":"Cultist","floor":4,"turns":3},{"damage":0,"enemies":"Looter","floor":6,"turns":3},{"damage":0,"enemies":"Exordium Wildlife","floor":7,"turns":2},{"damage":13,"enemies":"Lagavulin","floor":11,"turns":5},{"damage":0,"enemies":"3 Louse","floor":13,"turns":1},{"damage":28,"enemies":"Hexaghost","floor":16,"turns":8},{"damage":0,"enemies":"Shell Parasite","floor":18,"turns":2},{"damage":0,"enemies":"3 Byrds","floor":20,"turns":2},{"damage":6,"enemies":"3 Cultists","floor":22,"turns":3},{"damage":0,"enemies":"Shelled Parasite and Fungi","floor":24,"turns":2},{"damage":0,"enemies":"Snecko","floor":28,"turns":2},{"damage":0,"enemies":"Chosen and Byrds","floor":29,"turns":3},{"damage":0,"enemies":"3 Cultists","floor":30,"turns":3},{"damage":79,"enemies":"Automaton","floor":33,"turns":8},{"damage":0,"enemies":"Orb Walker","floor":35,"turns":2},{"damage":2,"enemies":"3 Shapes","floor":38,"turns":2},{"damage":0,"enemies":"Spire Growth","floor":39,"turns":2},{"damage":0,"enemies":"Nemesis","floor":40,"turns":2},{"damage":0,"enemies":"Maw","floor":41,"turns":5},{"damage":0,"enemies":"Reptomancer","floor":45,"turns":3},{"damage":50,"enemies":"Writhing Mass","floor":46,"turns":4},{"damage":100087,"enemies":"Awakened One","floor":50,"turns":7}],"seed_played":"1995238351565591001","potions_obtained":[{"floor":1,"key":"Fruit Juice"},{"floor":6,"key":"Explosive Potion"},{"floor":16,"key":"SpeedPotion"},{"floor":18,"key":"champ:CounterPotion"},{"floor":20,"key":"SteroidPotion"},{"floor":22,"key":"Explosive Potion"},{"floor":27,"key":"FearPotion"},{"floor":27,"key":"Block Potion"},{"floor":38,"key":"sneckomod:MuddlingPotion"},{"floor":39,"key":"LiquidMemories"},{"floor":45,"key":"SteroidPotion"}],"is_trial":false,"path_per_floor":["M","?","M","M","T","M","M","$","T","R","E","R","M","$","R","B",null,"M","?","M","?","M","R","M","R","T","$","M","M","M","?","R","B",null,"M","$","?","M","M","E","M","R","T","R","E","M","?","$","R","B"],"character_chosen":"HERMIT","items_purchased":["hermit:Ricochet","hermit:Horror","reliquary:BrokenClock","Anchor","Cauldron","hermit:PetGhost"],"campfire_rested":7,"item_purchase_floors":[8,8,14,14,27,48],"current_hp_per_floor":[75,75,72,72,72,72,72,72,72,80,67,80,80,80,80,52,80,80,80,80,80,74,80,80,80,80,80,80,80,80,80,80,1,80,80,80,77,75,75,75,75,80,80,80,80,30,30,45,80,0,0],"gold":253,"neow_bonus":"HUNDRED_GOLD","is_daily":false,"chose_seed":false,"campfire_upgraded":1,"win_rate":0.0,"timestamp":1612409482,"path_taken":["M","?","M","M","?","M","M","$","T","R","E","R","M","?","R","BOSS","M","?","M","?","?","R","M","R","T","$","M","M","M","?","R","BOSS","M","$","?","M","M","E","M","R","T","R","E","?","?","$","R","BOSS"],"items_purchased_type":["Card","Card","Relic","Relic","Relic","Relic"],"build_version":"2020-12-22","purchased_purges":1,"victory":false,"max_hp_per_floor":[75,75,80,80,80,80,80,80,80,80,80,80,80,80,80,80,80,80,80,80,80,80,80,80,80,80,80,80,80,80,80,80,80,80,80,80,80,80,80,80,80,80,80,80,80,80,80,80,80,80,80],"card_choices":[{"not_picked":["hermit:Spite","hermit:LoneWolf"],"picked":"hermit:Quickdraw","floor":1},{"not_picked":["hermit:BodyArmor","hermit:Dive"],"picked":"hermit:Headshot","floor":3},{"not_picked":["hermit:ItchyTrigger","hermit:LowProfile"],"picked":"hermit:Glare","floor":4},{"not_picked":["hermit:Dive","hermit:BodyArmor"],"picked":"hermit:TrackingShot","floor":6},{"not_picked":["hermit:TakeCover","hermit:Horror","hermit:SprayPray"],"picked":"SKIP","floor":7},{"not_picked":["hermit:Dive","hermit:Manifest","hermit:GhostlyPresence"],"picked":"SKIP","floor":11},{"not_picked":["hermit:Cheat","hermit:Midnight"],"picked":"hermit:Magnum","floor":13},{"not_picked":["hermit:SprayPray","hermit:Roulette","hermit:Ricochet"],"picked":"SKIP","floor":18},{"not_picked":["hermit:Coalescence","hermit:Virtue"],"picked":"hermit:CalledShot+1","floor":20},{"not_picked":["hermit:Maintenance","hermit:Quickdraw"],"picked":"hermit:TrackingShot","floor":22},{"not_picked":["hermit:Coalescence+1","hermit:GhostlyPresence"],"picked":"hermit:HoleUp","floor":24},{"not_picked":["hermit:Glare+1","hermit:Coalescence"],"picked":"hermit:Scavenge","floor":28},{"not_picked":["hermit:LowProfile","hermit:Maintenance","hermit:Adapt"],"picked":"SKIP","floor":29},{"not_picked":["hermit:Grudge","hermit:Snipe+1"],"picked":"hermit:WideOpen","floor":30},{"not_picked":["hermit:Magnum","hermit:DeadOrAlive"],"picked":"hermit:RoundhouseKick","floor":33},{"not_picked":["hermit:Deadeye","hermit:Vantage+1"],"picked":"hermit:Roulette","floor":35},{"not_picked":["hermit:WideOpen+1","hermit:Dissolve"],"picked":"hermit:Coalescence+1","floor":38},{"not_picked":["hermit:Coalescence","hermit:Roulette+1","hermit:Manifest+1"],"picked":"SKIP","floor":39},{"not_picked":["hermit:WideOpen+1","hermit:BodyArmor","hermit:Spite+1"],"picked":"SKIP","floor":40},{"not_picked":["hermit:Feint+1","hermit:DeadMansHand","hermit:NoHoldsBarred+1"],"picked":"SKIP","floor":41},{"not_picked":["hermit:TakeCover+1","hermit:Brawl"],"picked":"hermit:Malice+1","floor":45},{"not_picked":["hermit:Roulette+1","hermit:FromBeyond","hermit:Midnight+1"],"picked":"SKIP","floor":46},{"not_picked":["hermit:Glare","hermit:TrackingShot+1"],"picked":"hermit:Enervate+1","floor":47}],"player_experience":18123,"relics_obtained":[{"floor":5,"key":"Runesmith:AutoHammer"},{"floor":9,"key":"reliquary:TridentHead"},{"floor":11,"key":"reliquary:IridiumChain"},{"floor":26,"key":"reliquary:ExpiredCoupon"},{"floor":40,"key":"Bag of Marbles"},{"floor":43,"key":"MealTicket"},{"floor":45,"key":"Calipers"},{"floor":47,"key":"Mercury Hourglass"}],"event_choices":[{"damage_healed":0,"gold_gain":175,"player_choice":"AGREE","damage_taken":211,"max_hp_gain":0,"max_hp_loss":0,"event_name":"betterThird:BetterSerpent","floor":2,"gold_loss":0},{"damage_healed":0,"gold_gain":0,"player_choice":"Paid Gold","damage_taken":0,"relics_obtained":["Eternal Feather"],"max_hp_gain":0,"max_hp_loss":0,"event_name":"WeMeetAgain","floor":21,"gold_loss":75},{"damage_healed":0,"gold_gain":0,"player_choice":"Punched","damage_taken":3,"max_hp_gain":0,"max_hp_loss":0,"event_name":"Designer","floor":37,"gold_loss":0}],"is_beta":false,"boss_relics":[{"not_picked":["Coffee Dripper","ChewingGum"],"picked":"reliquary:WritOfMandamus"},{"not_picked":["Replay:Bronze Core","Calling Bell"],"picked":"Fusion Hammer"}],"items_purged_floors":[8],"is_endless":false,"potions_floor_spawned":[1,6,16,18,20,22,29,38,39,45],"killed_by":"Awakened One","ascension_level":0}}