{"host":"uv5ws9rdk87e8i5k","time":1612454797,"event":{"mods":["AchievementEnabler","BaseMod","Colored Map","Jorbs\u0027s Wanderer Trilogy","Minty Spire (QoL Compilation)","Permanent Neow","Quick Restart","StSLib","SuperFastMode","The Necromancer"],"gold_per_floor":[112,132,148,161,173,204,220,220,220,220,232,251,262,292,292,370,370,380,391,30,48,65,65,65],"floor_reached":23,"language":"ENG","playtime":615,"items_purged":["Strike_W"],"score":380,"play_id":"eca45192-2483-4f7a-b206-db26a54cd388","local_time":"20210204100637","is_ascension_mode":true,"campfire_choices":[{"data":"Summon_Undead","floor":10.0,"key":"SMITH"},{"data":"Summon_Lich","floor":15,"key":"SMITH"}],"circlet_count":0,"master_deck":["AscendersBane","Strike_W","Strike_W","Defend_W","Defend_W","Defend_W","Defend_W+1","Negative_Energy_Arrows","Bone_Wall+1","Grasp_Heart","Summon_Lich","Necrotic_Claws","Summon_Undead+1","Life_Drain","Summon_Lich","Grasp_Heart","Summon_Lich+1","Cloudkill","Shade_Step"],"relics":["Vampire_Amulet","Calipers","War Paint","Tiny Chest","Velvet Choker","Bottled Flame"],"acts_visited":["Exordium","TheCity"],"potions_floor_usage":[14,16,21],"damage_taken":[{"damage":4.0,"enemies":"Small Slimes","floor":1.0,"turns":3.0},{"damage":1.0,"enemies":"Cultist","floor":2.0,"turns":3.0},{"damage":7.0,"enemies":"Jaw Worm","floor":3.0,"turns":3.0},{"damage":1.0,"enemies":"3 Louse","floor":4.0,"turns":4.0},{"damage":1.0,"enemies":"Looter","floor":5.0,"turns":3.0},{"damage":19.0,"enemies":"Gremlin Nob","floor":6.0,"turns":4.0},{"damage":3.0,"enemies":"2 Fungi Beasts","floor":7.0,"turns":3.0},{"damage":1.0,"enemies":"Exordium Thugs","floor":11.0,"turns":5.0},{"damage":5.0,"enemies":"Large Slime","floor":12.0,"turns":5.0},{"damage":9.0,"enemies":"2 Fungi Beasts","floor":13.0,"turns":2.0},{"damage":29,"enemies":"Lagavulin","floor":14,"turns":4},{"damage":26,"enemies":"The Guardian","floor":16,"turns":8},{"damage":5,"enemies":"3 Byrds","floor":18,"turns":3},{"damage":1,"enemies":"Chosen","floor":19,"turns":4},{"damage":32,"enemies":"Centurion and Healer","floor":21,"turns":5},{"damage":27,"enemies":"Snake Plant","floor":22,"turns":3},{"damage":48,"enemies":"Slavers","floor":23,"turns":3}],"seed_played":"1715892422494724893","potions_obtained":[{"floor":1.0,"key":"BlessingOfTheForge"},{"floor":3.0,"key":"CultistPotion"},{"floor":11.0,"key":"SneckoOil"},{"floor":13.0,"key":"Fire Potion"},{"floor":18,"key":"Fire Potion"}],"is_trial":false,"path_per_floor":["M","M","M","M","M","E","M","?","T","R","M","M","M","E","R","B",null,"M","M","$","M","M","E"],"character_chosen":"NECROMANCER","items_purchased":["Bottled Flame"],"campfire_rested":0,"item_purchase_floors":[20],"current_hp_per_floor":[46,47,42,47,48,31,38,38,38,38,47,52,50,29,29,15,57,64,71,71,53,40,0,0],"gold":65,"neow_bonus":"THREE_RARE_CARDS","is_daily":false,"chose_seed":false,"campfire_upgraded":2,"win_rate":0.0,"timestamp":1612454797,"path_taken":["M","M","M","M","M","E","M","?","T","R","?","M","M","E","R","BOSS","M","M","?","M","M","E"],"items_purchased_type":["Relic"],"build_version":"2020-12-22","purchased_purges":1,"victory":false,"max_hp_per_floor":[71,71,71,71,71,71,71,71,71,71,71,71,71,71,71,71,71,71,71,71,71,71,71,71],"card_choices":[{"not_picked":["Requiem","Reap_The_Weak"],"picked":"Grasp_Heart","floor":0.0},{"not_picked":["Shackles_Of_Pain","Bone_Armory"],"picked":"Summon_Lich","floor":1.0},{"not_picked":["Blood_for_Blood","Toxic_Smoke_Screen"],"picked":"Necrotic_Claws","floor":2.0},{"not_picked":["Shackles_Of_Pain","Consume_Illness","Death_Coil"],"picked":"SKIP","floor":3.0},{"not_picked":["Death_March_Dance","Consume_Illness","Life_Tap"],"picked":"SKIP","floor":4.0},{"not_picked":["Plague_Bolt","Life_Drain"],"picked":"Summon_Undead","floor":5.0},{"not_picked":["Deaths_Shadow","Negative_Energy_Sphere"],"picked":"Life_Drain","floor":6.0},{"not_picked":["Chill_Blood","Finger_Of_Death","Blood_Curse"],"picked":"SKIP","floor":7.0},{"not_picked":["Violent_Necrosis","Bone_Bullets"],"picked":"Summon_Lich","floor":11.0},{"not_picked":["Necromantic_Selection","Summon_Undead_Army"],"picked":"Grasp_Heart","floor":12.0},{"not_picked":["Bone_Armory","Bone_Spikes"],"picked":"Summon_Lich","floor":13.0},{"not_picked":["Toxic_Smoke_Screen","Bone_Armor","Whirlwind_of_Bones"],"picked":"SKIP","floor":14},{"not_picked":["Skeleton_Dragon","Hellfire"],"picked":"Cloudkill","floor":16},{"not_picked":["Chill_Blood","Shackles_Of_Pain"],"picked":"Shade_Step","floor":18},{"not_picked":["Corrupt+1","Deaths_Shadow","Death_March_Dance"],"picked":"SKIP","floor":19},{"not_picked":["Epidemic","Death_March_Dance","Exploit"],"picked":"SKIP","floor":21},{"not_picked":["Bones_to_Steel","Exploit","Bone_Bullets"],"picked":"SKIP","floor":22}],"player_experience":223384,"relics_obtained":[{"floor":6.0,"key":"Calipers"},{"floor":9.0,"key":"War Paint"},{"floor":14,"key":"Tiny Chest"}],"event_choices":[{"cards_removed":["Strike_W"],"damage_healed":0.0,"max_hp_gain":0.0,"max_hp_loss":0.0,"gold_gain":0.0,"event_name":"Purifier","player_choice":"Purged","floor":8.0,"gold_loss":0.0,"damage_taken":0.0}],"is_beta":false,"boss_relics":[{"not_picked":["Philosopher\u0027s Stone","SacredBark"],"picked":"Velvet Choker"}],"items_purged_floors":[20],"is_endless":false,"potions_floor_spawned":[1,3,11,12,13,18],"killed_by":"Slavers","ascension_level":16}}