{"host":"hrn9sk6g3e0vcjdq","time":1612447790,"event":{"mods":["AchievementEnabler","BaseMod","BetterRewards","Colored Map","Colored Powertips","Hubris","Minty Spire (QoL Compilation)","Quick Restart","StSLib"],"gold_per_floor":[114,189,39,39,39,39,64,64,113,133,145,160,160,194,194,296,296,316,66,76,87,120,120,147,166,166,166,166,195,38,58,58,163,163,181,281,296,316,316,316,342,342,342,342,354,354,388,356,356,356,356],"floor_reached":50,"language":"ENG","playtime":6646,"items_purged":["Strike_P","Strike_P"],"score":803,"play_id":"09a57f80-26b7-4f69-8caa-9b0ae42f483c","local_time":"20210204140950","is_ascension_mode":true,"campfire_choices":[{"floor":6,"key":"REST"},{"floor":8,"key":"REST"},{"data":"WheelKick","floor":13,"key":"SMITH"},{"floor":15,"key":"REST"},{"floor":23,"key":"REST"},{"floor":28,"key":"REST"},{"data":"Ragnarok","floor":32,"key":"SMITH"},{"floor":40,"key":"REST"},{"floor":42,"key":"REST"},{"floor":44,"key":"REST"},{"floor":49,"key":"REST"}],"circlet_count":0,"master_deck":["Strike_P+1","Defend_P+1","Defend_P","Defend_P+1","Defend_P+1","Eruption+1","Vigilance","TalkToTheHand+1","Crescendo","Ragnarok+1","WheelKick+1","Establishment","ThirdEye+1","BowlingBash","WreathOfFlame+1","LessonLearned","Tantrum+1","ClearTheMind+1","Wallop+1","Parasite","FlyingSleeves+1"],"relics":["PureWater","Lantern","Kunai","hubris:Reverence","hubris:ToyBattleship","hubris:Metronome","hubris:Backtick","hubris:GlazedTorus","Happy Flower","Red Mask","Shuriken","hubris:FunFungus","hubris:Icosahedron","Pantograph","Whetstone","Toy Ornithopter","hubris:TinFlute","Eternal Feather"],"acts_visited":["Exordium","TheCity","TheBeyond"],"potions_floor_usage":[7,16,18,22,24,29,33,38,38,47,47],"damage_taken":[{"damage":2,"enemies":"2 Louse","floor":1,"turns":2},{"damage":39,"enemies":"3 Sentries","floor":7,"turns":4},{"damage":0,"enemies":"Small Slimes","floor":10,"turns":2},{"damage":0,"enemies":"Jaw Worm","floor":11,"turns":3},{"damage":0,"enemies":"Blue Slaver","floor":12,"turns":3},{"damage":5,"enemies":"Lagavulin","floor":14,"turns":4},{"damage":45,"enemies":"Hexaghost","floor":16,"turns":11},{"damage":0,"enemies":"3 Byrds","floor":18,"turns":3},{"damage":5,"enemies":"Shell Parasite","floor":20,"turns":4},{"damage":23,"enemies":"Shelled Parasite and Fungi","floor":21,"turns":7},{"damage":8,"enemies":"Masked Bandits","floor":22,"turns":3},{"damage":20,"enemies":"Book of Stabbing","floor":24,"turns":4},{"damage":0,"enemies":"Snecko","floor":25,"turns":4},{"damage":39,"enemies":"Gremlin Leader","floor":29,"turns":4},{"damage":0,"enemies":"Chosen and Byrds","floor":31,"turns":4},{"damage":41,"enemies":"Automaton","floor":33,"turns":7},{"damage":6,"enemies":"Orb Walker","floor":35,"turns":4},{"damage":33,"enemies":"3 Darklings","floor":37,"turns":4},{"damage":4,"enemies":"Writhing Mass","floor":38,"turns":5},{"damage":41,"enemies":"Nemesis","floor":41,"turns":7},{"damage":5,"enemies":"4 Shapes","floor":45,"turns":5},{"damage":63,"enemies":"Giant Head","floor":47,"turns":7},{"damage":27,"enemies":"Maw","floor":48,"turns":6},{"damage":72,"enemies":"Awakened One","floor":50,"turns":5}],"seed_played":"-8213764625816432024","potions_obtained":[{"floor":1,"key":"SkillPotion"},{"floor":10,"key":"LiquidBronze"},{"floor":14,"key":"SpeedPotion"},{"floor":20,"key":"SkillPotion"},{"floor":21,"key":"FearPotion"},{"floor":25,"key":"Regen Potion"},{"floor":31,"key":"DuplicationPotion"},{"floor":35,"key":"BottledMiracle"},{"floor":37,"key":"Regen Potion"},{"floor":45,"key":"FearPotion"},{"floor":48,"key":"SpeedPotion"}],"is_trial":false,"path_per_floor":["M","?","$","?","?","R","E","R","T","M","M","M","R","E","R","B",null,"M","$","M","M","?","R","E","M","T","?","R","E","$","M","R","B",null,"M","?","M","M","$","R","E","R","T","R","M","?","E","M","R","B"],"character_chosen":"WATCHER","items_purchased":["TalkToTheHand","Lantern","Kunai","Ragnarok","Happy Flower","Whetstone"],"campfire_rested":9,"item_purchase_floors":[0,0,0,3,19,30],"current_hp_per_floor":[70,59,59,52,38,59,20,41,41,41,41,41,41,36,57,12,72,72,72,67,44,36,57,37,37,37,37,58,31,31,31,31,36,72,66,66,33,43,43,64,26,47,47,68,66,66,19,21,54,0,0],"gold":356,"neow_bonus":"","is_daily":false,"chose_seed":false,"campfire_upgraded":2,"win_rate":0.0,"timestamp":1612447790,"path_taken":["M","?","$","?","?","R","E","R","T","M","M","M","R","E","R","BOSS","M","$","M","M","?","R","E","M","T","?","R","E","$","M","R","BOSS","M","?","M","M","?","R","E","R","T","R","M","?","E","M","R","BOSS"],"items_purchased_type":["Card","Relic","Relic","Card","Relic","Relic"],"build_version":"2020-12-22","purchased_purges":2,"victory":false,"max_hp_per_floor":[72,72,72,72,72,72,72,72,72,72,72,72,72,72,72,72,72,72,72,72,72,72,72,72,72,72,72,72,72,72,72,72,72,72,72,72,72,72,72,72,72,72,72,72,72,72,72,72,72,72,72],"card_choices":[{"not_picked":["Sanctity","Prostrate"],"picked":"Crescendo","floor":1},{"not_picked":["FollowUp","ForeignInfluence"],"picked":"WheelKick","floor":7},{"not_picked":["Prostrate","JustLucky"],"picked":"Establishment","floor":10},{"not_picked":["PathToVictory","Prostrate"],"picked":"ThirdEye","floor":11},{"not_picked":["ClearTheMind","ThirdEye"],"picked":"BowlingBash","floor":12},{"not_picked":["Collect","ThirdEye"],"picked":"WreathOfFlame","floor":14},{"not_picked":["SpiritShield","Brilliance"],"picked":"LessonLearned","floor":16},{"not_picked":["Protect","FlyingSleeves"],"picked":"Tantrum+1","floor":18},{"not_picked":["CrushJoints","ReachHeaven","Protect"],"picked":"SKIP","floor":20},{"not_picked":["Halt","Protect","ReachHeaven"],"picked":"SKIP","floor":21},{"not_picked":["ForeignInfluence","Indignation"],"picked":"ClearTheMind+1","floor":22},{"not_picked":["CarveReality+1","Protect"],"picked":"Wallop","floor":24},{"not_picked":["Protect","TalkToTheHand","BowlingBash"],"picked":"SKIP","floor":25},{"not_picked":["EmptyFist+1","Ragnarok","SashWhip"],"picked":"SKIP","floor":29},{"not_picked":["Protect+1","Swivel+1","WreathOfFlame"],"picked":"SKIP","floor":31},{"not_picked":["JustLucky","SashWhip+1","DeceiveReality+1"],"picked":"SKIP","floor":35},{"not_picked":["ThirdEye","CutThroughFate","Conclude"],"picked":"SKIP","floor":37},{"not_picked":["ThirdEye+1","Protect+1","Pray"],"picked":"SKIP","floor":38},{"not_picked":["PathToVictory","CutThroughFate","Sanctity"],"picked":"SKIP","floor":41},{"not_picked":["FollowUp+1","JustLucky+1","Worship"],"picked":"SKIP","floor":45},{"not_picked":["EmptyFist+1","DeusExMachina","Pray"],"picked":"SKIP","floor":47},{"not_picked":["ReachHeaven+1","Protect"],"picked":"FlyingSleeves+1","floor":48}],"player_experience":621646,"relics_obtained":[{"floor":7,"key":"hubris:Reverence"},{"floor":9,"key":"hubris:ToyBattleship"},{"floor":14,"key":"hubris:Metronome"},{"floor":22,"key":"Red Mask"},{"floor":24,"key":"Shuriken"},{"floor":26,"key":"hubris:FunFungus"},{"floor":29,"key":"Pantograph"},{"floor":41,"key":"Toy Ornithopter"},{"floor":43,"key":"hubris:TinFlute"},{"floor":47,"key":"Eternal Feather"}],"event_choices":[{"damage_healed":0,"gold_gain":75,"player_choice":"Gather Gold","damage_taken":11,"max_hp_gain":0,"max_hp_loss":0,"event_name":"World of Goop","floor":2,"gold_loss":0},{"cards_removed":["Strike_P"],"damage_healed":0,"gold_gain":0,"player_choice":"Card Removal","damage_taken":7,"max_hp_gain":0,"max_hp_loss":0,"event_name":"Golden Wing","floor":4,"gold_loss":0},{"damage_healed":0,"gold_gain":0,"player_choice":"Entered Light","damage_taken":14,"max_hp_gain":0,"max_hp_loss":0,"event_name":"Shining Light","floor":5,"gold_loss":0,"cards_upgraded":["TalkToTheHand","Strike_P"]},{"damage_healed":0,"gold_gain":0,"player_choice":"Fought Bandits","damage_taken":0,"max_hp_gain":0,"max_hp_loss":0,"event_name":"Masked Bandits","floor":22,"gold_loss":0},{"damage_healed":0,"gold_gain":100,"player_choice":"Pray","damage_taken":0,"max_hp_gain":0,"max_hp_loss":0,"event_name":"Golden Shrine","floor":36,"gold_loss":0}],"is_beta":false,"boss_relics":[{"not_picked":["hubris:CrackedHourglass","Coffee Dripper"],"picked":"hubris:Backtick"},{"not_picked":["Fusion Hammer","Philosopher\u0027s Stone","Cursed Key"]}],"items_purged_floors":[3,19],"is_endless":false,"potions_floor_spawned":[1,10,14,20,21,25,31,35,37,45,48],"killed_by":"Awakened One","ascension_level":3}}