{"host":"mi0eibewekhugwl1","time":1612415172,"event":{"mods":["AchievementEnabler","BaseMod","Colored Map","Colored Powertips","DeckTracker","Keyboard Shortcuts","Minty Spire (QoL Compilation)","Quick Restart","Rare Cards Sparkle","Relic Stats","StSLib","SuperFastMode","everything is the same but u backflip on backflip"],"gold_per_floor":[116,135,135,13,88,120,120,120,120,132,149,164,175,41,41,118,118,133,313,34,54,54,82,82,32,56,68,83,83,96,96,96,170,170,183,133,158,173,193,226,226,226,253,268,278,296,314,66,66,66,66],"floor_reached":50,"language":"KOR","playtime":1464,"items_purged":["Defend_B","Strike_B","Decay","Decay"],"score":1067,"play_id":"4d7f937d-fd02-4c83-84ad-5b0b40d00d8f","local_time":"20210204140612","is_ascension_mode":true,"campfire_choices":[{"data":"Zap","floor":8,"key":"SMITH"},{"data":"Defragment","floor":15,"key":"SMITH"},{"floor":24,"key":"REST"},{"data":"Loop","floor":29,"key":"SMITH"},{"data":"Chaos","floor":32,"key":"SMITH"},{"data":"Coolheaded","floor":41,"key":"SMITH"},{"floor":49,"key":"RECALL"}],"circlet_count":0,"master_deck":["AscendersBane","Strike_B","Strike_B","Defend_B","Defend_B","Zap+1","Dualcast","Sweeping Beam","Gash","Defragment+1","Glacier","Loop+1","Self Repair+1","Hologram","Coolheaded+1","Buffer+1","Cold Snap","Ball Lightning","Barrage","White Noise+1","Static Discharge+1","Heatsinks+1","Chaos+1","Creative AI+1","Coolheaded","Turbo","Conserve Battery+1","Coolheaded+1","Storm+1","Blizzard"],"relics":["Cracked Core","NeowsBlessing","Eternal Feather","Frozen Egg 2","Cursed Key","Runic Capacitor","Smiling Mask","Bag of Preparation","Inserter","StoneCalendar","Pen Nib"],"acts_visited":["Exordium","TheCity","TheBeyond"],"potions_floor_usage":[16,18,23,33,37,37,40,46,50,50],"damage_taken":[{"damage":0,"enemies":"2 Louse","floor":1,"turns":1},{"damage":0,"enemies":"Cultist","floor":2,"turns":1},{"damage":0,"enemies":"3 Sentries","floor":6,"turns":1},{"damage":3,"enemies":"Small Slimes","floor":10,"turns":2},{"damage":9,"enemies":"Exordium Thugs","floor":11,"turns":4},{"damage":0,"enemies":"Looter","floor":12,"turns":4},{"damage":2,"enemies":"Blue Slaver","floor":13,"turns":3},{"damage":54,"enemies":"Slime Boss","floor":16,"turns":16},{"damage":4,"enemies":"2 Thieves","floor":18,"turns":4},{"damage":23,"enemies":"3 Byrds","floor":21,"turns":5},{"damage":27,"enemies":"Book of Stabbing","floor":23,"turns":7},{"damage":7,"enemies":"Snake Plant","floor":27,"turns":4},{"damage":21,"enemies":"Sentry and Sphere","floor":28,"turns":4},{"damage":9,"enemies":"Centurion and Healer","floor":30,"turns":6},{"damage":10,"enemies":"Champ","floor":33,"turns":8},{"damage":11,"enemies":"Orb Walker","floor":35,"turns":5},{"damage":20,"enemies":"Mind Bloom Boss Battle","floor":37,"turns":4},{"damage":28,"enemies":"3 Darklings","floor":38,"turns":6},{"damage":8,"enemies":"Writhing Mass","floor":39,"turns":7},{"damage":5,"enemies":"Giant Head","floor":40,"turns":8},{"damage":23,"enemies":"Jaw Worm Horde","floor":44,"turns":7},{"damage":26,"enemies":"Maw","floor":45,"turns":7},{"damage":25,"enemies":"4 Shapes","floor":46,"turns":5},{"damage":25,"enemies":"Jaw Worm Horde","floor":47,"turns":7},{"damage":31,"enemies":"Awakened One","floor":50,"turns":3}],"seed_played":"-5359177014990022760","potions_obtained":[{"floor":2,"key":"SkillPotion"},{"floor":11,"key":"Weak Potion"},{"floor":13,"key":"Fire Potion"},{"floor":16,"key":"FocusPotion"},{"floor":23,"key":"FocusPotion"},{"floor":33,"key":"DistilledChaos"},{"floor":37,"key":"Regen Potion"},{"floor":45,"key":"Fire Potion"}],"is_trial":false,"path_per_floor":["M","M","?","$","?","E","?","R","T","M","M","M","M","$","R","B",null,"M","?","$","M","?","E","R","$","T","M","M","R","M","?","R","B",null,"M","$","?","M","M","E","R","?","T","M","M","M","M","$","R","B"],"character_chosen":"DEFECT","items_purchased":["Glacier","Loop","Gash","Runic Capacitor","Ball Lightning","Energy Potion","Blizzard","Block Potion","SkillPotion"],"campfire_rested":1,"item_purchase_floors":[4,4,14,20,20,20,48,48,48],"current_hp_per_floor":[64,64,64,64,53,53,53,59,59,56,57,67,71,71,71,27,60,66,47,47,34,34,17,50,50,50,53,42,54,55,55,70,70,71,70,70,60,42,44,64,71,71,71,58,42,27,12,12,30,0,0],"gold":66,"neow_bonus":"THREE_ENEMY_KILL","is_daily":false,"chose_seed":false,"campfire_upgraded":5,"win_rate":0.0,"timestamp":1612415172,"path_taken":["M","M","?","?","?","E","?","R","T","M","M","M","?","$","R","BOSS","M","?","?","M","?","E","R","?","T","?","M","R","M","?","R","BOSS","M","$","?","M","M","E","R","?","T","M","M","M","M","$","R","BOSS"],"items_purchased_type":["Card","Card","Card","Relic","Card","Potion","Card","Potion","Potion"],"build_version":"2020-12-22","purchased_purges":4,"victory":false,"max_hp_per_floor":[71,71,71,71,71,71,71,71,71,71,71,71,71,71,71,71,71,71,71,71,71,71,71,71,71,71,71,71,71,71,71,71,71,71,71,71,71,71,71,71,71,71,71,71,71,71,71,71,71,71,71],"relic_stats":{"Inserter":[26],"counters":[25,128],"Eternal Feather":70,"StoneCalendar":[116],"Pen Nib":[3],"Bag of Preparation":[28],"Cursed Key":2,"Smiling Mask":225,"obtain_stats":[{"Inserter":34,"NeowsBlessing":0,"Eternal Feather":6,"StoneCalendar":37,"Pen Nib":40,"Runic Capacitor":20,"Bag of Preparation":26,"Frozen Egg 2":9,"Cracked Core":0,"Cursed Key":17,"Smiling Mask":23},{"Inserter":15,"NeowsBlessing":0,"Eternal Feather":3,"StoneCalendar":17,"Pen Nib":20,"Runic Capacitor":9,"Bag of Preparation":11,"Frozen Egg 2":3,"Cracked Core":0,"Cursed Key":8,"Smiling Mask":11},{"Inserter":70,"NeowsBlessing":0,"Eternal Feather":3,"StoneCalendar":78,"Pen Nib":99,"Runic Capacitor":36,"Bag of Preparation":48,"Frozen Egg 2":3,"Cracked Core":0,"Cursed Key":32,"Smiling Mask":48}]},"card_choices":[{"not_picked":["Gash","Compile Driver"],"picked":"Sweeping Beam","floor":1},{"not_picked":["Leap","Rebound"],"picked":"Gash","floor":2},{"not_picked":["Hello World","Barrage","Double Energy"],"picked":"SKIP","floor":6},{"not_picked":["Beam Cell","Sunder"],"picked":"Self Repair+1","floor":10},{"not_picked":["Hyperbeam","Barrage"],"picked":"Hologram","floor":11},{"not_picked":["Redo","Steam"],"picked":"Coolheaded","floor":12},{"not_picked":["Streamline","Redo","Auto Shields"],"picked":"SKIP","floor":13},{"not_picked":["Fission","Machine Learning+1"],"picked":"Buffer+1","floor":16},{"not_picked":["Fusion","Stack"],"picked":"Cold Snap","floor":18},{"not_picked":["Streamline","Barrage","Double Energy"],"picked":"SKIP","floor":21},{"not_picked":["Streamline","Double Energy"],"picked":"Barrage","floor":21},{"not_picked":["Double Energy","Sweeping Beam+1"],"picked":"White Noise+1","floor":23},{"not_picked":["Cold Snap","Turbo"],"picked":"Static Discharge+1","floor":27},{"not_picked":["Rip and Tear","Conserve Battery"],"picked":"Heatsinks+1","floor":28},{"not_picked":["Heatsinks+1","Fusion"],"picked":"Chaos","floor":30},{"not_picked":["Gash","Beam Cell+1","Leap"],"picked":"SKIP","floor":35},{"not_picked":["Streamline+1","Auto Shields"],"picked":"Coolheaded","floor":37},{"not_picked":["Leap","Hologram"],"picked":"Turbo","floor":38},{"not_picked":["Rebound","Hologram"],"picked":"Conserve Battery+1","floor":39},{"not_picked":["Fission","Double Energy","Beam Cell"],"picked":"SKIP","floor":40},{"not_picked":["Streamline","Coolheaded","Conserve Battery"],"picked":"SKIP","floor":44},{"not_picked":["Go for the Eyes","Hologram","Coolheaded+1"],"picked":"SKIP","floor":45},{"not_picked":["Go for the Eyes","Hologram"],"picked":"Coolheaded+1","floor":45},{"not_picked":["Go for the Eyes","Sunder","Beam Cell"],"picked":"SKIP","floor":46},{"not_picked":["Streamline","Sunder"],"picked":"Storm+1","floor":47}],"player_experience":1780027,"relics_obtained":[{"floor":6,"key":"Eternal Feather"},{"floor":9,"key":"Frozen Egg 2"},{"floor":23,"key":"Smiling Mask"},{"floor":26,"key":"Bag of Preparation"},{"floor":37,"key":"StoneCalendar"},{"floor":40,"key":"Pen Nib"}],"event_choices":[{"damage_healed":0,"gold_gain":0,"cards_transformed":["Strike_B"],"player_choice":"Transformed","damage_taken":0,"max_hp_gain":0,"max_hp_loss":0,"event_name":"Transmorgrifier","floor":3,"gold_loss":0,"cards_obtained":["Defragment"]},{"damage_healed":0,"gold_gain":75,"player_choice":"Gather Gold","damage_taken":11,"max_hp_gain":0,"max_hp_loss":0,"event_name":"World of Goop","floor":5,"gold_loss":0},{"cards_removed":["Defend_B"],"damage_healed":0,"gold_gain":0,"player_choice":"Purged","damage_taken":0,"max_hp_gain":0,"max_hp_loss":0,"event_name":"Purifier","floor":7,"gold_loss":0},{"damage_healed":0,"gold_gain":180,"player_choice":"GOLD GOLD ","damage_taken":19,"max_hp_gain":0,"max_hp_loss":0,"event_name":"Knowing Skull","floor":19,"potions_obtained":[],"gold_loss":0,"cards_obtained":[]},{"damage_healed":0,"gold_gain":0,"player_choice":"Ignored","damage_taken":0,"max_hp_gain":0,"max_hp_loss":0,"event_name":"Ghosts","floor":22,"gold_loss":0},{"damage_healed":0,"gold_gain":0,"player_choice":"Read","damage_taken":0,"max_hp_gain":0,"max_hp_loss":0,"event_name":"The Library","floor":31,"gold_loss":0,"cards_obtained":["Creative AI"]},{"damage_healed":0,"gold_gain":0,"player_choice":"Fight","damage_taken":0,"max_hp_gain":0,"max_hp_loss":0,"event_name":"MindBloom","floor":37,"gold_loss":0},{"cards_removed":["Gash"],"damage_healed":0,"gold_gain":0,"player_choice":"Removed Attack","damage_taken":0,"max_hp_gain":0,"max_hp_loss":0,"event_name":"Falling","floor":42,"gold_loss":0}],"is_beta":false,"boss_relics":[{"not_picked":["FrozenCore","Empty Cage"],"picked":"Cursed Key"},{"not_picked":["Sozu","Snecko Eye"],"picked":"Inserter"}],"items_purged_floors":[14,25,36,48],"is_endless":false,"potions_floor_spawned":[2,11,13,16,23,28,33,35,37,45],"killed_by":"Awakened One","ascension_level":20}}