{"host":"7j2n82b2zha9fuyn","time":1612407802,"event":{"mods":["BaseMod","Block Reminder","Minty Spire (QoL Compilation)","StSLib"],"gold_per_floor":[119,119,140,26,26,26,67,67,67,67,67,67,91,126,126,219,219,244,169,0,16,16,49,49,88,88,88,88,88,114,38,38,133,133,146,164,164,164,225,225,241,241,241,241,266,27,46,64,64,64],"floor_reached":51,"language":"ENG","playtime":3220,"items_purged":["Phantasmal Killer"],"score":1458,"play_id":"f35dec12-e3b1-4bce-aff5-b1f616f60062","local_time":"20210203200322","is_ascension_mode":true,"campfire_choices":[{"data":"Catalyst","floor":6.0,"key":"SMITH"},{"data":"1","floor":8.0,"key":"LIFT"},{"data":"2","floor":10.0,"key":"LIFT"},{"data":"Poisoned Stab","floor":12.0,"key":"SMITH"},{"data":"Crippling Poison","floor":15.0,"key":"SMITH"},{"floor":24.0,"key":"REST"},{"data":"Noxious Fumes","floor":27.0,"key":"SMITH"},{"floor":29.0,"key":"REST"},{"floor":32.0,"key":"REST"},{"floor":40.0,"key":"REST"},{"floor":42.0,"key":"REST"},{"floor":44.0,"key":"DIG"},{"floor":49.0,"key":"REST"}],"circlet_count":0,"master_deck":["AscendersBane","Survivor+1","Neutralize","Quick Slash","Poisoned Stab","Poisoned Stab+1","Catalyst+1","Crippling Poison+1","Burst+1","Tactician","Noxious Fumes+1","Deadly Poison","Corpse Explosion","Choke","Quick Slash","Caltrops","Crippling Poison","Deflect+1","Catalyst+1","Well Laid Plans","Malaise","Master of Strategy","PanicButton","Leg Sweep","Footwork"],"relics":["Ring of the Snake","NeowsBlessing","Golden Idol","Girya","HornCleat","Tiny Chest","Pandora\u0027s Box","DollysMirror","Omamori","Pen Nib","War Paint","Calling Bell","Ancient Tea Set","StrikeDummy","TungstenRod","Shovel","Molten Egg 2","Nunchaku","Strawberry","Membership Card"],"acts_visited":["Exordium","TheCity","TheBeyond"],"potions_floor_usage":[50,50],"damage_taken":[{"damage":0.0,"enemies":"Jaw Worm","floor":1.0,"turns":1.0},{"damage":0.0,"enemies":"Small Slimes","floor":3.0,"turns":1.0},{"damage":0.0,"enemies":"Gremlin Nob","floor":7.0,"turns":1.0},{"damage":0.0,"enemies":"2 Louse","floor":13.0,"turns":2.0},{"damage":6.0,"enemies":"Lagavulin","floor":14.0,"turns":4.0},{"damage":16.0,"enemies":"Hexaghost","floor":16.0,"turns":6.0},{"damage":0.0,"enemies":"3 Byrds","floor":18.0,"turns":3.0},{"damage":0.0,"enemies":"Spheric Guardian","floor":21.0,"turns":2.0},{"damage":32.0,"enemies":"Slavers","floor":23.0,"turns":4.0},{"damage":15.0,"enemies":"Gremlin Leader","floor":25.0,"turns":4.0},{"damage":19.0,"enemies":"Colosseum Slavers","floor":28.0,"turns":3.0},{"damage":0.0,"enemies":"Collector","floor":33.0,"turns":3.0},{"damage":0.0,"enemies":"3 Darklings","floor":35.0,"turns":3.0},{"damage":5.0,"enemies":"3 Shapes","floor":36.0,"turns":4.0},{"damage":35.0,"enemies":"2 Orb Walkers","floor":39.0,"turns":4.0},{"damage":0.0,"enemies":"Maw","floor":41.0,"turns":4.0},{"damage":25.0,"enemies":"Spire Growth","floor":47.0,"turns":4.0},{"damage":0.0,"enemies":"Writhing Mass","floor":48.0,"turns":4.0},{"damage":46,"enemies":"Donu and Deca","floor":50,"turns":7}],"seed_played":"6718395638151502282","potions_obtained":[{"floor":13.0,"key":"FearPotion"},{"floor":16.0,"key":"SkillPotion"},{"floor":21.0,"key":"DuplicationPotion"},{"floor":25.0,"key":"BlessingOfTheForge"},{"floor":33.0,"key":"Block Potion"},{"floor":48.0,"key":"Fruit Juice"}],"is_trial":false,"path_per_floor":["M","?","M","$","?","R","E","R","T","R","?","R","M","E","R","B",null,"M","?","$","M","$","E","R","E","T","R","?","R","T","$","R","B",null,"M","M","?","?","?","R","M","R","T","R","T","$","M","M","R","B",null],"character_chosen":"THE_SILENT","items_purchased":["Poisoned Stab","Catalyst","DollysMirror","Well Laid Plans","Membership Card","Leg Sweep"],"campfire_rested":6,"item_purchase_floors":[4,4,20,31,46,46],"current_hp_per_floor":[59,59,59,59,41,41,41,41,41,41,41,41,41,35,35,19,50,50,50,50,50,50,18,36,21,21,21,2,20,20,20,38,38,55,55,50,41,41,6,24,24,42,42,42,49,49,24,24,44,3],"gold":64,"neow_bonus":"THREE_ENEMY_KILL","is_daily":false,"chose_seed":false,"campfire_upgraded":4,"win_rate":0.0,"timestamp":1612407802,"path_taken":["M","?","M","$","?","R","E","R","T","R","?","R","M","E","R","BOSS","M","?","$","M","?","E","R","E","T","R","?","R","?","$","R","BOSS","M","M","?","?","?","R","M","R","T","R","?","$","M","?","R","BOSS"],"items_purchased_type":["Card","Card","Relic","Card","Relic","Card"],"build_version":"2020-12-22","purchased_purges":1,"victory":true,"max_hp_per_floor":[66,60,60,60,60,60,60,60,60,60,60,60,60,60,60,60,60,60,60,60,60,60,60,60,60,60,60,60,60,60,60,60,60,60,60,60,60,60,60,60,60,60,60,60,67,67,67,67,67,72],"card_choices":[{"not_picked":["Underhanded Strike","Bane"],"picked":"Quick Slash","floor":1.0},{"not_picked":["Masterful Stab","Slice"],"picked":"Poisoned Stab","floor":3.0},{"not_picked":["Choke","Outmaneuver","Poisoned Stab"],"picked":"SKIP","floor":7.0},{"not_picked":["Expertise","Slice"],"picked":"Crippling Poison","floor":13.0},{"not_picked":["Flying Knee","Riddle With Holes","Dagger Spray"],"picked":"SKIP","floor":14.0},{"not_picked":["Phantasmal Killer","Grand Finale"],"picked":"Burst","floor":16.0},{"not_picked":["Crippling Poison","Quick Slash"],"picked":"Deflect+1","floor":18.0},{"not_picked":["Terror","Bane","Crippling Poison"],"picked":"SKIP","floor":21.0},{"not_picked":["Prepared","Crippling Poison","Poisoned Stab+1"],"picked":"SKIP","floor":23.0},{"not_picked":["Dagger Spray","Blade Dance","Setup"],"picked":"SKIP","floor":25.0},{"not_picked":["Dagger Spray","Blade Dance","Setup"],"picked":"SKIP","floor":25.0},{"not_picked":["Venomology","Phantasmal Killer"],"picked":"Malaise","floor":33.0},{"not_picked":["Heel Hook","Endless Agony","Flying Knee+1"],"picked":"SKIP","floor":35.0},{"not_picked":["Dagger Throw","Noxious Fumes","Concentrate"],"picked":"SKIP","floor":36.0},{"not_picked":["PanicButton","Thinking Ahead"],"picked":"Master of Strategy","floor":37.0},{"not_picked":["Deep Breath","Enlightenment"],"picked":"PanicButton","floor":37.0},{"not_picked":["Flying Knee","Backstab","Acrobatics"],"picked":"SKIP","floor":41.0},{"not_picked":["Bouncing Flask","Dagger Spray+1"],"picked":"Footwork","floor":47.0},{"not_picked":["Quick Slash+1","Blade Dance","Slice+1"],"picked":"SKIP","floor":48.0}],"player_experience":1971440,"relics_obtained":[{"floor":7.0,"key":"Girya"},{"floor":9.0,"key":"HornCleat"},{"floor":14.0,"key":"Tiny Chest"},{"floor":23.0,"key":"Omamori"},{"floor":25.0,"key":"Pen Nib"},{"floor":30.0,"key":"War Paint"},{"floor":34.0,"key":"Ancient Tea Set"},{"floor":34.0,"key":"StrikeDummy"},{"floor":34.0,"key":"TungstenRod"},{"floor":39.0,"key":"Shovel"},{"floor":43.0,"key":"Molten Egg 2"},{"floor":44.0,"key":"Nunchaku"},{"floor":45.0,"key":"Strawberry"}],"event_choices":[{"damage_healed":0.0,"max_hp_gain":0.0,"max_hp_loss":6.0,"gold_gain":0.0,"event_name":"Golden Idol","player_choice":"Lose Max HP","floor":2.0,"gold_loss":0.0,"damage_taken":0.0,"relics_obtained":["Golden Idol"]},{"damage_healed":0.0,"max_hp_gain":0.0,"max_hp_loss":0.0,"gold_gain":0.0,"event_name":"Shining Light","player_choice":"Entered Light","floor":5.0,"gold_loss":0.0,"damage_taken":18.0,"cards_upgraded":["Defend_G","Strike_G"]},{"damage_healed":0.0,"max_hp_gain":0.0,"max_hp_loss":0.0,"gold_gain":0.0,"event_name":"Liars Game","player_choice":"Ignored","floor":11.0,"gold_loss":0.0,"damage_taken":0.0},{"cards_removed":["A Thousand Cuts"],"damage_healed":0.0,"max_hp_gain":0.0,"max_hp_loss":0.0,"gold_gain":0.0,"event_name":"Beggar","player_choice":"Gave Gold","floor":19.0,"gold_loss":75.0,"damage_taken":0.0},{"damage_healed":0.0,"max_hp_gain":0.0,"max_hp_loss":0.0,"gold_gain":0.0,"event_name":"Colosseum","player_choice":"Fight","floor":28.0,"gold_loss":0.0,"damage_taken":0.0},{"damage_healed":0.0,"max_hp_gain":0.0,"max_hp_loss":0.0,"gold_gain":0.0,"event_name":"Colosseum","player_choice":"Fled From Nobs","floor":28.0,"gold_loss":0.0,"damage_taken":0.0},{"damage_healed":0.0,"max_hp_gain":0.0,"max_hp_loss":0.0,"gold_gain":0.0,"event_name":"SensoryStone","player_choice":"Memory 3","floor":37.0,"gold_loss":0.0,"damage_taken":10.0},{"damage_healed":0.0,"max_hp_gain":0.0,"max_hp_loss":0.0,"gold_gain":0.0,"event_name":"Tomb of Lord Red Mask","player_choice":"Ignored","floor":38.0,"gold_loss":0.0,"damage_taken":0.0},{"damage_healed":0.0,"max_hp_gain":0.0,"max_hp_loss":0.0,"gold_gain":0.0,"event_name":"Mysterious Sphere","player_choice":"Fight","floor":39.0,"gold_loss":0.0,"damage_taken":0.0}],"is_beta":false,"boss_relics":[{"not_picked":["Philosopher\u0027s Stone","Black Star"],"picked":"Pandora\u0027s Box"},{"not_picked":["Runic Dome","SacredBark"],"picked":"Calling Bell"}],"items_purged_floors":[46],"is_endless":false,"potions_floor_spawned":[13,16,21,25,33,35,48],"ascension_level":19}}