{"host":"md0dejzd6k70gl1f","time":1612448773,"event":{"mods":["BaseMod","Minty Spire (QoL Compilation)","Quick Restart"],"gold_per_floor":[114,114,114,130,149,72,72,98,98,128,148,148,62,80,80,155,155,174,174,174,186,199,199,228,228,228,228,260,310,335,663,663,739,739,749,343,363,87,98,98,125,125,125,125,125,125,125,141,141,141,141,141,141,41,74,74,74],"floor_reached":56,"language":"ENG","playtime":2843,"items_purged":["Strike_G","Strike_G+1"],"score":1978,"play_id":"b8eb8f5e-6133-4d79-89a1-f38f933846c6","local_time":"20210204152613","is_ascension_mode":true,"campfire_choices":[{"data":"All Out Attack","floor":7.0,"key":"SMITH"},{"floor":12.0,"key":"REST"},{"data":"Footwork","floor":15.0,"key":"SMITH"},{"floor":23.0,"key":"REST"},{"data":"Tools of the Trade","floor":25.0,"key":"SMITH"},{"data":"Terror","floor":27.0,"key":"SMITH"},{"data":"Footwork","floor":32.0,"key":"SMITH"},{"floor":40.0,"key":"RECALL"},{"floor":44.0,"key":"REST"},{"floor":47.0,"key":"REST"},{"floor":49.0,"key":"REST"},{"floor":53.0,"key":"REST"}],"circlet_count":0,"master_deck":["AscendersBane","Defend_G+1","Defend_G+1","Defend_G+1","Defend_G+1","Defend_G+1","Survivor+1","Neutralize+1","All Out Attack+1","Dagger Throw+1","Leg Sweep+1","Reflex+1","PiercingWail+1","Cloak And Dagger+1","Footwork+1","Terror+1","Tools of the Trade+1","Slice+1","Heel Hook+1","PiercingWail+1","Underhanded Strike+1","Footwork+1","Footwork+1","Dodge and Roll+1","Calculated Gamble+1","Dodge and Roll+1","After Image+1","Cloak And Dagger+1","Eviscerate+1","Acrobatics+1","Tools of the Trade+1","Underhanded Strike+1","Reflex","Adrenaline"],"relics":["Ring of the Snake","Whetstone","Boot","Sundial","InkBottle","Astrolabe","MutagenicStrength","Eternal Feather","Question Card","Nunchaku","Bag of Preparation","Old Coin","Fusion Hammer","Tingsha","Kunai","Dream Catcher","Mark of the Bloom","Mercury Hourglass"],"acts_visited":["Exordium","TheCity","TheBeyond","TheEnding"],"potions_floor_usage":[56],"damage_taken":[{"damage":0.0,"enemies":"Small Slimes","floor":1.0,"turns":4.0},{"damage":2.0,"enemies":"2 Louse","floor":4.0,"turns":3.0},{"damage":0.0,"enemies":"Cultist","floor":5.0,"turns":3.0},{"damage":4.0,"enemies":"Lagavulin","floor":8.0,"turns":5.0},{"damage":37.0,"enemies":"Gremlin Nob","floor":10.0,"turns":5.0},{"damage":7.0,"enemies":"Exordium Thugs","floor":11.0,"turns":5.0},{"damage":5.0,"enemies":"2 Fungi Beasts","floor":14.0,"turns":3.0},{"damage":4.0,"enemies":"The Guardian","floor":16.0,"turns":16.0},{"damage":1.0,"enemies":"Chosen","floor":18.0,"turns":3.0},{"damage":7.0,"enemies":"Shell Parasite","floor":21.0,"turns":5.0},{"damage":19.0,"enemies":"Cultist and Chosen","floor":22.0,"turns":7.0},{"damage":15.0,"enemies":"Book of Stabbing","floor":24.0,"turns":8.0},{"damage":7.0,"enemies":"Gremlin Leader","floor":28.0,"turns":6.0},{"damage":9.0,"enemies":"Book of Stabbing","floor":31.0,"turns":6.0},{"damage":3.0,"enemies":"Automaton","floor":33.0,"turns":16.0},{"damage":0.0,"enemies":"Orb Walker","floor":35.0,"turns":3.0},{"damage":0.0,"enemies":"3 Darklings","floor":37.0,"turns":5.0},{"damage":0.0,"enemies":"Sphere and 2 Shapes","floor":39.0,"turns":4.0},{"damage":0.0,"enemies":"Giant Head","floor":41.0,"turns":8.0},{"damage":0.0,"enemies":"4 Shapes","floor":48.0,"turns":5.0},{"damage":10.0,"enemies":"Donu and Deca","floor":50.0,"turns":11.0},{"damage":0.0,"enemies":"Awakened One","floor":51.0,"turns":16.0},{"damage":22.0,"enemies":"Shield and Spear","floor":55.0,"turns":9.0},{"damage":32,"enemies":"The Heart","floor":56,"turns":3}],"seed_played":"-5220424695306687805","potions_obtained":[{"floor":4.0,"key":"BlessingOfTheForge"},{"floor":5.0,"key":"Ancient Potion"},{"floor":11.0,"key":"AttackPotion"},{"floor":24.0,"key":"DuplicationPotion"},{"floor":31.0,"key":"Weak Potion"},{"floor":33.0,"key":"LiquidBronze"}],"is_trial":false,"path_per_floor":["M","?","?","M","M","$","R","E","T","E","M","R","$","M","R","B",null,"M","?","?","M","M","R","E","R","T","R","E","?","T","E","R","B",null,"M","$","M","$","M","R","E","?","T","R","?","?","R","M","R","B","B",null,"R","$","E","B"],"character_chosen":"THE_SILENT","items_purchased":["Leg Sweep","Footwork","Tingsha","Kunai"],"campfire_rested":6,"item_purchase_floors":[6,13,36,38],"current_hp_per_floor":[59,59,59,57,57,57,57,53,53,16,9,28,28,23,23,19,54,53,53,53,46,27,46,31,46,46,61,54,54,54,45,60,57,64,64,64,64,64,64,66,66,66,66,66,63,63,63,63,63,53,53,53,53,53,31,0,0],"gold":74,"neow_bonus":"RANDOM_COMMON_RELIC","is_daily":false,"chose_seed":false,"campfire_upgraded":5,"win_rate":0.0,"timestamp":1612448773,"path_taken":["M","?","?","M","M","$","R","E","T","E","?","R","?","M","R","BOSS","M","?","?","M","M","R","E","R","T","R","E","?","?","E","R","BOSS","M","$","M","$","M","R","E","?","T","R","?","?","R","M","R","BOSS","BOSS","R","$","E","BOSS"],"items_purchased_type":["Card","Card","Relic","Relic"],"build_version":"2020-12-22","purchased_purges":2,"victory":false,"max_hp_per_floor":[66,66,66,66,66,66,66,66,66,66,66,66,66,66,66,66,66,66,66,66,66,66,66,66,66,66,66,66,66,66,66,66,66,66,66,66,66,66,66,66,66,66,66,66,63,63,63,63,63,63,63,63,63,63,63,63,63],"card_choices":[{"not_picked":["Backflip","Outmaneuver"],"picked":"Underhanded Strike","floor":1.0},{"not_picked":["Dagger Spray","Dodge and Roll"],"picked":"All Out Attack","floor":4.0},{"not_picked":["Blade Dance","Riddle With Holes"],"picked":"Dagger Throw","floor":5.0},{"not_picked":["Dagger Throw","Phantasmal Killer"],"picked":"Reflex","floor":8.0},{"not_picked":["Riddle With Holes","Accuracy"],"picked":"PiercingWail","floor":10.0},{"not_picked":["Sucker Punch","Caltrops"],"picked":"Cloak And Dagger","floor":11.0},{"not_picked":["Dagger Throw","Backflip"],"picked":"Terror","floor":14.0},{"not_picked":["A Thousand Cuts","Adrenaline"],"picked":"Tools of the Trade","floor":16.0},{"not_picked":["Quick Slash+1","Deflect"],"picked":"Underhanded Strike+1","floor":18.0},{"not_picked":["Blade Dance+1","PiercingWail"],"picked":"Footwork","floor":21.0},{"not_picked":["Dagger Throw","Doppelganger"],"picked":"Footwork","floor":22.0},{"not_picked":["Flechettes+1","Die Die Die"],"picked":"Dodge and Roll","floor":24.0},{"not_picked":["Acrobatics","Slice","Masterful Stab"],"picked":"Calculated Gamble","floor":28.0},{"not_picked":["Poisoned Stab","Flying Knee","Envenom"],"picked":"Dodge and Roll","floor":31.0},{"not_picked":["Wraith Form v2","Glass Knife","Doppelganger"],"picked":"After Image","floor":33.0},{"not_picked":["Deadly Poison+1","PiercingWail","Dodge and Roll"],"picked":"Cloak And Dagger+1","floor":35.0},{"not_picked":["Dagger Spray","Escape Plan+1","Underhanded Strike"],"picked":"Eviscerate","floor":37.0},{"not_picked":["Bouncing Flask","Deflect","Accuracy+1"],"picked":"Acrobatics","floor":39.0},{"not_picked":["Quick Slash","Wraith Form v2","Acrobatics"],"picked":"Tools of the Trade","floor":41.0},{"not_picked":["Leg Sweep","Bane+1","Caltrops"],"picked":"Underhanded Strike+1","floor":44.0},{"not_picked":["Bouncing Flask","Dagger Throw","Flying Knee"],"picked":"Reflex","floor":47.0},{"not_picked":["Bouncing Flask","Flying Knee","Cloak And Dagger+1","Poisoned Stab"],"picked":"SKIP","floor":48.0},{"not_picked":["Heel Hook","Flechettes","Dagger Throw"],"picked":"Adrenaline","floor":49.0},{"not_picked":["PiercingWail","Underhanded Strike","Blade Dance","Quick Slash"],"picked":"SKIP","floor":55.0}],"player_experience":471687,"relics_obtained":[{"floor":8.0,"key":"Boot"},{"floor":9.0,"key":"Sundial"},{"floor":10.0,"key":"InkBottle"},{"floor":24.0,"key":"Eternal Feather"},{"floor":26.0,"key":"Question Card"},{"floor":28.0,"key":"Nunchaku"},{"floor":30.0,"key":"Bag of Preparation"},{"floor":31.0,"key":"Old Coin"},{"floor":41.0,"key":"Dream Catcher"},{"floor":55.0,"key":"Mercury Hourglass"}],"event_choices":[{"damage_healed":0.0,"max_hp_gain":0.0,"max_hp_loss":0.0,"gold_gain":0.0,"event_name":"Living Wall","player_choice":"Grow","floor":2.0,"gold_loss":0.0,"damage_taken":0.0,"cards_upgraded":["Underhanded Strike"]},{"damage_healed":0.0,"max_hp_gain":0.0,"max_hp_loss":0.0,"gold_gain":0.0,"event_name":"Upgrade Shrine","player_choice":"Upgraded","floor":3.0,"gold_loss":0.0,"damage_taken":0.0,"cards_upgraded":["Survivor"]},{"damage_healed":0.0,"max_hp_gain":0.0,"max_hp_loss":0.0,"gold_gain":0.0,"event_name":"Drug Dealer","player_choice":"Inject Mutagens","floor":19.0,"gold_loss":0.0,"damage_taken":0.0,"relics_obtained":["MutagenicStrength"]},{"damage_healed":0.0,"max_hp_gain":0.0,"max_hp_loss":0.0,"gold_gain":0.0,"event_name":"Vampires","player_choice":"Ignored","floor":20.0,"gold_loss":0.0,"damage_taken":0.0},{"damage_healed":0.0,"max_hp_gain":0.0,"max_hp_loss":0.0,"gold_gain":50.0,"event_name":"Nest","player_choice":"Stole From Cult","floor":29.0,"gold_loss":0.0,"damage_taken":0.0},{"damage_healed":0.0,"max_hp_gain":0.0,"max_hp_loss":0.0,"gold_gain":0.0,"event_name":"MindBloom","player_choice":"Upgrade","floor":42.0,"gold_loss":0.0,"damage_taken":0.0,"cards_upgraded":["Defend_G","Defend_G","Defend_G","Defend_G","Defend_G","Dagger Throw","Leg Sweep","Reflex","PiercingWail","Cloak And Dagger","Footwork","Dodge and Roll","Calculated Gamble","Dodge and Roll","After Image","Eviscerate","Acrobatics","Tools of the Trade"],"relics_obtained":["Mark of the Bloom"]},{"damage_healed":0.0,"max_hp_gain":0.0,"max_hp_loss":3.0,"gold_gain":0.0,"event_name":"Winding Halls","player_choice":"Max HP","floor":45.0,"gold_loss":0.0,"damage_taken":0.0},{"cards_removed":["Underhanded Strike"],"damage_healed":0.0,"max_hp_gain":0.0,"max_hp_loss":0.0,"gold_gain":0.0,"event_name":"Falling","player_choice":"Removed Attack","floor":46.0,"gold_loss":0.0,"damage_taken":0.0}],"is_beta":false,"boss_relics":[{"not_picked":["Pandora\u0027s Box","Coffee Dripper"],"picked":"Astrolabe"},{"not_picked":["Velvet Choker","Runic Dome"],"picked":"Fusion Hammer"}],"items_purged_floors":[36,54],"is_endless":false,"potions_floor_spawned":[4,5,11,14,24,28,31,33,37,39],"killed_by":"The Heart","ascension_level":20}}