{"host":"21h5e52imz35vo8g","time":1612441719,"event":{"mods":["AchievementEnabler","BaseMod","Colored Map","Colored Powertips","Googly Eyes","Minty Spire (QoL Compilation)","Quick Restart","Rare Cards Sparkle","Replay The Spire","StSLib"],"gold_per_floor":[119,119,44,219,219,246,257,257,257,273,288,288,307,322,322,425,425,445,445,202,217,217,217,217,217],"floor_reached":24,"language":"ZHS","playtime":1126,"items_purged":["Defend_R","Doubt"],"score":298,"play_id":"2d4f2586-36d4-4ac0-866e-e2ab97d349d1","local_time":"20210204202839","is_ascension_mode":true,"campfire_choices":[{"data":"Reckless Charge","floor":8.0,"key":"SMITH"},{"data":"Armaments","floor":12.0,"key":"SMITH"}],"circlet_count":0,"master_deck":["Strike_R","Strike_R+1","Strike_R+1","Strike_R","Defend_R","Defend_R","Defend_R","Bash","Wild Strike","Reckless Charge+1","Impervious","Dual Wield+1","Armaments+1","Reaper","Feel No Pain+1","ReplayReversal+1"],"relics":["Burning Blood","NeowsBlessing","Regal Pillow","Kunai","Nloth\u0027s Gift","Medical Kit"],"acts_visited":["Exordium","TheCity"],"potions_floor_usage":[],"damage_taken":[{"damage":0.0,"enemies":"Cultist","floor":1.0,"turns":1.0},{"damage":0.0,"enemies":"Gremlin Nob","floor":6.0,"turns":1.0},{"damage":0.0,"enemies":"Jaw Worm","floor":7.0,"turns":1.0},{"damage":0.0,"enemies":"Small Slimes","floor":10.0,"turns":2.0},{"damage":24.0,"enemies":"Blue Slaver","floor":11.0,"turns":4.0},{"damage":9.0,"enemies":"Red Slaver","floor":13.0,"turns":3.0},{"damage":17.0,"enemies":"3 Louse","floor":14.0,"turns":5.0},{"damage":54.0,"enemies":"Slime Boss","floor":16.0,"turns":16.0},{"damage":22,"enemies":"Spheric Guardian","floor":18,"turns":6},{"damage":18,"enemies":"Chosen","floor":21,"turns":10},{"damage":53,"enemies":"Sentry and Sphere","floor":24,"turns":7}],"seed_played":"-3107683329119474050","potions_obtained":[{"floor":6.0,"key":"ColorlessPotion"},{"floor":13.0,"key":"HeartOfIron"},{"floor":14.0,"key":"Elixir"},{"floor":18,"key":"Venom Potion"}],"is_trial":false,"path_per_floor":["M","?","$","?","?","E","M","R","T","M","M","R","M","M","R_BF","B",null,"M","?","$","M","PTL","PTL","M"],"character_chosen":"IRONCLAD","items_purchased":["Medical Kit"],"campfire_rested":0,"item_purchase_floors":[20],"current_hp_per_floor":[78,78,78,78,62,68,74,74,74,80,62,62,59,48,80,32,68,57,57,57,50,50,50,0,0],"gold":217,"neow_bonus":"THREE_ENEMY_KILL","is_daily":false,"chose_seed":false,"campfire_upgraded":2,"win_rate":0.0,"timestamp":1612441719,"path_taken":["M","?","$","?","?","E","M","R","T","M","M","R","?","M","R_BF","BOSS","M","?","$","?","PTL","PTL","M"],"items_purchased_type":["Relic"],"build_version":"2020-12-22","purchased_purges":2,"victory":false,"max_hp_per_floor":[80,80,80,80,80,80,80,80,80,80,80,80,80,80,80,80,80,80,80,80,80,80,80,80,80],"card_choices":[{"not_picked":["Thunderclap","Clash"],"picked":"Wild Strike","floor":1.0},{"not_picked":["ReplayTheSpireMod:LeadingStrike","Headbutt"],"picked":"Reckless Charge","floor":6.0},{"not_picked":["Perfected Strike","Combust"],"picked":"Impervious","floor":7.0},{"not_picked":["Pommel Strike","Body Slam"],"picked":"Dual Wield","floor":10.0},{"not_picked":["Perfected Strike","Flex"],"picked":"Armaments","floor":11.0},{"not_picked":["Bloodletting","Blood for Blood","Shockwave"],"picked":"SKIP","floor":13.0},{"not_picked":["Defy Death","Shrug It Off","Armaments"],"picked":"SKIP","floor":14.0},{"not_picked":["Hemogenesis","Demon Form"],"picked":"Reaper","floor":16.0},{"not_picked":["Clothesline","Life Link"],"picked":"Feel No Pain+1","floor":18},{"not_picked":["Sword Boomerang","Perfected Strike"],"picked":"ReplayReversal+1","floor":21}],"player_experience":364106,"relics_obtained":[{"floor":6.0,"key":"Regal Pillow"},{"floor":9.0,"key":"Kunai"}],"event_choices":[{"cards_removed":["Strike_R"],"damage_healed":0.0,"max_hp_gain":0.0,"max_hp_loss":0.0,"gold_gain":0.0,"event_name":"Living Wall","player_choice":"Forget","floor":2.0,"gold_loss":0.0,"damage_taken":0.0},{"damage_healed":0.0,"max_hp_gain":0.0,"max_hp_loss":0.0,"gold_gain":175.0,"event_name":"Liars Game","player_choice":"AGREE","floor":4.0,"gold_loss":0.0,"damage_taken":0.0,"cards_obtained":["Doubt"]},{"damage_healed":0.0,"max_hp_gain":0.0,"max_hp_loss":0.0,"gold_gain":0.0,"event_name":"Shining Light","player_choice":"Entered Light","floor":5.0,"gold_loss":0.0,"damage_taken":16.0,"cards_upgraded":["Strike_R","Strike_R"]},{"damage_healed":0,"gold_gain":0,"player_choice":"Traded Relic","damage_taken":0,"relics_obtained":["Nloth\u0027s Gift"],"max_hp_gain":0,"max_hp_loss":0,"event_name":"N\u0027loth","floor":19,"relics_lost":["ChewingGum"],"gold_loss":0}],"is_beta":false,"boss_relics":[{"not_picked":["Abe\u0027s Treasure","Tiny House"],"picked":"ChewingGum"}],"items_purged_floors":[3,20],"is_endless":false,"potions_floor_spawned":[6,13,14,18],"killed_by":"Sentry and Sphere","ascension_level":7}}