{"host":"eaiphzh066bwqdh7","time":1612402979,"event":{"mods":["BaseMod","Better Note","Halation","Hubris","Minty Spire (QoL Compilation)","Reliquary","Replay The Spire","StSLib"],"gold_per_floor":[113,129,54,54,54,54,64,64,143,176,176,189,189,89,89,188,188,198,52,72,72,84,84,84,84,84,84,354,354,354,12,12,109,109,129,129,51,51,51,51,82,82,82,95,105,105,105],"floor_reached":46,"language":"ENG","playtime":1068,"items_purged":["Defend_P","Strike_P","Strike_P"],"score":506,"play_id":"37221a5f-3ee0-4a9d-949c-f4800611df32","local_time":"20210203204259","is_ascension_mode":true,"campfire_choices":[{"floor":6,"key":"REST"},{"data":"PathToVictory","floor":8,"key":"SMITH"},{"floor":11,"key":"REST"},{"data":"LessonLearned","floor":15,"key":"SMITH"},{"floor":23,"key":"REST"},{"data":"Pray","floor":25,"key":"SMITH"},{"data":"Eruption","floor":27,"key":"SMITH"},{"floor":32,"key":"REST"},{"floor":40,"key":"RECALL"},{"floor":42,"key":"REST"}],"circlet_count":0,"master_deck":["Strike_P+1","Strike_P+1","Defend_P+1","Defend_P+1","Defend_P+1","Eruption+1","Vigilance+1","PathToVictory+1","BattleHymn+1","LessonLearned+1","DevaForm+1","Pray+1","Study+1","Devotion+1"],"relics":["PureWater","NeowsBlessing","hubris:SphereOfDissonance","Frozen Egg 2","Juzu Bracelet","Ring of Chaos","MealTicket","halation:PinkSoulGem","TeardropLocket","halation:LettersToHer","hubris:Metronome","reliquary:BallBearing","reliquary:PrincelyHelmet"],"acts_visited":["Exordium","TheCity","TheBeyond"],"potions_floor_usage":[10,16,16,29],"damage_taken":[{"damage":0,"enemies":"Jaw Worm","floor":1,"turns":1},{"damage":0,"enemies":"Small Slimes","floor":2,"turns":2},{"damage":0,"enemies":"Cultist","floor":7,"turns":1},{"damage":10,"enemies":"Gremlin Nob","floor":10,"turns":3},{"damage":0,"enemies":"2 Fungi Beasts","floor":12,"turns":3},{"damage":48,"enemies":"Hexaghost","floor":16,"turns":10},{"damage":12,"enemies":"Shell Parasite","floor":18,"turns":5},{"damage":10,"enemies":"Spheric Guardian","floor":20,"turns":4},{"damage":9,"enemies":"Snecko","floor":22,"turns":4},{"damage":32,"enemies":"Colosseum Slavers","floor":29,"turns":4},{"damage":18,"enemies":"Champ","floor":33,"turns":9},{"damage":39,"enemies":"3 Darklings","floor":35,"turns":4},{"damage":66,"enemies":"R_Hoarder","floor":41,"turns":7},{"damage":4,"enemies":"3 Shapes","floor":44,"turns":1},{"damage":20,"enemies":"Sphere and 2 Shapes","floor":45,"turns":6},{"damage":3,"enemies":"Jaw Worm Horde","floor":46,"turns":1}],"seed_played":"2680655720703439506","potions_obtained":[{"floor":2,"key":"GamblersBrew"},{"floor":10,"key":"Elixir"},{"floor":12,"key":"Strength Potion"},{"floor":22,"key":"SkillPotion"}],"is_trial":false,"path_per_floor":["M","M","$","?","?","R","M","R","T","E","R","M","T","$","R","B",null,"M","$","M","$","M","R","?","R","T","R","?","?","?","$","R","B",null,"M","?","$","T","$","R","E","R","T","M","M","M"],"character_chosen":"WATCHER","items_purchased":["MealTicket","Study+1","halation:LettersToHer","Devotion+1"],"campfire_rested":5,"item_purchase_floors":[19,31,31,37],"current_hp_per_floor":[72,72,72,72,58,72,72,72,72,62,72,72,72,72,72,24,72,60,63,53,68,59,72,72,72,72,72,45,16,19,34,55,37,72,33,36,51,54,72,72,6,27,27,23,3,0,0],"gold":105,"neow_bonus":"THREE_ENEMY_KILL","is_daily":false,"chose_seed":false,"campfire_upgraded":4,"win_rate":0.0,"timestamp":1612402979,"path_taken":["M","M","$","?","?","R","M","R","T","E","R","?","?","?","R","BOSS","M","?","M","$","M","R","?","R","T","R","?","?","?","$","R","BOSS","M","?","$","?","?","R","E","R","T","M","M","M"],"items_purchased_type":["Relic","Card","Relic","Card"],"build_version":"2020-12-22","purchased_purges":3,"victory":false,"max_hp_per_floor":[72,72,72,72,72,72,72,72,72,72,72,72,72,72,72,72,72,72,72,72,72,72,72,72,72,72,72,72,72,72,72,72,72,72,72,72,72,72,72,72,72,72,72,72,72,72,72],"card_choices":[{"not_picked":["Replay:AtTheReady","SashWhip","Sanctity"],"picked":"SKIP","floor":1},{"not_picked":["JustLucky","FearNoEvil","Evaluate"],"picked":"SKIP","floor":2},{"not_picked":["FlurryOfBlows","Replay:BluntJabs"],"picked":"PathToVictory","floor":7},{"not_picked":["FlyingSleeves","ForeignInfluence"],"picked":"BattleHymn+1","floor":10},{"not_picked":["FlurryOfBlows","Consecrate"],"picked":"LessonLearned","floor":12},{"not_picked":["LessonLearned","DeusExMachina"],"picked":"DevaForm+1","floor":16},{"not_picked":["TalkToTheHand+1","CrushJoints+1","BowlingBash+1"],"picked":"SKIP","floor":18},{"not_picked":["Collect+1","Replay:ManipulateFuture"],"picked":"Pray","floor":20},{"not_picked":["Fasting2+1","SashWhip","EmptyMind"],"picked":"SKIP","floor":22},{"not_picked":["ClearTheMind","Sanctity+1","Evaluate+1"],"picked":"SKIP","floor":35},{"not_picked":["Replay:DivineShield","SashWhip+1","SandsOfTime+1"],"picked":"SKIP","floor":41},{"not_picked":["Consecrate","Protect+1","FollowUp"],"picked":"SKIP","floor":44},{"not_picked":["Meditate+1","Study+1","Replay:Hum+1"],"picked":"SKIP","floor":45}],"player_experience":246407,"relics_obtained":[{"floor":9,"key":"hubris:SphereOfDissonance"},{"floor":10,"key":"Frozen Egg 2"},{"floor":13,"key":"Juzu Bracelet"},{"floor":26,"key":"TeardropLocket"},{"floor":38,"key":"halation:LettersToHer"},{"floor":38,"key":"hubris:Metronome"},{"floor":41,"key":"reliquary:BallBearing"},{"floor":43,"key":"halation:LettersToHer"},{"floor":43,"key":"reliquary:PrincelyHelmet"}],"event_choices":[{"damage_healed":0,"gold_gain":0,"player_choice":"Entered Light","damage_taken":14,"max_hp_gain":0,"max_hp_loss":0,"event_name":"Shining Light","floor":5,"gold_loss":0,"cards_upgraded":["Defend_P","Defend_P"]},{"damage_healed":0,"gold_gain":270,"player_choice":"GOLD GOLD GOLD ","damage_taken":27,"max_hp_gain":0,"max_hp_loss":0,"event_name":"Knowing Skull","floor":28,"potions_obtained":[],"gold_loss":0,"cards_obtained":[]},{"damage_healed":0,"gold_gain":0,"player_choice":"Fight","damage_taken":0,"max_hp_gain":0,"max_hp_loss":0,"event_name":"Colosseum","floor":29,"gold_loss":0},{"damage_healed":0,"gold_gain":0,"player_choice":"Fled From Nobs","damage_taken":0,"max_hp_gain":0,"max_hp_loss":0,"event_name":"Colosseum","floor":29,"gold_loss":0},{"damage_healed":0,"gold_gain":0,"player_choice":"Ignored","damage_taken":0,"max_hp_gain":0,"max_hp_loss":0,"event_name":"Vampires","floor":30,"gold_loss":0},{"damage_healed":0,"gold_gain":0,"player_choice":"Ignored","damage_taken":0,"max_hp_gain":0,"max_hp_loss":0,"event_name":"Upgrade Shrine","floor":36,"gold_loss":0}],"is_beta":false,"boss_relics":[{"not_picked":["Abe\u0027s Treasure","Runic Dome"],"picked":"Ring of Chaos"},{"not_picked":["hubris:CrackedHourglass","Replay:Ancient Bell","hubris:RunicObelisk"]}],"items_purged_floors":[3,14,31],"is_endless":false,"potions_floor_spawned":[2,10,12,22],"killed_by":"Jaw Worm Horde","ascension_level":3}}