{"host":"ynimr9ugvc6f046i","time":1612453993,"event":{"mods":["2.2 Compatiblity","BaseMod","Colored Map","DeckTracker","Highlight Path","Keyboard Shortcuts","Minty Spire (QoL Compilation)","Permanent Neow","Quick Restart","StSLib","SuperFastMode"],"gold_per_floor":[14,26,38,38,38,38,68,85,159,186,201,201,232,244,244,321,321,340,340,340,359,373,405,420,420,420],"floor_reached":25,"language":"KOR","playtime":561,"items_purged":[],"score":490,"play_id":"3f33e45a-2506-4bb8-b048-47d8d782039d","local_time":"20210205005313","is_ascension_mode":true,"campfire_choices":[{"data":"Immolate","floor":6.0,"key":"SMITH"},{"data":"Inflame","floor":12.0,"key":"SMITH"},{"data":"Battle Trance","floor":15.0,"key":"SMITH"}],"circlet_count":0,"master_deck":["AscendersBane","Strike_R","Strike_R","Defend_R","Defend_R","Defend_R","Defend_R","Bash","Immolate+1","Feel No Pain","Seeing Red","Shockwave","Second Wind","Inflame+1","Anger+1","Battle Trance+1","Barricade","Juggernaut","Cleave+1","Armaments"],"relics":["Black Blood","Magic Flower","Art of War","Meat on the Bone","Letter Opener","Molten Egg 2","Champion Belt"],"acts_visited":["Exordium","TheCity"],"potions_floor_usage":[25],"damage_taken":[{"damage":8.0,"enemies":"2 Louse","floor":1.0,"turns":2.0},{"damage":4.0,"enemies":"Cultist","floor":2.0,"turns":4.0},{"damage":0.0,"enemies":"Small Slimes","floor":3.0,"turns":2.0},{"damage":16.0,"enemies":"Gremlin Nob","floor":7.0,"turns":4.0},{"damage":14.0,"enemies":"Looter","floor":8.0,"turns":4.0},{"damage":19.0,"enemies":"Lagavulin","floor":10.0,"turns":5.0},{"damage":10.0,"enemies":"Gremlin Gang","floor":11.0,"turns":4.0},{"damage":12.0,"enemies":"3 Sentries","floor":13.0,"turns":3.0},{"damage":8.0,"enemies":"Blue Slaver","floor":14.0,"turns":3.0},{"damage":40.0,"enemies":"Hexaghost","floor":16.0,"turns":7.0},{"damage":35.0,"enemies":"3 Byrds","floor":18.0,"turns":4.0},{"damage":1.0,"enemies":"Chosen","floor":21.0,"turns":5.0},{"damage":7.0,"enemies":"3 Cultists","floor":22.0,"turns":3.0},{"damage":71.0,"enemies":"Gremlin Leader","floor":23.0,"turns":7.0},{"damage":31.0,"enemies":"Snake Plant","floor":24.0,"turns":7.0},{"damage":47,"enemies":"Book of Stabbing","floor":25,"turns":6}],"seed_played":"6015806624947956368","potions_obtained":[{"floor":1.0,"key":"EssenceOfSteel"},{"floor":8.0,"key":"BlessingOfTheForge"},{"floor":10.0,"key":"ElixirPotion"},{"floor":13.0,"key":"Regen Potion"},{"floor":21.0,"key":"SmokeBomb"},{"floor":22.0,"key":"SpeedPotion"}],"is_trial":false,"path_per_floor":["M","M","M","?","?","R","E","M","T","E","M","R","E","M","R","B",null,"M","?","?","M","M","E","M","E"],"character_chosen":"IRONCLAD","items_purchased":[],"campfire_rested":0,"item_purchase_floors":[],"current_hp_per_floor":[66,68,74,74,74,74,67,62,62,52,51,51,48,49,49,60,71,72,72,72,75,75,40,45,0,0],"gold":420,"neow_bonus":"THREE_RARE_CARDS","is_daily":false,"chose_seed":false,"campfire_upgraded":3,"win_rate":0.0,"timestamp":1612453993,"path_taken":["M","M","M","?","?","R","E","M","T","E","M","R","E","?","R","BOSS","M","?","?","M","M","E","M","E"],"items_purchased_type":[],"build_version":"2020-12-22","purchased_purges":0,"victory":false,"max_hp_per_floor":[75,75,75,75,75,75,75,75,75,75,75,75,75,75,75,75,75,75,75,75,75,75,75,75,75,75],"card_choices":[{"not_picked":["Demon Form","Brutality"],"picked":"Immolate","floor":0.0},{"not_picked":["Spot Weakness","Iron Wave"],"picked":"Feel No Pain","floor":1.0},{"not_picked":["Wild Strike","Anger"],"picked":"Seeing Red","floor":2.0},{"not_picked":["Heavy Blade","Sentinel"],"picked":"Shockwave","floor":3.0},{"not_picked":["Seeing Red","Perfected Strike","Brutality"],"picked":"SKIP","floor":7.0},{"not_picked":["Dark Embrace","Perfected Strike"],"picked":"Second Wind","floor":8.0},{"not_picked":["Rupture","Twin Strike","Perfected Strike"],"picked":"SKIP","floor":10.0},{"not_picked":["Burning Pact","Reckless Charge"],"picked":"Inflame","floor":11.0},{"not_picked":["Searing Blow+1","Havoc"],"picked":"Anger+1","floor":13.0},{"not_picked":["Havoc","True Grit"],"picked":"Battle Trance","floor":14.0},{"not_picked":["Offering","Double Tap"],"picked":"Barricade","floor":16.0},{"not_picked":["Intimidate","Dropkick+1","Twin Strike+1"],"picked":"SKIP","floor":18.0},{"not_picked":["Warcry","Wild Strike+1"],"picked":"Armaments","floor":21.0},{"not_picked":["Clothesline+1","Hemokinesis+1","Havoc+1"],"picked":"SKIP","floor":22.0},{"not_picked":["Iron Wave+1","Havoc","Intimidate"],"picked":"SKIP","floor":23.0},{"not_picked":["Rampage+1","Second Wind","Seeing Red"],"picked":"SKIP","floor":24.0}],"player_experience":554316,"relics_obtained":[{"floor":5.0,"key":"Magic Flower"},{"floor":7.0,"key":"Art of War"},{"floor":9.0,"key":"Meat on the Bone"},{"floor":10.0,"key":"Letter Opener"},{"floor":13.0,"key":"Molten Egg 2"},{"floor":23.0,"key":"Champion Belt"}],"event_choices":[{"damage_healed":0.0,"max_hp_gain":0.0,"max_hp_loss":0.0,"gold_gain":0.0,"event_name":"Liars Game","player_choice":"Ignored","floor":4.0,"gold_loss":0.0,"damage_taken":0.0},{"damage_healed":0.0,"max_hp_gain":0.0,"max_hp_loss":0.0,"gold_gain":0.0,"event_name":"Wheel of Change","player_choice":"Relic","floor":5.0,"gold_loss":0.0,"damage_taken":0.0},{"damage_healed":0.0,"max_hp_gain":0.0,"max_hp_loss":0.0,"gold_gain":0.0,"cards_transformed":["Strike_R","Strike_R"],"event_name":"Drug Dealer","player_choice":"Became Test Subject","floor":19.0,"gold_loss":0.0,"damage_taken":0.0,"cards_obtained":["Juggernaut","Cleave"]},{"cards_removed":["Strike_R"],"damage_healed":0.0,"max_hp_gain":0.0,"max_hp_loss":0.0,"gold_gain":0.0,"event_name":"Back to Basics","player_choice":"Elegance","floor":20.0,"gold_loss":0.0,"damage_taken":0.0}],"is_beta":false,"boss_relics":[{"not_picked":["Snecko Eye","SacredBark"],"picked":"Black Blood"}],"items_purged_floors":[],"is_endless":false,"potions_floor_spawned":[1,8,10,13,21,22],"killed_by":"Book of Stabbing","ascension_level":20}}