{"host":"4rvk26w7t08d5zdj","time":1612416970,"event":{"mods":["AchievementEnabler","BaseMod","Challenge The Spire","Colored Powertips","Conspire","Energized Spire","GifTheSpireLib","Minty Spire (QoL Compilation)","Rare Cards Sparkle","Relic Filter Mod","Reliquary","Spire Arcade","StSLib","The Animator","The Blue Laboratory"],"gold_per_floor":[392,392,531,693,829,841,461,461,593,723,852,852,139,139,268,417,537,670],"floor_reached":19,"language":"ENG","playtime":4152,"items_purged":[],"score":3015,"play_id":"a7e60a44-4880-4098-bfbe-58705b614851","local_time":"20210203213610","daily_mods":["Draft","Heirloom","challengethespire:Boss Rush","challengethespire:Bronze Difficulty","Uncertain Future"],"is_ascension_mode":false,"campfire_choices":[{"floor":2.0,"key":"DIG"},{"floor":8.0,"key":"DIG"},{"floor":14.0,"key":"DIG"}],"circlet_count":0,"master_deck":["animator:AcuraAkari+1","animator:ElricEdward+1","animator:YaoHaDucy+1","animator:GuildGirl+1","animator:Kaijin+1","animator:Chris+1","animator:Viivi+1","animator:Millim+11","animator:Witch+1","animator:Shuna+1","animator:Witch+1","animator:DwarfShaman+1","animator:Tet+1","animator:Vanir+1","animator:Berserker+1","animator:Megumin+15","animator:Pride+1","animator:Kazuma+1","animator:Verdia+1","animator:Kaijin+1","animator:Kaijin+1","animator:Wiz+1","animator:Hans+1","animator:DwarfShaman+1","animator:Darkness+1","animator:Shizu+1","animator:Shuna+1","animator:Shuna+1","animator:WinryRockbell+1","animator:Archer+1","animator:Arpeggio+1","animator:Canti+1","animator:YunYun+1"],"relics":["animator:LivingPicture","animator:TheMissingPiece","The Courier","Molten Egg 2","Toxic Egg 2","Frozen Egg 2","animator:PurgingStone","Shovel","HandDrill","conspire:DeflatedDodgeball","Lantern","reliquary:WeakTea","Eternal Feather","MawBank","Mark of Pain","ClockworkSouvenir","Turnip","Dead Branch","Akabeko","reliquary:Boomerang","Pear","Pantograph","Calipers","CloakClasp","Paper Crane","conspire:Dentures","Ginger","reliquary:TuningFork"],"acts_visited":["Exordium"],"potions_floor_usage":[18],"damage_taken":[{"damage":26.0,"enemies":"Hexaghost","floor":3.0,"turns":8.0},{"damage":0.0,"enemies":"Slime Boss","floor":4.0,"turns":7.0},{"damage":10.0,"enemies":"The Guardian","floor":5.0,"turns":7.0},{"damage":4.0,"enemies":"Champ","floor":9.0,"turns":9.0},{"damage":5.0,"enemies":"Automaton","floor":10.0,"turns":8.0},{"damage":0.0,"enemies":"Collector","floor":11.0,"turns":8.0},{"damage":6.0,"enemies":"Time Eater","floor":15.0,"turns":11.0},{"damage":14,"enemies":"Donu and Deca","floor":16,"turns":8},{"damage":35,"enemies":"Time Eater","floor":17,"turns":12},{"damage":29,"enemies":"The Heart","floor":18,"turns":9}],"seed_played":"8018772661646723279","potions_obtained":[{"floor":4.0,"key":"BlessingOfTheForge"},{"floor":10.0,"key":"blueLaboratory:StoneskinPotion"},{"floor":11.0,"key":"blueLaboratory:BubblePotion"},{"floor":16,"key":"blueLaboratory:BottleOfVodka"}],"is_trial":true,"path_per_floor":["$","R","M","M","M","T","$","R","M","M","M","T","$","R","M","M","M","M",null],"character_chosen":"THE_ANIMATOR","items_purchased":["animator:Megumin+1","animator:Pride+1","animator:Kazuma+1","animator:Verdia+1","HandDrill","conspire:DeflatedDodgeball","animator:Kaijin+1","animator:Kaijin+1","ClockworkSouvenir","Turnip","animator:DwarfShaman+1","Calipers","animator:Shizu+1","animator:Millim+1","animator:Shuna+1","animator:Shuna+1","animator:WinryRockbell+1","animator:Archer+1","animator:Arpeggio+1","animator:Canti+1"],"campfire_rested":0,"item_purchase_floors":[1,1,1,1,1,1,1,1,7,7,7,13,13,13,13,13,13,13,13,13],"current_hp_per_floor":[66,66,40,40,30,30,30,42,38,33,43,43,43,61,70,62,41,37],"gold":670,"neow_bonus":"","is_daily":false,"chose_seed":false,"campfire_upgraded":0,"win_rate":0.0,"timestamp":1612416970,"path_taken":["$","R","M","M","M","T","$","R","M","M","M","T","$","R","M","M","M","M"],"items_purchased_type":["Card","Card","Card","Card","Relic","Relic","Card","Card","Relic","Relic","Card","Relic","Card","Card","Card","Card","Card","Card","Card","Card"],"build_version":"2020-12-22","purchased_purges":0,"victory":true,"max_hp_per_floor":[66,66,66,66,66,66,66,66,66,66,76,76,76,76,76,76,76,76],"card_choices":[{"not_picked":["animator:Sloth","animator:Fredrika"],"picked":"animator:AcuraAkari","floor":0.0},{"not_picked":["animator:Sloth","animator:Ara"],"picked":"animator:ElricEdward","floor":0.0},{"not_picked":["animator:Alexander","animator:Raven"],"picked":"animator:YaoHaDucy","floor":0.0},{"not_picked":["animator:HighElfArcher","animator:YaoHaDucy"],"picked":"animator:GuildGirl","floor":0.0},{"not_picked":["animator:Layla","animator:DolaRiku"],"picked":"animator:Kaijin","floor":0.0},{"not_picked":["animator:Kuribayashi","animator:Verdia"],"picked":"animator:Chris","floor":0.0},{"not_picked":["animator:DolaRiku","animator:RoryMercury"],"picked":"animator:Viivi","floor":0.0},{"not_picked":["animator:Alexander","animator:Archer"],"picked":"animator:Millim","floor":0.0},{"not_picked":["animator:Kuribayashi","animator:Aisha"],"picked":"animator:Witch","floor":0.0},{"not_picked":["animator:Berserker","animator:Rider"],"picked":"animator:Shuna","floor":0.0},{"not_picked":["animator:Tyuule","animator:Assassin"],"picked":"animator:Witch","floor":0.0},{"not_picked":["animator:Rider","animator:LizardPriest"],"picked":"animator:DwarfShaman","floor":0.0},{"not_picked":["animator:DolaCouronne","animator:Hakurou"],"picked":"animator:Tet","floor":0.0},{"not_picked":["animator:EmiyaShirou","animator:Hakurou"],"picked":"animator:Vanir","floor":0.0},{"not_picked":["animator:ShinjiMatou","animator:Scar"],"picked":"animator:Berserker","floor":0.0}],"player_experience":1088292,"relics_obtained":[{"floor":2.0,"key":"Lantern"},{"floor":3.0,"key":"reliquary:WeakTea"},{"floor":4.0,"key":"Eternal Feather"},{"floor":5.0,"key":"MawBank"},{"floor":8.0,"key":"Dead Branch"},{"floor":9.0,"key":"Akabeko"},{"floor":10.0,"key":"reliquary:Boomerang"},{"floor":11.0,"key":"Pear"},{"floor":14.0,"key":"CloakClasp"},{"floor":15.0,"key":"Paper Crane"},{"floor":16,"key":"conspire:Dentures"},{"floor":17,"key":"Ginger"},{"floor":18,"key":"reliquary:TuningFork"}],"event_choices":[],"is_beta":false,"boss_relics":[{"not_picked":["Empty Cage","Philosopher\u0027s Stone"],"picked":"Mark of Pain"},{"not_picked":["conspire:RoyalGoblet","conspire:SlowCooker"],"picked":"Pantograph"}],"items_purged_floors":[],"is_endless":true,"potions_floor_spawned":[4,10,11,16],"ascension_level":0}}