{"host":"c3lc60y5x60jlt1y","time":1612447939,"event":{"mods":["AchievementEnabler","BaseMod","Bestiary","Colored Map","Minty Spire (QoL Compilation)","Quick Restart","StSLib","ojb\u0027s Info Mod"],"gold_per_floor":[109,159,171,186,197,226,226,226,249,280,290,290,290],"floor_reached":12,"language":"ENG","playtime":5152,"items_purged":[],"score":230,"play_id":"0fcc17d0-1c5c-447b-8c9d-264f21f8a70a","local_time":"20210204161219","is_ascension_mode":true,"campfire_choices":[{"data":"Eruption","floor":7.0,"key":"SMITH"}],"circlet_count":0,"master_deck":["AscendersBane","Strike_P","Strike_P","Strike_P","Defend_P","Defend_P","Defend_P","Defend_P+1","Eruption+1","Vigilance+1","FearNoEvil","CutThroughFate","DeceiveReality","FlurryOfBlows","Worship","Study"],"relics":["SacredBark","Pen Nib","War Paint","Omamori"],"acts_visited":["Exordium"],"potions_floor_usage":[10],"damage_taken":[{"damage":3.0,"enemies":"Small Slimes","floor":1.0,"turns":3.0},{"damage":0.0,"enemies":"Cultist","floor":3.0,"turns":4.0},{"damage":4.0,"enemies":"Jaw Worm","floor":4.0,"turns":3.0},{"damage":12.0,"enemies":"3 Louse","floor":5.0,"turns":2.0},{"damage":12.0,"enemies":"3 Sentries","floor":6.0,"turns":4.0},{"damage":0,"enemies":"Lagavulin","floor":10,"turns":4},{"damage":5,"enemies":"Blue Slaver","floor":11,"turns":5},{"damage":65,"enemies":"Gremlin Nob","floor":12,"turns":3}],"seed_played":"-308080509260157818","potions_obtained":[{"floor":1.0,"key":"SteroidPotion"},{"floor":4.0,"key":"AttackPotion"}],"is_trial":false,"path_per_floor":["M","?","M","M","M","E","R","?","T","E","M","E"],"character_chosen":"WATCHER","items_purchased":[],"campfire_rested":0,"item_purchase_floors":[],"current_hp_per_floor":[58,58,58,54,42,30,30,23,23,23,18,0,0],"gold":290,"neow_bonus":"BOSS_RELIC","is_daily":false,"chose_seed":false,"campfire_upgraded":1,"win_rate":0.0,"timestamp":1612447939,"path_taken":["M","?","?","M","M","E","R","?","T","E","M","E"],"items_purchased_type":[],"build_version":"2020-12-22","purchased_purges":0,"victory":false,"max_hp_per_floor":[68,68,68,68,68,68,68,68,68,68,68,68,68],"card_choices":[{"not_picked":["ThirdEye","EmptyMind"],"picked":"FearNoEvil","floor":1.0},{"not_picked":["JustLucky","Indignation"],"picked":"CutThroughFate","floor":3.0},{"not_picked":["SashWhip","Protect","PathToVictory"],"picked":"SKIP","floor":4.0},{"not_picked":["EmptyBody","ThirdEye"],"picked":"DeceiveReality","floor":5.0},{"not_picked":["EmptyFist","InnerPeace"],"picked":"FlurryOfBlows","floor":6.0},{"not_picked":["ClearTheMind","EmptyFist"],"picked":"Worship","floor":10},{"not_picked":["Crescendo","ForeignInfluence"],"picked":"Study","floor":11}],"player_experience":9007656,"relics_obtained":[{"floor":6.0,"key":"Pen Nib"},{"floor":9.0,"key":"War Paint"},{"floor":10,"key":"Omamori"}],"event_choices":[{"damage_healed":0.0,"max_hp_gain":0.0,"max_hp_loss":0.0,"gold_gain":50.0,"event_name":"Golden Shrine","player_choice":"Pray","floor":2.0,"gold_loss":0.0,"damage_taken":0.0},{"cards_removed":["Strike_P"],"damage_healed":0.0,"max_hp_gain":0.0,"max_hp_loss":0.0,"gold_gain":0.0,"event_name":"Golden Wing","player_choice":"Card Removal","floor":8.0,"gold_loss":0.0,"damage_taken":7.0}],"is_beta":false,"boss_relics":[],"items_purged_floors":[],"is_endless":false,"potions_floor_spawned":[1,4],"killed_by":"Gremlin Nob","ascension_level":20}}