{"host":"n605f8gctjc87d7h","time":1612424525,"event":{"mods":["Aspiration","Bard","BaseMod","Better Match","Better Note","Better Skull","Better Third Choice","Conspire","Downfall","Halation","Hermit","Infinite Spire","Minty Spire (QoL Compilation)","Replay The Spire","Retaliation","Shade Mod","Spicy Shops","StSLib","The IronCluck","The Jungle"],"gold_per_floor":[117,134,209,55,69,69,69,69,94,107,107,142,152,166,166,269,269,287,287,287,105,115,115,135,135,162,195,208,208,218,248,248,393,393,413,413,413,413,258,296,296,324,324,324,324,324,354,368,368,386,386],"floor_reached":50,"language":"ENG","playtime":2951,"items_purged":["Defend_G"],"score":791,"play_id":"da581923-2d10-4fee-8588-8c94d3766a79","local_time":"20210203234205","is_ascension_mode":true,"campfire_choices":[{"data":"Poisoned Stab","floor":6,"key":"SMITH"},{"floor":11,"key":"REST"},{"floor":15,"key":"REST"},{"floor":23,"key":"REST"},{"floor":25,"key":"REST"},{"floor":29,"key":"REST"},{"floor":32,"key":"REST"},{"floor":41,"key":"REST"},{"floor":44,"key":"REST"},{"data":"Replay:Poison Smokescreen","floor":49,"key":"SMITH"}],"circlet_count":0,"master_deck":["AscendersBane","Strike_G","Strike_G+1","Strike_G","Defend_G","Defend_G","Defend_G","Defend_G+1","Poisoned Stab+1","Backstab","Noxious Fumes","Leap","Beam Cell","Replay:Poison Smokescreen+1","Footwork","Catalyst","Adrenaline","Poisoned Stab","Slice+1","Dodge and Roll+1","Bane","Poison Darts","Terror+1","Parasite","Bouncing Flask"],"relics":["Ring of the Snake","Regal Pillow","infinitespire:EmpoweringShard","Pen Nib","Replay:Baseball","Replay:WaspNest","Strawberry","Replay:Mystery Machine","Ginger","infinitespire:Midas Blood","Velvet Choker","ReplayFunnel","Simple Rune","CeramicFish","Mirror"],"acts_visited":["Exordium","TheCity","TheBeyond"],"potions_floor_usage":[17,27,31,33,35,50],"damage_taken":[{"damage":1,"enemies":"2 Louse","floor":1,"turns":3},{"damage":0,"enemies":"Cultist","floor":2,"turns":3},{"damage":2,"enemies":"Jaw Worm","floor":5,"turns":4},{"damage":1,"enemies":"Lots of Slimes","floor":10,"turns":5},{"damage":15,"enemies":"3 Sentries","floor":12,"turns":7},{"damage":6,"enemies":"Large Slime","floor":13,"turns":4},{"damage":0,"enemies":"conspire:2 RoseBushes","floor":14,"turns":4},{"damage":4,"enemies":"The Guardian","floor":16,"turns":7},{"damage":42,"enemies":"conspire:FuzzyDice","floor":18,"turns":6},{"damage":13,"enemies":"Shell Parasite","floor":22,"turns":4},{"damage":17,"enemies":"Centurion and Healer","floor":24,"turns":5},{"damage":36,"enemies":"Slavers","floor":27,"turns":4},{"damage":10,"enemies":"Chosen and Byrds","floor":28,"turns":6},{"damage":28,"enemies":"Snake Plant","floor":30,"turns":3},{"damage":11,"enemies":"Replay:Snechameleon","floor":31,"turns":4},{"damage":51,"enemies":"conspire:MysteriousRune","floor":33,"turns":9},{"damage":18,"enemies":"3 Darklings","floor":35,"turns":6},{"damage":38,"enemies":"R_Hoarder","floor":40,"turns":7},{"damage":0,"enemies":"Orb Walker","floor":42,"turns":3},{"damage":5,"enemies":"Writhing Mass","floor":47,"turns":4},{"damage":2,"enemies":"4 Shapes","floor":48,"turns":7},{"damage":77,"enemies":"Awakened One","floor":50,"turns":6}],"seed_played":"2958037299101022570","potions_obtained":[{"floor":1,"key":"SpeedPotion"},{"floor":12,"key":"DDmod:CleansePotion"},{"floor":16,"key":"Fruit Juice"},{"floor":30,"key":"Toxic Potion"},{"floor":31,"key":"Weak Potion"},{"floor":33,"key":"Adrenaline Potion"},{"floor":42,"key":"Explosive Potion"},{"floor":47,"key":"Doom Potion"},{"floor":48,"key":"Dexterity Potion"}],"is_trial":false,"path_per_floor":["M","M","?","$","M","R","?","T","T","M","R","E","M","M","R","B",null,"M","AVR","?","$","M","R","M","R","T","E","M","R","M","E","R","B",null,"M","AVR","?","?","$","E","R","M","T","R","?","?","M","M","R","B"],"character_chosen":"THE_SILENT","items_purchased":["Regal Pillow","Poisoned Stab","Strawberry","Simple Rune"],"campfire_rested":8,"item_purchase_floors":[4,21,21,39],"current_hp_per_floor":[62,62,51,51,49,49,49,49,49,48,70,55,49,49,70,66,74,32,32,32,39,26,65,48,82,82,46,36,75,47,36,75,24,68,50,50,50,50,50,12,51,51,51,82,78,78,73,71,71,0,0],"gold":386,"neow_bonus":"REMOVE_CARD","is_daily":false,"chose_seed":false,"campfire_upgraded":2,"win_rate":0.0,"timestamp":1612424525,"path_taken":["M","M","?","$","M","R","?","?","T","M","R","E","?","M","R","BOSS","M","AVR","?","$","?","R","M","R","T","E","M","R","M","E","R","BOSS","M","AVR","?","?","$","E","R","M","T","R","?","?","M","M","R","BOSS"],"items_purchased_type":["Relic","Card","Relic","Relic"],"build_version":"2020-12-22","purchased_purges":1,"victory":false,"max_hp_per_floor":[70,70,70,70,70,70,70,70,70,70,70,70,70,70,70,70,75,75,75,75,82,82,82,82,82,82,82,82,82,82,82,82,82,82,82,82,82,82,82,82,82,82,82,82,78,78,78,78,78,78,78],"card_choices":[{"not_picked":["Cloak And Dagger","Terror"],"picked":"Poisoned Stab","floor":1},{"not_picked":["Acrobatics","Underhanded Strike"],"picked":"Backstab","floor":2},{"not_picked":["Hidden Blade","Outmaneuver"],"picked":"Noxious Fumes","floor":5},{"not_picked":["Dodge and Roll","Dagger Throw"],"picked":"Replay:Poison Smokescreen","floor":10},{"not_picked":["ReplayTheSpireMod:Necrosis","Flying Knee","Quick Slash"],"picked":"SKIP","floor":12},{"not_picked":["ReplayTheSpireMod:Tripwire","Blade Dance"],"picked":"Footwork","floor":13},{"not_picked":["Deflect","Quick Slash"],"picked":"Catalyst","floor":14},{"not_picked":["aspiration:Lunge","Corpse Explosion"],"picked":"Adrenaline","floor":16},{"not_picked":["Prepared+1","Calculated Gamble","Outmaneuver"],"picked":"SKIP","floor":18},{"not_picked":["Poisoned Stab","Tactician"],"picked":"Slice+1","floor":22},{"not_picked":["Poisoned Stab+1","Flying Knee"],"picked":"Dodge and Roll+1","floor":24},{"not_picked":["ReplayTheSpireMod:Exploit Weakness+1","Reflex"],"picked":"Bane","floor":27},{"not_picked":["Quick Slash+1","Tools of the Trade","Underhanded Strike"],"picked":"SKIP","floor":28},{"not_picked":["Prepared","Terror","Slice"],"picked":"SKIP","floor":30},{"not_picked":["Poisoned Stab","Deflect","Dodge and Roll"],"picked":"SKIP","floor":31},{"not_picked":["Bullet Time","Malaise"],"picked":"Poison Darts","floor":33},{"not_picked":["ReplayTheSpireMod:Shiv Toss+1","Deadly Poison+1","Outmaneuver"],"picked":"SKIP","floor":35},{"not_picked":["Dodge and Roll+1","Setup+1","Replay:Poison Smokescreen"],"picked":"SKIP","floor":40},{"not_picked":["conspire:PoisonWeapons","Heel Hook"],"picked":"Terror+1","floor":42},{"not_picked":["Deflect","Bane"],"picked":"Bouncing Flask","floor":47},{"not_picked":["Fluid Movement","Cloak And Dagger","Slice+1"],"picked":"SKIP","floor":48}],"player_experience":809192,"relics_obtained":[{"floor":8,"key":"infinitespire:EmpoweringShard"},{"floor":9,"key":"Pen Nib"},{"floor":12,"key":"Replay:Baseball"},{"floor":26,"key":"Replay:Mystery Machine"},{"floor":27,"key":"Ginger"},{"floor":31,"key":"infinitespire:Midas Blood"},{"floor":40,"key":"CeramicFish"},{"floor":43,"key":"Mirror"}],"event_choices":[{"damage_healed":0,"gold_gain":75,"player_choice":"Gold","damage_taken":11,"max_hp_gain":0,"max_hp_loss":0,"event_name":"betterThird:BetterGoop","floor":3,"gold_loss":0},{"cards_removed":["Strike_G"],"damage_healed":0,"gold_gain":0,"player_choice":"Offered Basic","damage_taken":0,"max_hp_gain":0,"max_hp_loss":0,"event_name":"Bonfire Elementals","floor":20,"gold_loss":0},{"damage_healed":0,"gold_gain":0,"player_choice":"Max HP","damage_taken":0,"max_hp_gain":0,"max_hp_loss":4,"event_name":"Winding Halls","floor":45,"gold_loss":0}],"is_beta":false,"boss_relics":[{"not_picked":["halation:Yufonium","bronze:MakeshiftBattery","Replay:Drink Me"]},{"not_picked":["halation:Risk","Runic Dome"],"picked":"Velvet Choker"}],"items_purged_floors":[19],"is_endless":false,"potions_floor_spawned":[1,12,16,30,31,33,42,47,48],"killed_by":"Awakened One","ascension_level":11}}