{"host":"gc6vr5n3q8f0hswe","time":1612467973,"event":{"mods":["Act Like it!","Aspiration","BaseMod","Better Altar","Better Sensory Stone","Better Third Choice","Block Reminder","Conspire","Fox Events","Gensokyo","Hallownest","Highlight Path","Hubris","Infinite Spire","Jedi Mod","Lobotomy","LobotomyExtend","MarisaÅiñ∂âJÅ@ñÇóùçπÅj","Minty Spire (QoL Compilation)","Pale of the Ancients","Relic Stats","Reliquary","Replay The Spire","Somnambulant","StSLib","The Alterego","The Blue Laboratory","The Bug Knight","The Jungle","The Poker Player","The Wild Card","Uncapped","Wandering Minibosses"],"gold_per_floor":[118,128,128,128,147,147,177,177,177,122,138,117,117,117,117,117,117],"floor_reached":16,"language":"ENG","playtime":501,"items_purged":[],"score":102,"play_id":"497e6cd5-7af8-497c-b573-f7ff2d94817d","local_time":"20210204194613","is_ascension_mode":true,"campfire_choices":[{"data":"Tantrum","floor":6,"key":"SMITH"},{"data":"Alpha","floor":8,"key":"SMITH"},{"data":"Prostrate","floor":13,"key":"SMITH"},{"data":"Vigilance","floor":15,"key":"SMITH"}],"circlet_count":0,"master_deck":["Strike_P","Strike_P","Strike_P","Strike_P","Defend_P","Defend_P","Defend_P","Defend_P","Vigilance+1","Prostrate+1","FlurryOfBlows","Tantrum+1","Alpha+1","Wallop+1","FlurryOfBlows","Gensokyo:RustyChest"],"relics":["PureWater","aspiration:Nostalgia","Burning Blood","LetterFromLob","Gensokyo:Mercy","Strawberry","reliquary:Stiletto","Toy Ornithopter"],"acts_visited":["Exordium"],"potions_floor_usage":[],"damage_taken":[{"damage":19,"enemies":"Gensokyo:Python","floor":1,"turns":3},{"damage":8,"enemies":"Gensokyo:2_Kodama","floor":2,"turns":2},{"damage":3,"enemies":"Gensokyo:Gryphon","floor":5,"turns":5},{"damage":20,"enemies":"Gensokyo:Aya","floor":7,"turns":8},{"damage":0,"enemies":"Gensokyo:2_Rabbits","floor":11,"turns":2},{"damage":67,"enemies":"Gensokyo:Yukari","floor":16,"turns":4}],"seed_played":"8182900155511255109","potions_obtained":[{"floor":1,"key":"blueLaboratory:NullPotion"},{"floor":7,"key":"Ancient Potion"}],"is_trial":false,"path_per_floor":["M","M","?","?","M","R","E","R","T","$","M","COS","R","$","R","B"],"character_chosen":"WATCHER","items_purchased":["Wallop+1"],"campfire_rested":0,"item_purchase_floors":[10],"current_hp_per_floor":[59,57,57,54,57,57,43,43,43,43,49,49,49,49,49,0,0],"gold":117,"neow_bonus":"NOSTALGIA","is_daily":false,"chose_seed":false,"campfire_upgraded":4,"win_rate":0.0,"timestamp":1612467973,"path_taken":["M","M","?","?","M","R","E","R","T","?","?","COS","R","?","R","BOSS"],"items_purchased_type":["Card"],"build_version":"2020-12-22","purchased_purges":0,"victory":false,"max_hp_per_floor":[72,72,72,79,79,79,79,79,79,79,79,79,79,79,79,79,79],"relic_stats":{"counters":[6,24],"obtain_stats":[{"Gensokyo:Mercy":3,"aspiration:Nostalgia":0,"Strawberry":4,"reliquary:Stiletto":7,"LetterFromLob":1,"PureWater":0,"Burning Blood":0,"Toy Ornithopter":9},{"Gensokyo:Mercy":2,"aspiration:Nostalgia":0,"Strawberry":2,"reliquary:Stiletto":4,"LetterFromLob":1,"PureWater":0,"Burning Blood":0,"Toy Ornithopter":4},{"Gensokyo:Mercy":5,"aspiration:Nostalgia":0,"Strawberry":5,"reliquary:Stiletto":18,"LetterFromLob":3,"PureWater":0,"Burning Blood":0,"Toy Ornithopter":18}],"Burning Blood":30,"Toy Ornithopter":0},"card_choices":[{"not_picked":["LikeWater","SignatureMove"],"picked":"Prostrate","floor":1},{"not_picked":["TalkToTheHand","ForeignInfluence"],"picked":"FlurryOfBlows","floor":2},{"not_picked":["Replay:BluntJabs","Consecrate"],"picked":"Tantrum","floor":5},{"not_picked":["BowlingBash","ClearTheMind"],"picked":"Alpha","floor":7},{"not_picked":["EmptyMind","MentalFortress"],"picked":"FlurryOfBlows","floor":11}],"player_experience":473013,"relics_obtained":[{"floor":1,"key":"LetterFromLob"},{"floor":7,"key":"reliquary:Stiletto"},{"floor":9,"key":"Toy Ornithopter"}],"event_choices":[],"is_beta":false,"boss_relics":[],"items_purged_floors":[],"is_endless":false,"potions_floor_spawned":[1,7],"killed_by":"Gensokyo:Yukari","ascension_level":1}}