{"host":"kxz5izodaorfb9am","time":1612458643,"event":{"mods":["BaseMod","GifTheSpireLib","Minty Spire (QoL Compilation)","Shop Mod","StSLib"],"gold_per_floor":[118,137,137,150,130,130,144,159,159,177,197,197,197,216,216,290,290,308,308,332,351,363,363,395,395,395,412,327,366,366,366],"floor_reached":30,"language":"ENG","playtime":1737,"items_purged":[],"score":462,"play_id":"fa9cf835-c9e8-494a-88cd-1ea75c76170e","local_time":"20210204181043","is_ascension_mode":true,"campfire_choices":[{"data":"Footwork","floor":6,"key":"SMITH"},{"data":"Tools of the Trade","floor":15,"key":"SMITH"},{"data":"Terror","floor":23,"key":"SMITH"},{"data":"Adrenaline","floor":25,"key":"SMITH"}],"circlet_count":0,"master_deck":["AscendersBane","Strike_G+1","Defend_G","Defend_G","Defend_G","Defend_G","Survivor","Neutralize","Prepared+1","Footwork+1","Dagger Throw","Terror+1","Blade Dance","Slice","Tools of the Trade+1","Slice","Cloak And Dagger","Adrenaline+1","Eviscerate","Tactician","Heel Hook","Accuracy+1"],"relics":["Ring of the Snake","Pen Nib","Toy Ornithopter","Empty Cage","Bag of Marbles","Toxic Egg 2","Gambling Chip","CeramicFish"],"acts_visited":["Exordium","TheCity"],"potions_floor_usage":[7,11,11,18,24,24,29,30],"damage_taken":[{"damage":0,"enemies":"Small Slimes","floor":1,"turns":3},{"damage":3,"enemies":"2 Louse","floor":2,"turns":5},{"damage":3,"enemies":"Cultist","floor":4,"turns":5},{"damage":6,"enemies":"Looter","floor":7,"turns":3},{"damage":0,"enemies":"2 Fungi Beasts","floor":8,"turns":5},{"damage":1,"enemies":"Red Slaver","floor":10,"turns":4},{"damage":10,"enemies":"Exordium Thugs","floor":11,"turns":6},{"damage":2,"enemies":"Gremlin Gang","floor":14,"turns":4},{"damage":14,"enemies":"Slime Boss","floor":16,"turns":7},{"damage":18,"enemies":"Chosen","floor":18,"turns":5},{"damage":13,"enemies":"2 Thieves","floor":21,"turns":4},{"damage":0,"enemies":"Centurion and Healer","floor":22,"turns":5},{"damage":11,"enemies":"Slavers","floor":24,"turns":6},{"damage":3,"enemies":"3 Cultists","floor":27,"turns":5},{"damage":26,"enemies":"Gremlin Leader","floor":29,"turns":4},{"damage":14,"enemies":"Snake Plant","floor":30,"turns":1}],"seed_played":"8758815914526538152","potions_obtained":[{"floor":4,"key":"Energy Potion"},{"floor":5,"key":"Poison Potion"},{"floor":10,"key":"Regen Potion"},{"floor":11,"key":"Dexterity Potion"},{"floor":14,"key":"SneckoOil"},{"floor":16,"key":"LiquidBronze"},{"floor":21,"key":"DuplicationPotion"},{"floor":22,"key":"SteroidPotion"},{"floor":27,"key":"EssenceOfSteel"},{"floor":29,"key":"CunningPotion"}],"is_trial":false,"path_per_floor":["M","M","?","M","?","R","M","M","T","M","M","?","?","M","R","B",null,"M","?","T","M","M","R","E","R","T","M","?","E","M"],"character_chosen":"THE_SILENT","items_purchased":[],"campfire_rested":0,"item_purchase_floors":[],"current_hp_per_floor":[59,56,36,33,33,33,27,27,27,26,31,53,53,51,51,37,59,46,46,46,33,33,33,32,32,32,29,29,8,0,0],"gold":366,"neow_bonus":"REMOVE_CARD","is_daily":false,"chose_seed":false,"campfire_upgraded":4,"win_rate":0.0,"timestamp":1612458643,"path_taken":["M","M","?","M","?","R","M","M","T","?","M","?","?","M","R","BOSS","M","?","?","M","?","R","E","R","T","?","?","E","M"],"items_purchased_type":[],"build_version":"2020-12-22","purchased_purges":0,"victory":false,"max_hp_per_floor":[66,66,66,66,66,66,66,66,66,66,66,66,66,66,66,66,66,66,66,66,66,66,66,66,66,66,66,66,66,66,66],"card_choices":[{"not_picked":["Flechettes","Underhanded Strike"],"picked":"Prepared","floor":1},{"not_picked":["Underhanded Strike","Reflex"],"picked":"Footwork","floor":2},{"not_picked":["Bane","Concentrate"],"picked":"Dagger Throw","floor":4},{"not_picked":["Eviscerate","Dagger Spray","Dodge and Roll"],"picked":"SKIP","floor":7},{"not_picked":["Endless Agony","Riddle With Holes"],"picked":"Terror","floor":8},{"not_picked":["Sucker Punch","Acrobatics"],"picked":"Blade Dance","floor":10},{"not_picked":["Flying Knee","Dagger Spray"],"picked":"Slice","floor":11},{"not_picked":["Flying Knee","Sucker Punch"],"picked":"Tools of the Trade","floor":14},{"not_picked":["Flying Knee+1","Acrobatics"],"picked":"Slice","floor":18},{"not_picked":["Crippling Poison","PiercingWail"],"picked":"Eviscerate","floor":21},{"not_picked":["All Out Attack","Riddle With Holes"],"picked":"Tactician","floor":22},{"not_picked":["Masterful Stab","Deadly Poison+1","Dagger Throw"],"picked":"SKIP","floor":24},{"not_picked":["Backstab","Poisoned Stab"],"picked":"Heel Hook","floor":27},{"not_picked":["Expertise+1","Concentrate+1"],"picked":"Accuracy+1","floor":29}],"player_experience":271028,"relics_obtained":[{"floor":9,"key":"Pen Nib"},{"floor":20,"key":"Bag of Marbles"},{"floor":24,"key":"Toxic Egg 2"},{"floor":29,"key":"CeramicFish"}],"event_choices":[{"damage_healed":0,"gold_gain":0,"player_choice":"Entered Light","damage_taken":20,"max_hp_gain":0,"max_hp_loss":0,"event_name":"Shining Light","floor":3,"gold_loss":0,"cards_upgraded":["Prepared","Strike_G"]},{"damage_healed":0,"gold_gain":0,"player_choice":"Bought 1 Potion","damage_taken":0,"max_hp_gain":0,"max_hp_loss":0,"event_name":"The Woman in Blue","floor":5,"gold_loss":0},{"damage_healed":22,"gold_gain":0,"player_choice":"Banana","damage_taken":0,"max_hp_gain":0,"max_hp_loss":0,"event_name":"Big Fish","floor":12,"gold_loss":0},{"damage_healed":0,"gold_gain":0,"player_choice":"Gave Potion","damage_taken":0,"relics_obtained":["Toy Ornithopter"],"max_hp_gain":0,"max_hp_loss":0,"event_name":"WeMeetAgain","floor":13,"gold_loss":0},{"damage_healed":0,"gold_gain":0,"cards_transformed":["Strike_G","Strike_G"],"player_choice":"Became Test Subject","damage_taken":0,"max_hp_gain":0,"max_hp_loss":0,"event_name":"Drug Dealer","floor":19,"gold_loss":0,"cards_obtained":["Cloak And Dagger","Adrenaline"]},{"damage_healed":0,"gold_gain":0,"player_choice":"Obtained Relic","damage_taken":0,"relics_obtained":["Gambling Chip"],"max_hp_gain":0,"max_hp_loss":0,"event_name":"Addict","floor":28,"gold_loss":85}],"is_beta":false,"boss_relics":[{"not_picked":["Runic Pyramid","Coffee Dripper"],"picked":"Empty Cage"}],"items_purged_floors":[],"is_endless":false,"potions_floor_spawned":[4,10,11,14,16,21,22,27,29],"killed_by":"Snake Plant","ascension_level":15}}