{"host":"mhr97lg0mj90r8b2","time":1612432868,"event":{"mods":["BaseMod","Minty Spire (QoL Compilation)","Quick Restart","StSLib"],"gold_per_floor":[114,132,143,157,169,197,197,197,249,266,276,56,73,89,89,190,190,208,218,218,218],"floor_reached":20,"language":"ZHS","playtime":1300,"items_purged":["Strike_G"],"score":200,"play_id":"23073e7e-4054-4682-a45d-c077a386ee0e","local_time":"20210204180108","is_ascension_mode":true,"campfire_choices":[{"floor":7,"key":"REST"},{"data":"Enlightenment","floor":15,"key":"SMITH"}],"circlet_count":0,"master_deck":["Strike_G","Defend_G+1","Defend_G","Defend_G","Defend_G","Defend_G","Survivor","Neutralize","Backflip","Flying Knee","Underhanded Strike","Poisoned Stab","Crippling Poison+1","Enlightenment+1","Backflip","Footwork","Burst","Reflex+1","Glass Knife+1","Masterful Stab+1","Eviscerate+1"],"relics":["Ring of the Snake","NeowsBlessing","Oddly Smooth Stone","War Paint","Sling","Astrolabe"],"acts_visited":["Exordium","TheCity"],"potions_floor_usage":[],"damage_taken":[{"damage":0,"enemies":"2 Louse","floor":1,"turns":1},{"damage":0,"enemies":"Cultist","floor":2,"turns":1},{"damage":0,"enemies":"Small Slimes","floor":3,"turns":1},{"damage":0,"enemies":"Blue Slaver","floor":4,"turns":4},{"damage":26,"enemies":"Gremlin Gang","floor":5,"turns":6},{"damage":30,"enemies":"3 Sentries","floor":6,"turns":13},{"damage":0,"enemies":"2 Fungi Beasts","floor":10,"turns":4},{"damage":0,"enemies":"Red Slaver","floor":11,"turns":4},{"damage":5,"enemies":"Large Slime","floor":13,"turns":7},{"damage":0,"enemies":"2 Fungi Beasts","floor":14,"turns":4},{"damage":21,"enemies":"The Guardian","floor":16,"turns":14},{"damage":8,"enemies":"Spheric Guardian","floor":18,"turns":4},{"damage":14,"enemies":"3 Byrds","floor":19,"turns":6},{"damage":5,"enemies":"Centurion and Healer","floor":20,"turns":6}],"seed_played":"-2229974828759187790","potions_obtained":[{"floor":2,"key":"Dexterity Potion"},{"floor":4,"key":"LiquidMemories"},{"floor":6,"key":"GhostInAJar"}],"is_trial":false,"path_per_floor":["M","M","M","M","M","E","R","?","T","M","M","$","M","M","R","B",null,"M","M","M"],"character_chosen":"THE_SILENT","items_purchased":["Sling"],"campfire_rested":1,"item_purchase_floors":[12],"current_hp_per_floor":[70,70,70,70,44,14,35,35,35,35,35,35,30,30,30,9,70,62,48,43,43],"gold":218,"neow_bonus":"THREE_ENEMY_KILL","is_daily":false,"chose_seed":false,"campfire_upgraded":1,"win_rate":0.0,"timestamp":1612432868,"path_taken":["M","M","M","M","M","E","R","?","T","M","M","$","?","M","R","BOSS","M","M","M"],"items_purchased_type":["Relic"],"build_version":"2020-12-22","purchased_purges":1,"victory":false,"max_hp_per_floor":[70,70,70,70,70,70,70,70,70,70,70,70,70,70,70,70,70,70,70,70,70],"card_choices":[{"not_picked":["Deflect","Deadly Poison"],"picked":"Backflip","floor":1},{"not_picked":["Outmaneuver","Sucker Punch"],"picked":"Flying Knee","floor":2},{"not_picked":["Poisoned Stab","Prepared"],"picked":"Underhanded Strike","floor":3},{"not_picked":["Flying Knee","Terror"],"picked":"Poisoned Stab","floor":4},{"not_picked":["Predator","Flying Knee"],"picked":"Crippling Poison","floor":5},{"not_picked":["Wraith Form v2","Sucker Punch","Blade Dance"],"picked":"SKIP","floor":6},{"not_picked":["Blade Dance","Deflect","Flying Knee"],"picked":"SKIP","floor":10},{"not_picked":["Poisoned Stab","Flechettes"],"picked":"Backflip","floor":11},{"not_picked":["Underhanded Strike","Terror","Backflip"],"picked":"SKIP","floor":13},{"not_picked":["Terror","Finisher"],"picked":"Footwork","floor":14},{"not_picked":["Venomology","Glass Knife"],"picked":"Burst","floor":16},{"not_picked":["Deflect","Backflip"],"picked":"Eviscerate+1","floor":18},{"not_picked":["Blade Dance","Heel Hook","Dodge and Roll"],"picked":"SKIP","floor":19}],"player_experience":122859,"relics_obtained":[{"floor":6,"key":"Oddly Smooth Stone"},{"floor":9,"key":"War Paint"}],"event_choices":[{"damage_healed":0,"gold_gain":0,"player_choice":"1 cards matched","damage_taken":0,"max_hp_gain":0,"max_hp_loss":0,"event_name":"Match and Keep!","floor":8,"gold_loss":0,"cards_obtained":["Enlightenment"]}],"is_beta":false,"boss_relics":[{"not_picked":["Ectoplasm","Pandora\u0027s Box"],"picked":"Astrolabe"}],"items_purged_floors":[12],"is_endless":false,"potions_floor_spawned":[2,4,6,11,19],"killed_by":"Centurion and Healer","ascension_level":2}}