{"host":"mqzixrakqjp3g00v","time":1612473670,"event":{"mods":["AchievementEnabler","BaseMod","BetterRewards","Colored Map","Colored Powertips","Custom Start","Highlight Path","Minty Spire (QoL Compilation)","Quick Restart","Shop Mod","StSLib"],"gold_per_floor":[119,119,130,130,130,130,162,62,62,22,22,22,54,129,129,256,256,300,300,78,258,300,300,377,377,377,421,421,466,499,516,516,642,642,661,699,699,716,716,716,716],"floor_reached":40,"language":"ENG","playtime":1724,"items_purged":["Strike_P","InnerPeace"],"score":497,"play_id":"74785a82-817d-4e9b-a2de-7b7a0b7a109f","local_time":"20210204152110","is_ascension_mode":false,"campfire_choices":[{"data":"TalkToTheHand","floor":6.0,"key":"SMITH"},{"data":"1","floor":11,"key":"LIFT"},{"data":"HandOfGreed","floor":15,"key":"SMITH"},{"data":"Vault","floor":23,"key":"SMITH"},{"floor":25,"key":"REST"},{"data":"2","floor":28,"key":"LIFT"},{"data":"3","floor":32,"key":"LIFT"}],"circlet_count":0,"master_deck":["Strike_P+1","Strike_P+1","Defend_P+1","Defend_P+1","Defend_P+1","Defend_P+1","Eruption","Vigilance","TalkToTheHand+1","EmptyFist","Crescendo","Vengeance","Vault+1","HandOfGreed+1","Consecrate","Wish","ClearTheMind","Prostrate","ThirdEye","Decay","Perseverance+1","Tantrum+1","LikeWater+1","WheelKick","Devotion"],"relics":["PureWater","TeardropLocket","MerchantsRug","Girya","Bag of Preparation","Membership Card","FaceOfCleric","Cursed Key","Matryoshka","Pen Nib","MealTicket","Ginger","Mango","Busted Crown"],"acts_visited":["Exordium","TheCity","TheBeyond"],"potions_floor_usage":[24,33],"damage_taken":[{"damage":0.0,"enemies":"2 Louse","floor":1.0,"turns":1.0},{"damage":0.0,"enemies":"Cultist","floor":3.0,"turns":4.0},{"damage":9,"enemies":"Lagavulin","floor":7,"turns":6},{"damage":0,"enemies":"Jaw Worm","floor":13,"turns":1},{"damage":23,"enemies":"Hexaghost","floor":16,"turns":9},{"damage":0,"enemies":"Shell Parasite","floor":18,"turns":3},{"damage":0,"enemies":"Spheric Guardian","floor":22,"turns":4},{"damage":22,"enemies":"Slavers","floor":24,"turns":9},{"damage":1,"enemies":"Snecko","floor":27,"turns":4},{"damage":0,"enemies":"Snake Plant","floor":29,"turns":2},{"damage":7,"enemies":"Book of Stabbing","floor":30,"turns":4},{"damage":0,"enemies":"Sentry and Sphere","floor":31,"turns":2},{"damage":13,"enemies":"Automaton","floor":33,"turns":5},{"damage":0,"enemies":"Orb Walker","floor":35,"turns":2},{"damage":1,"enemies":"3 Darklings","floor":36,"turns":3},{"damage":0,"enemies":"Sphere and 2 Shapes","floor":38,"turns":2}],"seed_played":"4165385934986966024","potions_obtained":[{"floor":3.0,"key":"Regen Potion"},{"floor":7,"key":"PowerPotion"},{"floor":13,"key":"EssenceOfSteel"},{"floor":24,"key":"LiquidMemories"},{"floor":30,"key":"LiquidMemories"},{"floor":31,"key":"ColorlessPotion"},{"floor":33,"key":"SpeedPotion"},{"floor":36,"key":"Explosive Potion"}],"is_trial":false,"path_per_floor":["M","?","M","$","?","R","E","$","T","$","R","?","M","?","R","B",null,"M","?","$","?","M","R","E","R","T","M","R","M","E","M","R","B",null,"M","M","?","M","?","$"],"character_chosen":"WATCHER","items_purchased":["TeardropLocket","MerchantsRug","TalkToTheHand","EmptyFist","Girya","Crescendo","HandOfGreed","Membership Card","Matryoshka","ClearTheMind","Prostrate"],"campfire_rested":1,"item_purchase_floors":[0,0,0,0,0,0,8,10,20,20,20],"current_hp_per_floor":[72,72,72,72,65,65,56,56,56,56,56,56,57,46,46,24,74,75,75,75,56,57,57,36,59,59,59,59,60,68,69,69,57,96,97,97,97,98,94,94,94],"gold":716,"neow_bonus":"","is_daily":false,"chose_seed":false,"campfire_upgraded":3,"win_rate":0.0,"timestamp":1612473670,"path_taken":["M","?","M","?","?","R","E","$","T","$","R","?","?","?","R","BOSS","M","?","$","?","M","R","E","R","T","?","R","M","E","M","R","BOSS","M","M","?","M","?","$"],"items_purchased_type":["Relic","Relic","Card","Card","Relic","Card","Card","Relic","Relic","Card","Card"],"build_version":"2020-12-22","purchased_purges":2,"victory":false,"max_hp_per_floor":[72,72,72,72,72,72,72,72,72,72,72,72,73,73,73,74,74,75,75,75,75,76,76,77,77,77,78,78,79,94,95,95,96,96,97,98,98,99,94,94,94],"card_choices":[{"not_picked":["ForeignInfluence","Collect"],"picked":"InnerPeace","floor":1.0},{"not_picked":["Swivel","Evaluate","JustLucky"],"picked":"SKIP","floor":3.0},{"not_picked":["SignatureMove","ForeignInfluence"],"picked":"Vault","floor":7},{"not_picked":["FlurryOfBlows","PathToVictory"],"picked":"Consecrate","floor":13},{"not_picked":["Blasphemy","Brilliance"],"picked":"Wish","floor":16},{"not_picked":["Consecrate","JustLucky","PathToVictory"],"picked":"SKIP","floor":18},{"not_picked":["Prostrate","Halt","Sanctity"],"picked":"SKIP","floor":22},{"not_picked":["Nirvana","Prostrate+1"],"picked":"ThirdEye","floor":24},{"not_picked":["PathToVictory","Consecrate"],"picked":"Perseverance+1","floor":27},{"not_picked":["Consecrate","CutThroughFate"],"picked":"Tantrum+1","floor":29},{"not_picked":["Collect","WreathOfFlame"],"picked":"LikeWater+1","floor":30},{"not_picked":["CutThroughFate","LessonLearned"],"picked":"WheelKick","floor":31},{"not_picked":["Alpha","Establishment"],"picked":"Devotion","floor":33},{"not_picked":["Evaluate+1"],"picked":"SKIP","floor":35},{"not_picked":["ThirdEye"],"picked":"SKIP","floor":36},{"not_picked":["Evaluate+1"],"picked":"SKIP","floor":38}],"player_experience":537034,"relics_obtained":[{"floor":7,"key":"StrikeDummy"},{"floor":9,"key":"Bird Faced Urn"},{"floor":24,"key":"Pen Nib"},{"floor":26,"key":"MealTicket"},{"floor":26,"key":"Ginger"},{"floor":30,"key":"Mango"}],"event_choices":[{"damage_healed":0.0,"max_hp_gain":0.0,"max_hp_loss":0.0,"gold_gain":0.0,"cards_transformed":["Strike_P"],"event_name":"Transmorgrifier","player_choice":"Transformed","floor":2.0,"gold_loss":0.0,"damage_taken":0.0,"cards_obtained":["Vengeance"]},{"damage_healed":0.0,"max_hp_gain":0.0,"max_hp_loss":0.0,"gold_gain":0.0,"event_name":"Scrap Ooze","player_choice":"Success","floor":5.0,"gold_loss":0.0,"damage_taken":7.0,"relics_obtained":["Bag of Preparation"]},{"damage_healed":0,"gold_gain":0,"player_choice":"Trade","damage_taken":0,"relics_obtained":["FaceOfCleric"],"max_hp_gain":0,"max_hp_loss":0,"event_name":"FaceTrader","floor":12,"gold_loss":0},{"damage_healed":0,"gold_gain":75,"player_choice":"Gather Gold","damage_taken":11,"max_hp_gain":0,"max_hp_loss":0,"event_name":"World of Goop","floor":14,"gold_loss":0},{"damage_healed":0,"gold_gain":0,"player_choice":"Simplicity","damage_taken":0,"max_hp_gain":0,"max_hp_loss":0,"event_name":"Back to Basics","floor":19,"gold_loss":0,"cards_upgraded":["Strike_P","Strike_P","Defend_P","Defend_P","Defend_P","Defend_P"]},{"damage_healed":0,"gold_gain":180,"player_choice":"GOLD GOLD ","damage_taken":19,"max_hp_gain":0,"max_hp_loss":0,"event_name":"Knowing Skull","floor":21,"potions_obtained":[],"gold_loss":0,"cards_obtained":[]},{"damage_healed":0,"gold_gain":0,"player_choice":"Ignored","damage_taken":0,"max_hp_gain":0,"max_hp_loss":0,"event_name":"Tomb of Lord Red Mask","floor":37,"gold_loss":0},{"damage_healed":0,"gold_gain":0,"player_choice":"Max HP","damage_taken":0,"max_hp_gain":0,"max_hp_loss":5,"event_name":"Winding Halls","floor":39,"gold_loss":0}],"is_beta":false,"boss_relics":[{"not_picked":["Sozu","Runic Dome"],"picked":"Cursed Key"},{"not_picked":["Snecko Eye","Fusion Hammer"],"picked":"Busted Crown"}],"items_purged_floors":[0,20],"is_endless":false,"potions_floor_spawned":[3,7,13,24,30,31,33,36,38],"ascension_level":0}}