{"host":"61y0z9o9vf3ujftj","time":1612472687,"event":{"mods":["BaseMod","Colored Map","Colored Powertips","GifTheSpireLib","HexUI Lib","Highlight Path","Minty Spire (QoL Compilation)","Permanent Neow","Relic Stats","StSLib","ojb\u0027s Info Mod"],"gold_per_floor":[218,232,232,249,104,139,139,173,196,196,210,236,270,141,141,218,218,232,249,249,54,64,64,79,79,105,134,148,148,179,198,198,269,269,287,287,306,179,189,189,215,215,215,16,116,116,130,164,164,164],"floor_reached":51,"language":"ENG","playtime":5299,"items_purged":["Strike_B","Strike_B","Defend_B","Strike_B","Defend_B"],"score":1383,"play_id":"83ddadcd-5bb0-4ba8-8b94-181ad9943801","local_time":"20210204150447","is_ascension_mode":true,"campfire_choices":[{"floor":7.0,"key":"REST"},{"data":"Zap","floor":10.0,"key":"SMITH"},{"data":"Go for the Eyes","floor":15.0,"key":"SMITH"},{"data":"Coolheaded","floor":23.0,"key":"SMITH"},{"data":"Seek","floor":25.0,"key":"SMITH"},{"data":"Buffer","floor":29.0,"key":"SMITH"},{"floor":32.0,"key":"REST"},{"data":"Turbo","floor":40.0,"key":"SMITH"},{"floor":42.0,"key":"REST"},{"data":"Loop","floor":46.0,"key":"SMITH"},{"data":"Echo Form","floor":49,"key":"SMITH"}],"circlet_count":0,"master_deck":["AscendersBane","Defend_B+1","Zap+1","Dualcast","Go for the Eyes+1","Darkness+1","FTL","Seek+1","Cold Snap","Stack","Reinforced Body+1","Turbo+1","Core Surge","Scrape","Echo Form+1","Coolheaded+1","Reinforced Body+1","White Noise","Coolheaded","Buffer+1","Capacitor","Core Surge","CurseOfTheBell","Compile Driver","Sweeping Beam+1","Loop+1","Barrage","Skim"],"relics":["Cracked Core","Smiling Mask","Bag of Marbles","Centennial Puzzle","Odd Mushroom","Bottled Flame","Empty Cage","Lantern","Strawberry","Lizard Tail","War Paint","Calling Bell","Regal Pillow","Sundial","Thread and Needle","Boot","Girya","Chemical X","Gambling Chip"],"acts_visited":["Exordium","TheCity","TheBeyond"],"potions_floor_usage":[50],"damage_taken":[{"damage":1.0,"enemies":"Jaw Worm","floor":1.0,"turns":4.0},{"damage":0.0,"enemies":"2 Louse","floor":2.0,"turns":3.0},{"damage":1.0,"enemies":"Cultist","floor":4.0,"turns":4.0},{"damage":32.0,"enemies":"3 Sentries","floor":6.0,"turns":8.0},{"damage":5.0,"enemies":"Gremlin Nob","floor":8.0,"turns":3.0},{"damage":10.0,"enemies":"Lots of Slimes","floor":11.0,"turns":3.0},{"damage":2.0,"enemies":"The Mushroom Lair","floor":12.0,"turns":5.0},{"damage":1.0,"enemies":"Lagavulin","floor":13.0,"turns":5.0},{"damage":6.0,"enemies":"Hexaghost","floor":16.0,"turns":9.0},{"damage":19.0,"enemies":"2 Thieves","floor":18.0,"turns":5.0},{"damage":1.0,"enemies":"Shell Parasite","floor":19.0,"turns":5.0},{"damage":2.0,"enemies":"Centurion and Healer","floor":22.0,"turns":6.0},{"damage":13.0,"enemies":"Snake Plant","floor":24.0,"turns":3.0},{"damage":0.0,"enemies":"Gremlin Leader","floor":27.0,"turns":6.0},{"damage":0.0,"enemies":"Sentry and Sphere","floor":28.0,"turns":5.0},{"damage":21.0,"enemies":"Slavers","floor":30.0,"turns":6.0},{"damage":6.0,"enemies":"Centurion and Healer","floor":31.0,"turns":8.0},{"damage":0.0,"enemies":"Champ","floor":33.0,"turns":12.0},{"damage":2.0,"enemies":"Orb Walker","floor":35.0,"turns":5.0},{"damage":7.0,"enemies":"3 Darklings","floor":37.0,"turns":9.0},{"damage":8.0,"enemies":"Jaw Worm Horde","floor":39.0,"turns":7.0},{"damage":33.0,"enemies":"Nemesis","floor":41.0,"turns":13.0},{"damage":0,"enemies":"4 Shapes","floor":47,"turns":6},{"damage":0,"enemies":"Giant Head","floor":48,"turns":11},{"damage":35,"enemies":"Donu and Deca","floor":50,"turns":10}],"seed_played":"7563879983749709667","potions_obtained":[{"floor":4.0,"key":"AttackPotion"},{"floor":8.0,"key":"Fire Potion"},{"floor":12.0,"key":"AttackPotion"},{"floor":18.0,"key":"Dexterity Potion"},{"floor":24.0,"key":"FocusPotion"},{"floor":28.0,"key":"EssenceOfDarkness"},{"floor":31.0,"key":"SneckoOil"},{"floor":37.0,"key":"Energy Potion"},{"floor":48,"key":"Regen Potion"}],"is_trial":false,"path_per_floor":["M","M","?","M","$","E","R","E","T","R","M","?","E","$","R","B",null,"M","M","?","$","M","R","M","R","T","E","M","R","E","M","R","B",null,"M","?","M","$","M","R","E","R","T","$","?","R","M","E","R","B",null],"character_chosen":"DEFECT","items_purchased":["Seek","Scrape","Lantern","Loop","Chemical X"],"campfire_rested":3,"item_purchase_floors":[5,14,21,38,44],"current_hp_per_floor":[67,67,52,51,51,19,41,36,36,36,26,24,23,23,23,17,61,42,41,41,41,39,39,26,26,33,33,33,33,12,6,30,30,69,67,67,60,60,52,52,19,58,58,58,58,58,58,58,58,38],"gold":164,"neow_bonus":"HUNDRED_GOLD","is_daily":false,"chose_seed":false,"campfire_upgraded":8,"win_rate":0.0,"timestamp":1612472687,"path_taken":["M","M","?","M","$","E","R","E","T","R","M","?","E","$","R","BOSS","M","M","?","$","M","R","M","R","T","E","M","R","E","M","R","BOSS","M","?","?","?","M","R","E","R","T","$","?","R","?","E","R","BOSS"],"items_purchased_type":["Card","Card","Relic","Card","Relic"],"build_version":"2020-12-22","purchased_purges":5,"victory":true,"max_hp_per_floor":[75,75,75,75,75,75,75,75,75,75,75,75,75,75,75,75,75,75,75,75,75,75,75,75,75,82,82,82,82,82,82,82,82,82,82,82,82,82,82,82,82,82,82,82,82,82,82,82,82,82],"relic_stats":{"Centennial Puzzle":[45],"Lizard Tail":0,"Regal Pillow":15,"counters":[25,160],"Sundial":[10],"Gambling Chip":[3],"Chemical X":[17],"War Paint":["Reinforced Body","Reinforced Body"],"Smiling Mask":350,"Boot":[28],"obtain_stats":[{"Girya":43,"Lantern":21,"Regal Pillow":34,"Thread and Needle":34,"Odd Mushroom":12,"War Paint":30,"Smiling Mask":6,"Empty Cage":17,"Boot":41,"Calling Bell":34,"Centennial Puzzle":9,"Bottled Flame":13,"Lizard Tail":27,"Sundial":34,"Strawberry":26,"Gambling Chip":48,"Bag of Marbles":8,"Chemical X":44,"Cracked Core":0},{"Girya":22,"Lantern":11,"Regal Pillow":18,"Thread and Needle":18,"Odd Mushroom":7,"War Paint":16,"Smiling Mask":4,"Empty Cage":9,"Boot":22,"Calling Bell":18,"Centennial Puzzle":5,"Bottled Flame":8,"Lizard Tail":14,"Sundial":18,"Strawberry":13,"Gambling Chip":24,"Bag of Marbles":5,"Chemical X":22,"Cracked Core":0},{"Girya":134,"Lantern":54,"Regal Pillow":100,"Thread and Needle":100,"Odd Mushroom":30,"War Paint":80,"Smiling Mask":19,"Empty Cage":44,"Boot":134,"Calling Bell":100,"Centennial Puzzle":22,"Bottled Flame":35,"Lizard Tail":69,"Sundial":100,"Strawberry":63,"Gambling Chip":150,"Bag of Marbles":22,"Chemical X":134,"Cracked Core":0}]},"card_choices":[{"not_picked":["Beam Cell","Coolheaded"],"picked":"Go for the Eyes","floor":1.0},{"not_picked":["Rebound","Storm"],"picked":"Darkness","floor":2.0},{"not_picked":["Leap","Streamline"],"picked":"FTL","floor":4.0},{"not_picked":["Chaos","Streamline"],"picked":"Cold Snap","floor":6.0},{"not_picked":["Leap","Rebound"],"picked":"Stack","floor":8.0},{"not_picked":["Leap","Storm"],"picked":"Reinforced Body","floor":11.0},{"not_picked":["Steam","Darkness"],"picked":"Turbo","floor":12.0},{"not_picked":["Rebound","All For One"],"picked":"Core Surge","floor":13.0},{"not_picked":["Amplify","All For One"],"picked":"Echo Form","floor":16.0},{"not_picked":["Cold Snap","Scrape"],"picked":"Coolheaded","floor":18.0},{"not_picked":["Sweeping Beam","Rip and Tear"],"picked":"Reinforced Body","floor":19.0},{"not_picked":["Rebound","Hologram"],"picked":"White Noise","floor":22.0},{"not_picked":["Rebound","Sweeping Beam"],"picked":"Coolheaded","floor":24.0},{"not_picked":["Steam","Conserve Battery"],"picked":"Buffer","floor":27.0},{"not_picked":["Storm+1","Blizzard"],"picked":"Capacitor","floor":28.0},{"not_picked":["Static Discharge","Ball Lightning","Rebound"],"picked":"SKIP","floor":30.0},{"not_picked":["Ball Lightning","Steam","Aggregate"],"picked":"SKIP","floor":31.0},{"not_picked":["Ball Lightning","Steam","Aggregate"],"picked":"SKIP","floor":31.0},{"not_picked":["Multi-Cast","Fission"],"picked":"Core Surge","floor":33.0},{"not_picked":["Beam Cell","Cold Snap"],"picked":"Compile Driver","floor":35.0},{"not_picked":["Scrape+1","Leap"],"picked":"Sweeping Beam+1","floor":37.0},{"not_picked":["Steam","Sweeping Beam","Stack"],"picked":"SKIP","floor":39.0},{"not_picked":["Rainbow","Force Field","Redo"],"picked":"SKIP","floor":41.0},{"not_picked":["Consume","Heatsinks"],"picked":"Barrage","floor":47},{"not_picked":["Fission","Recycle+1"],"picked":"Skim","floor":48}],"player_experience":514243,"relics_obtained":[{"floor":6.0,"key":"Smiling Mask"},{"floor":8.0,"key":"Bag of Marbles"},{"floor":9.0,"key":"Centennial Puzzle"},{"floor":12.0,"key":"Odd Mushroom"},{"floor":13.0,"key":"Bottled Flame"},{"floor":26.0,"key":"Strawberry"},{"floor":27.0,"key":"Lizard Tail"},{"floor":30.0,"key":"War Paint"},{"floor":34.0,"key":"Regal Pillow"},{"floor":34.0,"key":"Sundial"},{"floor":34.0,"key":"Thread and Needle"},{"floor":41.0,"key":"Boot"},{"floor":43.0,"key":"Girya"},{"floor":48,"key":"Gambling Chip"}],"event_choices":[{"damage_healed":0.0,"max_hp_gain":0.0,"max_hp_loss":0.0,"gold_gain":0.0,"event_name":"Shining Light","player_choice":"Entered Light","floor":3.0,"gold_loss":0.0,"damage_taken":15.0,"cards_upgraded":["Darkness","Defend_B"]},{"damage_healed":0.0,"max_hp_gain":0.0,"max_hp_loss":0.0,"gold_gain":0.0,"event_name":"Mushrooms","player_choice":"Fought Mushrooms","floor":12.0,"gold_loss":0.0,"damage_taken":0.0},{"damage_healed":0.0,"max_hp_gain":0.0,"max_hp_loss":0.0,"gold_gain":0.0,"event_name":"The Woman in Blue","player_choice":"Bought 0 Potions","floor":20.0,"gold_loss":0.0,"damage_taken":0.0},{"damage_healed":0.0,"max_hp_gain":0.0,"max_hp_loss":0.0,"gold_gain":0.0,"event_name":"Match and Keep!","player_choice":"0 cards matched","floor":36.0,"gold_loss":0.0,"damage_taken":0.0,"cards_obtained":[]},{"damage_healed":0.0,"max_hp_gain":0.0,"max_hp_loss":0.0,"gold_gain":100.0,"event_name":"Golden Shrine","player_choice":"Pray","floor":45.0,"gold_loss":0.0,"damage_taken":0.0}],"is_beta":false,"boss_relics":[{"not_picked":["Busted Crown","Nuclear Battery"],"picked":"Empty Cage"},{"not_picked":["Snecko Eye","Velvet Choker"],"picked":"Calling Bell"}],"items_purged_floors":[5,14,21,38,44],"is_endless":false,"potions_floor_spawned":[4,8,12,18,24,28,31,37,48],"ascension_level":13}}