{"host":"lly094a91h6n5nv5","time":1612422974,"event":{"mods":["AchievementEnabler","BaseMod","Block Reminder","Colored Map","Minty Spire (QoL Compilation)"],"gold_per_floor":[114,114,68,81,99,129,129,141,141,141,154,167,167,198,198,300,300,300,300,248,248,248,248,248,248,248,248,248,248,248,248,248,248,248],"floor_reached":33,"language":"ENG","playtime":2298,"items_purged":[],"score":374,"play_id":"f022da1a-47dd-4ceb-90c0-69c9bd24f8e0","local_time":"20210204011614","is_ascension_mode":true,"campfire_choices":[{"data":"Doom and Gloom","floor":7.0,"key":"SMITH"},{"data":"Dualcast","floor":10.0,"key":"SMITH"},{"data":"Fission","floor":13.0,"key":"SMITH"},{"data":"Redo","floor":15.0,"key":"SMITH"},{"data":"Fission","floor":23,"key":"SMITH"},{"data":"Redo","floor":25,"key":"SMITH"},{"data":"Redo","floor":32,"key":"SMITH"}],"circlet_count":0,"master_deck":["Strike_B","Defend_B","Defend_B","Defend_B","Defend_B","Zap","Dualcast+1","Coolheaded","BootSequence","Sweeping Beam","Glacier","Doom and Gloom+1","Hologram","Coolheaded","Fission+1","Redo+1","Fission+1","Doom and Gloom+1","Redo+1","Redo+1","Hologram","Multi-Cast","Rebound","Doom and Gloom+1"],"relics":["Cursed Key","Toy Ornithopter","Boot","Ectoplasm","Orichalcum","Anchor"],"acts_visited":["Exordium","TheCity"],"potions_floor_usage":[24,29,33],"damage_taken":[{"damage":0.0,"enemies":"2 Louse","floor":1.0,"turns":3.0},{"damage":0.0,"enemies":"Cultist","floor":4.0,"turns":4.0},{"damage":0.0,"enemies":"Jaw Worm","floor":5.0,"turns":4.0},{"damage":17.0,"enemies":"Lagavulin","floor":6.0,"turns":7.0},{"damage":0.0,"enemies":"Looter","floor":8.0,"turns":3.0},{"damage":2.0,"enemies":"Red Slaver","floor":11.0,"turns":3.0},{"damage":5.0,"enemies":"Exordium Thugs","floor":12.0,"turns":3.0},{"damage":12.0,"enemies":"Gremlin Nob","floor":14.0,"turns":5.0},{"damage":17.0,"enemies":"Hexaghost","floor":16.0,"turns":14.0},{"damage":1.0,"enemies":"3 Byrds","floor":18.0,"turns":3.0},{"damage":0,"enemies":"Spheric Guardian","floor":19,"turns":3},{"damage":4,"enemies":"Snake Plant","floor":21,"turns":4},{"damage":12,"enemies":"Snecko","floor":22,"turns":5},{"damage":15,"enemies":"Book of Stabbing","floor":24,"turns":6},{"damage":13,"enemies":"3 Cultists","floor":29,"turns":3},{"damage":14,"enemies":"Slavers","floor":30,"turns":4},{"damage":6,"enemies":"Centurion and Healer","floor":31,"turns":4},{"damage":19,"enemies":"Champ","floor":33,"turns":11}],"seed_played":"4880034917431539204","potions_obtained":[{"floor":4.0,"key":"Explosive Potion"},{"floor":5.0,"key":"Explosive Potion"},{"floor":6.0,"key":"Weak Potion"},{"floor":14.0,"key":"SmokeBomb"},{"floor":19,"key":"SkillPotion"},{"floor":21,"key":"Swift Potion"},{"floor":31,"key":"SkillPotion"}],"is_trial":false,"path_per_floor":["M","?","$","M","M","E","R","M","T","R","M","M","R","E","R","B",null,"M","M","$","M","M","R","E","R","T","?","?","M","E","M","R","B"],"character_chosen":"DEFECT","items_purchased":["Sweeping Beam","Redo"],"campfire_rested":0,"item_purchase_floors":[3,20],"current_hp_per_floor":[75,75,75,75,75,58,58,58,58,58,56,61,61,54,54,37,66,65,65,65,61,49,49,39,39,39,39,39,31,17,11,11,0,0],"gold":248,"neow_bonus":"BOSS_RELIC","is_daily":false,"chose_seed":false,"campfire_upgraded":7,"win_rate":0.0,"timestamp":1612422974,"path_taken":["M","?","$","?","?","E","R","M","T","R","?","M","R","E","R","BOSS","M","M","$","M","M","R","E","R","T","?","?","?","E","M","R","BOSS"],"items_purchased_type":["Card","Card"],"build_version":"2020-12-22","purchased_purges":0,"victory":false,"max_hp_per_floor":[75,75,75,75,75,75,75,75,75,75,75,75,75,75,75,75,75,75,75,75,75,75,75,75,75,75,75,75,75,75,75,75,75,75],"card_choices":[{"not_picked":["Compile Driver","Reinforced Body"],"picked":"Coolheaded","floor":1.0},{"not_picked":["Compile Driver","Self Repair"],"picked":"Glacier","floor":4.0},{"not_picked":["Go for the Eyes","Rip and Tear"],"picked":"Doom and Gloom","floor":5.0},{"not_picked":["Leap","Beam Cell"],"picked":"Hologram","floor":6.0},{"not_picked":["Beam Cell","Fusion"],"picked":"Coolheaded","floor":8.0},{"not_picked":["Go for the Eyes","Ball Lightning"],"picked":"Fission","floor":11.0},{"not_picked":["Conserve Battery","Ball Lightning"],"picked":"Redo","floor":12.0},{"not_picked":["Streamline","Steam","Hologram"],"picked":"SKIP","floor":14.0},{"not_picked":["Seek","All For One"],"picked":"Fission","floor":16.0},{"not_picked":["Ball Lightning","Go for the Eyes+1"],"picked":"Doom and Gloom+1","floor":18.0},{"not_picked":["Rip and Tear","Stack"],"picked":"Redo","floor":19},{"not_picked":["Steam Power","Fusion+1","Reprogram"],"picked":"SKIP","floor":21},{"not_picked":["Leap","Ball Lightning"],"picked":"Hologram","floor":22},{"not_picked":["Coolheaded","Redo","Blizzard"],"picked":"SKIP","floor":24},{"not_picked":["Conserve Battery","Go for the Eyes","Glacier"],"picked":"SKIP","floor":29},{"not_picked":["Meteor Strike","Conserve Battery","Sunder"],"picked":"SKIP","floor":30},{"not_picked":["Redo","Conserve Battery","White Noise"],"picked":"SKIP","floor":31}],"player_experience":138001,"relics_obtained":[{"floor":6.0,"key":"Toy Ornithopter"},{"floor":14.0,"key":"Boot"},{"floor":24,"key":"Orichalcum"},{"floor":30,"key":"Anchor"}],"event_choices":[{"damage_healed":0.0,"max_hp_gain":0.0,"max_hp_loss":0.0,"gold_gain":0.0,"cards_transformed":["Strike_B"],"event_name":"Transmorgrifier","player_choice":"Transformed","floor":2.0,"gold_loss":0.0,"damage_taken":0.0,"cards_obtained":["BootSequence"]},{"damage_healed":0,"gold_gain":0,"cards_transformed":["Strike_B","Strike_B"],"player_choice":"Became Test Subject","damage_taken":0,"max_hp_gain":0,"max_hp_loss":0,"event_name":"Drug Dealer","floor":27,"gold_loss":0,"cards_obtained":["Multi-Cast","Rebound"]},{"damage_healed":0,"gold_gain":0,"player_choice":"Copied","damage_taken":0,"max_hp_gain":0,"max_hp_loss":0,"event_name":"Duplicator","floor":28,"gold_loss":0,"cards_obtained":["Doom and Gloom"]}],"is_beta":false,"boss_relics":[{"not_picked":["Fusion Hammer","Velvet Choker"],"picked":"Ectoplasm"}],"items_purged_floors":[],"is_endless":false,"potions_floor_spawned":[4,5,6,14,19,21,31],"killed_by":"Champ","ascension_level":5}}