{"host":"2tgyrzvaa7l04o2e","time":1612457320,"event":{"mods":["BaseMod","Highlight Path","Minty Spire (QoL Compilation)","Permanent Neow","Relic Stats"],"gold_per_floor":[119,137,155,155,211,211,237,237,262,262,282,292,292,327,327,327,327],"floor_reached":16,"language":"ENG","playtime":513,"items_purged":[],"score":220,"play_id":"3308b576-8382-4ef5-9eaf-b61d8b631f79","local_time":"20210204174840","is_ascension_mode":true,"campfire_choices":[{"data":"Dagger Spray","floor":8,"key":"SMITH"},{"data":"Dagger Spray","floor":10,"key":"SMITH"},{"data":"Deadly Poison","floor":15,"key":"SMITH"}],"circlet_count":0,"master_deck":["AscendersBane","Strike_G","Strike_G","Strike_G","Strike_G","Strike_G","Defend_G","Defend_G","Defend_G","Defend_G","Defend_G","Survivor","Neutralize","Dagger Spray+1","All Out Attack","Dagger Spray+1","Malaise","Deadly Poison+1"],"relics":["Ring of the Snake","Mango","Tiny Chest","Happy Flower","Letter Opener","PreservedInsect"],"acts_visited":["Exordium"],"potions_floor_usage":[7,14,14],"damage_taken":[{"damage":7,"enemies":"Jaw Worm","floor":1,"turns":6},{"damage":4,"enemies":"Small Slimes","floor":2,"turns":4},{"damage":1,"enemies":"Cultist","floor":3,"turns":4},{"damage":2,"enemies":"3 Sentries","floor":7,"turns":4},{"damage":6,"enemies":"Lots of Slimes","floor":11,"turns":2},{"damage":1,"enemies":"Looter","floor":12,"turns":3},{"damage":7,"enemies":"Lagavulin","floor":14,"turns":9},{"damage":32,"enemies":"The Guardian","floor":16,"turns":9}],"seed_played":"8474247772569647016","potions_obtained":[{"floor":2,"key":"Block Potion"},{"floor":3,"key":"FearPotion"},{"floor":12,"key":"EssenceOfSteel"}],"is_trial":false,"path_per_floor":["M","M","M","?","?","?","E","R","T","R","M","M","T","E","R","B"],"character_chosen":"THE_SILENT","items_purchased":[],"campfire_rested":0,"item_purchase_floors":[],"current_hp_per_floor":[51,47,46,20,20,46,44,44,44,44,38,37,37,30,30,0,0],"gold":327,"neow_bonus":"ONE_RARE_RELIC","is_daily":false,"chose_seed":false,"campfire_upgraded":3,"win_rate":0.0,"timestamp":1612457320,"path_taken":["M","M","M","?","?","?","E","R","T","R","M","?","?","E","R","BOSS"],"items_purchased_type":[],"build_version":"2020-12-22","purchased_purges":0,"victory":false,"max_hp_per_floor":[80,80,80,80,80,80,80,80,80,80,80,80,80,80,80,80,80],"relic_stats":{"Happy Flower":[7],"counters":[8,41],"Tiny Chest":1,"PreservedInsect":0,"Letter Opener":[10],"obtain_stats":[{"Happy Flower":7,"Mango":0,"Tiny Chest":4,"PreservedInsect":14,"Letter Opener":13,"Ring of the Snake":0},{"Happy Flower":4,"Mango":0,"Tiny Chest":3,"PreservedInsect":7,"Letter Opener":6,"Ring of the Snake":0},{"Happy Flower":18,"Mango":0,"Tiny Chest":14,"PreservedInsect":32,"Letter Opener":23,"Ring of the Snake":0}],"Ring of the Snake":[16]},"card_choices":[{"not_picked":["Sucker Punch","Acrobatics"],"picked":"Dagger Spray","floor":1},{"not_picked":["Sucker Punch","Flechettes"],"picked":"All Out Attack","floor":2},{"not_picked":["Underhanded Strike","Dagger Throw"],"picked":"Dagger Spray","floor":3},{"not_picked":["Expertise","Dagger Throw","Outmaneuver"],"picked":"SKIP","floor":7},{"not_picked":["Prepared","Distraction","Underhanded Strike"],"picked":"SKIP","floor":11},{"not_picked":["Poisoned Stab","Masterful Stab"],"picked":"Malaise","floor":12},{"not_picked":["Masterful Stab","Skewer"],"picked":"Deadly Poison","floor":14}],"player_experience":696905,"relics_obtained":[{"floor":7,"key":"Happy Flower"},{"floor":13,"key":"Letter Opener"},{"floor":14,"key":"PreservedInsect"}],"event_choices":[{"damage_healed":0,"gold_gain":0,"player_choice":"Success","damage_taken":26,"relics_obtained":["Tiny Chest"],"max_hp_gain":0,"max_hp_loss":0,"event_name":"Scrap Ooze","floor":4,"gold_loss":0},{"damage_healed":0,"gold_gain":56,"player_choice":"Gained Gold","damage_taken":0,"max_hp_gain":0,"max_hp_loss":0,"event_name":"Golden Wing","floor":5,"gold_loss":0},{"damage_healed":26,"gold_gain":0,"player_choice":"Banana","damage_taken":0,"max_hp_gain":0,"max_hp_loss":0,"event_name":"Big Fish","floor":6,"gold_loss":0}],"is_beta":false,"boss_relics":[],"items_purged_floors":[],"is_endless":false,"potions_floor_spawned":[2,3,12],"killed_by":"The Guardian","ascension_level":20}}