{"host":"p5axfb00mxhraew6","time":1612437838,"event":{"mods":["100% Spire Juice","Abigail Mod","Act Like it!","BaseMod","CapriCore","Friendly Minions","GifTheSpireLib","Jedi Mod","KomeijiMod","Lobotomy","MarisaÅiñ∂âJÅ@ñÇóùçπÅj","Minty Spire (QoL Compilation)","Prisma Mod","ReimuÅiîé??öÎÅj","RemiliaÅiÂQïƒ‰ª?Åj","SOSÅiézîb?îVéqÅj","StSLib","Td1madao Mod","The Alterego","The Immortal","The Problem Sleuth","Yakumo Yukari mod"],"gold_per_floor":[112,112,127,27,52,87,87,112,112,112,36,53,82,92,92,166,166,166,4,4,4,4,4,4,4,4,4,4,4,4,4,4,4,4,4,4,4,4,4,4,4,4,4,4,4,4,4,4,4,4],"floor_reached":51,"language":"ENG","playtime":2137,"items_purged":["PrismaMod:ChloeCommonAttack"],"score":1768,"play_id":"327df020-de5f-4e02-9233-754c7ad74144","local_time":"20210204202358","is_ascension_mode":true,"campfire_choices":[{"data":"PrismaMod:ChloeDiscardRecovery","floor":7.0,"key":"SMITH"},{"data":"PrismaMod:ChloeExcalibur","floor":10.0,"key":"SMITH"},{"data":"PrismaMod:ChloeRhongomyniad","floor":15.0,"key":"SMITH"},{"data":"PrismaMod:ChloeCaladbolg","floor":24.0,"key":"SMITH"},{"data":"PrismaMod:ChloeAnyCommonTrace","floor":27.0,"key":"SMITH"},{"data":"PrismaMod:ChloeRhongomyniad","floor":29.0,"key":"SMITH"},{"floor":32.0,"key":"REST"},{"data":"PrismaMod:ChloeGaeBolg","floor":40.0,"key":"SMITH"},{"data":"PrismaMod:ChloeAnyRareTrace","floor":45.0,"key":"SMITH"},{"data":"PrismaMod:ChloeRitsuka","floor":47.0,"key":"SMITH"},{"floor":49.0,"key":"REST"}],"circlet_count":0,"master_deck":["AscendersBane","PrismaMod:ChloeCommonAttack","PrismaMod:ChloeCommonAttack","PrismaMod:ChloeCommonDefend","PrismaMod:ChloeCommonDefend","PrismaMod:ChloeCommonDefend","PrismaMod:ChloeCommonDefend","PrismaMod:ChloeCheapAttack","PrismaMod:ChloeCheapDefend","PrismaMod:ChloeExcalibur+1","PrismaMod:ChloeCheapAttack","PrismaMod:ChloeDiscardRecovery+1","PrismaMod:ChloeExhaustOne","PrismaMod:ChloeRuleBreaker","PrismaMod:ChloeRhongomyniad+1","PrismaMod:ChloeExcalibur","PrismaMod:ChloeRhongomyniad+1","PrismaMod:ChloeDiscardRecovery","PrismaMod:ChloeCarnivalAttack","PrismaMod:ChloeCaladbolg+1","PrismaMod:ChloeCheapAttackTwo","PrismaMod:ChloeAnyCommonTrace+1","PrismaMod:ChloeExhaustTwo","PrismaMod:ChloeAnyRareTrace+1","PrismaMod:ChloeDiscardRecovery","PrismaMod:ChloeRitsuka+1"],"relics":["PrismaMod:PrismaTraceOn","NeowsBlessing","Vajra","Pocketwatch","Matryoshka","Anchor","Question Card","jedi:HeartOfTheCards","Ectoplasm","Pen Nib","Ginger","HoshigumaDish","Bronze Scales","jedi:crownofsimplicity","Singing Bowl","Sozu","theSleuth:Tectrixcalibur","Orichalcum","Lantern","Molten Egg 2","InkBottle"],"acts_visited":["Exordium","TheCity","TheBeyond"],"potions_floor_usage":[],"damage_taken":[{"damage":0.0,"enemies":"Cultist","floor":1.0,"turns":1.0},{"damage":0.0,"enemies":"Jaw Worm","floor":3.0,"turns":1.0},{"damage":0.0,"enemies":"3 Sentries","floor":6.0,"turns":2.0},{"damage":0.0,"enemies":"Lagavulin","floor":8.0,"turns":3.0},{"damage":0.0,"enemies":"2 Louse","floor":12.0,"turns":2.0},{"damage":0.0,"enemies":"Gremlin Nob","floor":13.0,"turns":1.0},{"damage":0.0,"enemies":"Lots of Slimes","floor":14.0,"turns":3.0},{"damage":36.0,"enemies":"Hexaghost","floor":16.0,"turns":5.0},{"damage":0.0,"enemies":"Chosen","floor":18.0,"turns":2.0},{"damage":11.0,"enemies":"Shell Parasite","floor":22.0,"turns":2.0},{"damage":0.0,"enemies":"Book of Stabbing","floor":23.0,"turns":3.0},{"damage":15.0,"enemies":"Gremlin Leader","floor":25.0,"turns":3.0},{"damage":2.0,"enemies":"Shelled Parasite and Fungi","floor":28.0,"turns":2.0},{"damage":0.0,"enemies":"3 Cultists","floor":30.0,"turns":3.0},{"damage":0.0,"enemies":"Slavers","floor":31.0,"turns":3.0},{"damage":8.0,"enemies":"Automaton","floor":33.0,"turns":6.0},{"damage":0.0,"enemies":"3 Shapes","floor":35.0,"turns":3.0},{"damage":0.0,"enemies":"Orb Walker","floor":38.0,"turns":1.0},{"damage":0.0,"enemies":"4 Shapes","floor":39.0,"turns":5.0},{"damage":0.0,"enemies":"Nemesis","floor":41.0,"turns":3.0},{"damage":20.0,"enemies":"Reptomancer","floor":44.0,"turns":4.0},{"damage":12.0,"enemies":"Spire Growth","floor":48.0,"turns":4.0},{"damage":20.0,"enemies":"Time Eater","floor":50.0,"turns":14.0},{"damage":29.0,"enemies":"Malkuth","floor":51.0,"turns":12.0},{"damage":13.0,"enemies":"Netzach","floor":51.0,"turns":8.0}],"seed_played":"4374096424129522303","potions_obtained":[{"floor":6.0,"key":"ZuzhouPotion:ReiMu"},{"floor":13.0,"key":"PowerPotion"},{"floor":14.0,"key":"Energy Potion"},{"floor":22.0,"key":"AttackPotion"},{"floor":28.0,"key":"jedi:tentaclejuice"},{"floor":31.0,"key":"SteroidPotion"}],"is_trial":false,"path_per_floor":["M","?","M","$","T","E","R","E","T","R","$","M","E","M","R","B",null,"M","$","?","$","M","E","R","E","T","R","M","R","M","E","R","B",null,"M","?","?","M","M","R","E","?","T","E","R","?","R","M","R","B",null,null],"character_chosen":"CHLOE","items_purchased":["PrismaMod:ChloeDiscardRecovery","PrismaMod:ChloeRhongomyniad","Pen Nib"],"campfire_rested":2,"item_purchase_floors":[4,11,19],"current_hp_per_floor":[64,57,57,57,57,57,57,57,57,57,57,57,57,57,57,25,60,60,60,60,60,49,49,49,34,34,34,32,32,32,34,55,47,67,73,73,73,73,73,73,75,75,75,57,57,57,57,47,71,55],"gold":4,"neow_bonus":"THREE_ENEMY_KILL","is_daily":false,"chose_seed":false,"campfire_upgraded":9,"win_rate":0.0,"timestamp":1612437838,"path_taken":["M","?","M","?","?","E","R","E","T","R","$","?","E","M","R","BOSS","M","$","?","$","M","E","R","E","T","R","M","R","?","E","R","BOSS","M","?","?","?","M","R","E","?","T","E","R","?","R","M","R","BOSS"],"items_purchased_type":["Card","Card","Relic"],"build_version":"2020-12-22","purchased_purges":1,"victory":true,"max_hp_per_floor":[71,71,71,71,71,71,71,71,71,71,71,71,71,71,71,71,71,71,71,71,71,71,71,71,71,71,71,71,71,71,73,73,73,73,75,75,75,75,75,75,77,77,77,79,79,79,79,81,81,81],"card_choices":[{"not_picked":["PrismaMod:ChloeCheapDefend","PrismaMod:ChloeExhaustTwo"],"picked":"PrismaMod:ChloeExcalibur","floor":1.0},{"not_picked":["PrismaMod:ChloeCheapDefendTwo","PrismaMod:ChloeBetterTracePools"],"picked":"PrismaMod:ChloeCheapAttack","floor":3.0},{"not_picked":["PrismaMod:ChloeCommonAOEAttack","PrismaMod:ChloeCheapDefend"],"picked":"PrismaMod:ChloeExhaustOne","floor":6.0},{"not_picked":["PrismaMod:ChloeMordred","PrismaMod:ChloeMaid"],"picked":"PrismaMod:ChloeRuleBreaker","floor":8.0},{"not_picked":["PrismaMod:ChloeCheapAttack","PrismaMod:ChloeCheapAttackTwo","PrismaMod:ChloeCheapDefendTwo"],"picked":"PrismaMod:ChloeExcalibur","floor":12.0},{"not_picked":["PrismaMod:ChloeCheapAttack","PrismaMod:ChloeExhaustOne","PrismaMod:ChloeCheapDefendTwo"],"picked":"PrismaMod:ChloeRhongomyniad","floor":13.0},{"not_picked":["PrismaMod:ChloeMaid","PrismaMod:ChloeCommonAOEAttack","PrismaMod:ChloeCheapAttack"],"picked":"PrismaMod:ChloeDiscardRecovery","floor":14.0},{"not_picked":["PrismaMod:ChloeAnyAttackTrace","PrismaMod:ChloeGreatTracePools","PrismaMod:ChloeCarnivalAOEAttack"],"picked":"PrismaMod:ChloeCarnivalAttack","floor":16.0},{"not_picked":["PrismaMod:ChloeBetterTracePools","PrismaMod:ChloeCommonAOEAttack","PrismaMod:ChloeCheapAttackTwo"],"picked":"PrismaMod:ChloeCaladbolg","floor":18.0},{"not_picked":["PrismaMod:ChloeCheapDefendTwo","PrismaMod:ChloeCheapAttack","PrismaMod:ChloeCheapDefend"],"picked":"PrismaMod:ChloeCheapAttackTwo","floor":22.0},{"not_picked":["PrismaMod:ChloeExcalibur","PrismaMod:ChloeCheapDefend","PrismaMod:ChloeRuleBreaker"],"picked":"PrismaMod:ChloeAnyCommonTrace","floor":23.0},{"not_picked":["PrismaMod:ChloeCheapAttackTwo+1","PrismaMod:ChloeCheapDefend","PrismaMod:ChloeUncommonAttack"],"picked":"PrismaMod:ChloeExhaustTwo","floor":25.0},{"not_picked":["PrismaMod:ChloeCheapDefendTwo","PrismaMod:ChloeCommonAOEAttack","PrismaMod:ChloeRhongomyniad","PrismaMod:ChloeEyeOfTheEuryale"],"picked":"SKIP","floor":28.0},{"not_picked":["PrismaMod:ChloeCheapAttackTwo","PrismaMod:ChloeCheapDefend","PrismaMod:ChloeExhaustOne","PrismaMod:ChloeCheapDefendTwo"],"picked":"SKIP","floor":30.0},{"not_picked":["PrismaMod:ChloeCommonAOEAttack","PrismaMod:ChloeExhaustOne","PrismaMod:ChloeEyeOfTheEuryale","PrismaMod:ChloeExhaustTwo"],"picked":"Singing Bowl","floor":31.0},{"not_picked":["PrismaMod:ChloeAnySkillTrace","PrismaMod:ChloeDevil","PrismaMod:ChloeUnlimitedBladeWorks"],"picked":"PrismaMod:ChloeAnyRareTrace","floor":33.0},{"not_picked":["PrismaMod:ChloeUncommonAttack+1","PrismaMod:ChloeCheapAttackTwo","PrismaMod:ChloeEyeOfTheEuryale","PrismaMod:ChloeDemonicTutor"],"picked":"Singing Bowl","floor":35.0},{"not_picked":["PrismaMod:ChloeCheapDefendTwo","PrismaMod:ChloeCheapAttackTwo","PrismaMod:ChloeCommonAOEAttack"],"picked":"PrismaMod:ChloeDiscardRecovery","floor":38.0},{"not_picked":["PrismaMod:ChloeExhaustOne","PrismaMod:ChloeBetterTracePools","PrismaMod:ChloeCheapAttack"],"picked":"PrismaMod:ChloeGaeBolg","floor":39.0},{"not_picked":["PrismaMod:ChloeCommonAOEAttack","PrismaMod:ChloeChristmas","PrismaMod:ChloeCheapAttackTwo","PrismaMod:ChloeUncommonAttack"],"picked":"Singing Bowl","floor":41.0},{"not_picked":["PrismaMod:ChloeCommonAOEAttack+1","PrismaMod:ChloeDoubleRelicSpeed","PrismaMod:ChloeExhaustOne","PrismaMod:ChloeRhongomyniad+1"],"picked":"Singing Bowl","floor":44.0},{"not_picked":["PrismaMod:ChloeUncommonAttack+1","PrismaMod:ChloeCheapAttackTwo+1","PrismaMod:ChloeExhaustOne"],"picked":"PrismaMod:ChloeRitsuka","floor":46.0},{"not_picked":["PrismaMod:ChloeCommonAOEAttack+1","PrismaMod:ChloeCheapAttackTwo+1","PrismaMod:ChloeChristmas","PrismaMod:ChloeExhaustOne"],"picked":"Singing Bowl","floor":48.0}],"player_experience":1278382,"relics_obtained":[{"floor":5.0,"key":"Vajra"},{"floor":6.0,"key":"Pocketwatch"},{"floor":8.0,"key":"Matryoshka"},{"floor":9.0,"key":"Anchor"},{"floor":9.0,"key":"Question Card"},{"floor":13.0,"key":"jedi:HeartOfTheCards"},{"floor":23.0,"key":"Ginger"},{"floor":25.0,"key":"HoshigumaDish"},{"floor":26.0,"key":"Bronze Scales"},{"floor":26.0,"key":"jedi:crownofsimplicity"},{"floor":31.0,"key":"Singing Bowl"},{"floor":41.0,"key":"Orichalcum"},{"floor":43.0,"key":"Lantern"},{"floor":44.0,"key":"Molten Egg 2"},{"floor":46.0,"key":"InkBottle"}],"event_choices":[{"cards_removed":["PrismaMod:ChloeCommonAttack"],"damage_healed":0.0,"max_hp_gain":0.0,"max_hp_loss":0.0,"gold_gain":0.0,"event_name":"Golden Wing","player_choice":"Card Removal","floor":2.0,"gold_loss":0.0,"damage_taken":7.0},{"cards_removed":["PrismaMod:ChloeCommonAttack"],"damage_healed":0.0,"max_hp_gain":0.0,"max_hp_loss":0.0,"gold_gain":0.0,"event_name":"Purifier","player_choice":"Purged","floor":20.0,"gold_loss":0.0,"damage_taken":0.0},{"damage_healed":0.0,"max_hp_gain":0.0,"max_hp_loss":0.0,"gold_gain":0.0,"event_name":"SecretPortal","player_choice":"Ignored","floor":37.0,"gold_loss":0.0,"damage_taken":0.0},{"cards_removed":["PrismaMod:ChloeCommonDefend"],"damage_healed":0.0,"max_hp_gain":0.0,"max_hp_loss":0.0,"gold_gain":0.0,"event_name":"Falling","player_choice":"Removed Skill","floor":42.0,"gold_loss":0.0,"damage_taken":0.0}],"is_beta":false,"boss_relics":[{"not_picked":["jedi:paperlyon","SacredBark"],"picked":"Ectoplasm"},{"not_picked":["Pandora\u0027s Box","SlaversCollar"],"picked":"Sozu"}],"items_purged_floors":[4],"is_endless":false,"potions_floor_spawned":[6,13,14,22,28,31,38,41,48],"ascension_level":18}}