{"host":"wuernuywc9gl215o","time":1612473792,"event":{"mods":["AchievementEnabler","BaseMod","Block Reminder","Highlight Path","Key Reminder","Minty Spire (QoL Compilation)","Permanent Neow","Potion Indicator Mod","Quick Restart","Relic Stats"],"gold_per_floor":[111,125,200,254,265,265,293,312,362,362,362,512,512,526,526,526,526],"floor_reached":16,"language":"ENG","playtime":550,"items_purged":[],"score":200,"play_id":"5af68fe1-0f57-4657-9435-ad4d0de0d095","local_time":"20210204212312","is_ascension_mode":true,"campfire_choices":[{"data":"Cleave","floor":6.0,"key":"SMITH"},{"data":"Bash","floor":11.0,"key":"SMITH"},{"floor":15.0,"key":"REST"}],"circlet_count":0,"master_deck":["AscendersBane","Strike_R+1","Strike_R","Defend_R","Defend_R","Defend_R","Defend_R","Bash+1","Twin Strike","Clothesline+1","Cleave+1","Armaments","Brutality","Ghostly Armor","Doubt","Anger+1"],"relics":["Empty Cage","Molten Egg 2","Nunchaku"],"acts_visited":["Exordium"],"potions_floor_usage":[16],"damage_taken":[{"damage":1.0,"enemies":"Small Slimes","floor":1.0,"turns":5.0},{"damage":3.0,"enemies":"2 Louse","floor":2.0,"turns":3.0},{"damage":4.0,"enemies":"Jaw Worm","floor":5.0,"turns":4.0},{"damage":6.0,"enemies":"Gremlin Nob","floor":7.0,"turns":3.0},{"damage":11.0,"enemies":"Looter","floor":8.0,"turns":3.0},{"damage":3.0,"enemies":"3 Louse","floor":14.0,"turns":3.0},{"damage":28,"enemies":"Slime Boss","floor":16,"turns":5}],"seed_played":"827936836679423100","potions_obtained":[{"floor":5.0,"key":"SneckoOil"},{"floor":7.0,"key":"LiquidBronze"}],"is_trial":false,"path_per_floor":["M","M","?","?","M","R","E","M","T","?","R","?","?","M","R","B"],"character_chosen":"IRONCLAD","items_purchased":[],"campfire_rested":1,"item_purchase_floors":[],"current_hp_per_floor":[67,64,53,53,49,49,43,32,32,32,32,32,9,6,28,0,0],"gold":526,"neow_bonus":"BOSS_RELIC","is_daily":false,"chose_seed":false,"campfire_upgraded":2,"win_rate":0.0,"timestamp":1612473792,"path_taken":["M","M","?","?","M","R","E","M","T","?","R","?","?","M","R","BOSS"],"items_purchased_type":[],"build_version":"2020-12-22","purchased_purges":0,"victory":false,"max_hp_per_floor":[75,75,75,75,75,75,75,75,75,75,75,75,75,75,75,75,75],"relic_stats":{"Nunchaku":[1],"counters":[7,26],"obtain_stats":[{"Nunchaku":9,"Molten Egg 2":7,"Empty Cage":0,"Burning Blood":0},{"Nunchaku":5,"Molten Egg 2":4,"Empty Cage":0,"Burning Blood":0},{"Nunchaku":18,"Molten Egg 2":15,"Empty Cage":0,"Burning Blood":0}]},"card_choices":[{"not_picked":["Sword Boomerang","Clash"],"picked":"Twin Strike","floor":1.0},{"not_picked":["Havoc","Thunderclap"],"picked":"Clothesline","floor":2.0},{"not_picked":["Intimidate","Shrug It Off"],"picked":"Cleave","floor":5.0},{"not_picked":["Sentinel","Warcry"],"picked":"Armaments","floor":7.0},{"not_picked":["Sentinel","Thunderclap+1"],"picked":"Brutality","floor":8.0},{"not_picked":["Clash+1","True Grit"],"picked":"Anger+1","floor":14.0}],"player_experience":821035,"relics_obtained":[{"floor":7.0,"key":"Molten Egg 2"},{"floor":9.0,"key":"Nunchaku"}],"event_choices":[{"damage_healed":0.0,"max_hp_gain":0.0,"max_hp_loss":0.0,"gold_gain":75.0,"event_name":"World of Goop","player_choice":"Gather Gold","floor":3.0,"gold_loss":0.0,"damage_taken":11.0},{"damage_healed":0.0,"max_hp_gain":0.0,"max_hp_loss":0.0,"gold_gain":54.0,"event_name":"Golden Wing","player_choice":"Gained Gold","floor":4.0,"gold_loss":0.0,"damage_taken":0.0},{"damage_healed":0.0,"max_hp_gain":0.0,"max_hp_loss":0.0,"gold_gain":0.0,"cards_transformed":["Strike_R"],"event_name":"Living Wall","player_choice":"Change","floor":10.0,"gold_loss":0.0,"damage_taken":0.0,"cards_obtained":["Ghostly Armor"]},{"damage_healed":0.0,"max_hp_gain":0.0,"max_hp_loss":0.0,"gold_gain":150.0,"event_name":"Liars Game","player_choice":"AGREE","floor":12.0,"gold_loss":0.0,"damage_taken":0.0,"cards_obtained":["Doubt"]},{"damage_healed":0.0,"max_hp_gain":0.0,"max_hp_loss":0.0,"gold_gain":0.0,"event_name":"Shining Light","player_choice":"Entered Light","floor":13.0,"gold_loss":0.0,"damage_taken":23.0,"cards_upgraded":["Strike_R","Clothesline"]}],"is_beta":false,"boss_relics":[],"items_purged_floors":[],"is_endless":false,"potions_floor_spawned":[5,7],"killed_by":"Slime Boss","ascension_level":20}}