{"host":"takgv9cv6xf64vhq","time":1612444766,"event":{"mods":["BaseMod","Colored Powertips","Conspire","Decade(王小明)","Downfall","Energized Spire","Hermit","Hubris","LagranYue(拉格朗・月)","Marisa（F雨　魔理沙）","Minty Spire (QoL Compilation)","Replay The Spire","StSLib","The Cursed","The Hierophant","The Jungle","The Servant 0.9.4","TheHeartMod"],"gold_per_floor":[112,132,144,12,12,42,42,56,56,71,84,116,133,147,147,222,222,237,197,18,33,33,60,60,95,95,112,112,127,144,161,161,238,238,253,253,284,284,304,334,334,127,174,188,138,171,14,45,45,45,45,45,1,26,26,26],"floor_reached":55,"language":"ZHS","playtime":4118,"items_purged":["downfall:Icky","Strike_G"],"score":1646,"play_id":"88e7082c-0978-4ef0-abbd-df4f6f89dbb6","local_time":"20210204211926","is_ascension_mode":true,"campfire_choices":[{"data":"conspire:DoublingDagger","floor":7.0,"key":"SMITH"},{"data":"Cloak And Dagger","floor":15.0,"key":"SMITH"},{"data":"Neutralize","floor":24.0,"key":"SMITH"},{"floor":49.0,"key":"RECALL"},{"data":"After Image","floor":52.0,"key":"SMITH"}],"circlet_count":0,"master_deck":["AscendersBane","Defend_G","Defend_G","Defend_G","Defend_G","Defend_G","Survivor","Neutralize+1","All Out Attack","hubris:SlightOfHand+1","hubris:SlightOfHand+1","conspire:DoublingDagger+1","hubris:SlightOfHand+1","Caltrops","hubris:SlightOfHand+1","Cloak And Dagger+1","Sneak Up","Quick Slash","Prepared","Hidden Blade","Deadly Poison","A Thousand Cuts","Dagger Spray+1","Accuracy","Dagger Throw","Eviscerate","Backflip+1","Slice","Dodge and Roll","Blade Dance+1","Toxin Wave","Reflex","After Image","Noxious Fumes+1","Backflip","Dagger Throw","Backflip","Leg Sweep","Slimebound:CheckThePlaybook+1","After Image+1","ReplayTheSpireMod:Scrap Shanks","Madness","Madness","PiercingWail","Endless Agony+1","Burst","Backflip+1","Prepared","All Out Attack+1","Reflex","Backflip","All Out Attack","Concentrate","Deflect","PiercingWail+1","Malaise","Concentrate+1"],"relics":["hubris:Backtick","LagranYue:NewUniverseRelic","Byrd Skull","Replay:Bottled Eggs","Potion Belt","WristBlade","Bird Faced Urn","Smiling Mask","LagranYue:RareGoldArmorRelic","energizedSpire:NeverEndingSparkler","PreservedInsect","Art of War","DollysMirror","bronze:BronzeIdol","Nunchaku","Oddly Smooth Stone","War Paint","hubris:Metronome"],"acts_visited":["Exordium","TheCity","TheBeyond","TheEnding"],"potions_floor_usage":[55],"damage_taken":[{"damage":2.0,"enemies":"Jaw Worm","floor":1.0,"turns":5.0},{"damage":1.0,"enemies":"Cultist","floor":2.0,"turns":3.0},{"damage":0.0,"enemies":"2 Louse","floor":3.0,"turns":2.0},{"damage":6.0,"enemies":"Gremlin Nob","floor":6.0,"turns":3.0},{"damage":10.0,"enemies":"Red Slaver","floor":8.0,"turns":4.0},{"damage":3.0,"enemies":"Blue Slaver","floor":10.0,"turns":5.0},{"damage":0.0,"enemies":"3 Louse","floor":11.0,"turns":4.0},{"damage":4.0,"enemies":"3 Sentries","floor":12.0,"turns":6.0},{"damage":0.0,"enemies":"2 Fungi Beasts","floor":13.0,"turns":4.0},{"damage":4.0,"enemies":"Looter","floor":14.0,"turns":3.0},{"damage":12.0,"enemies":"Slime Boss","floor":16.0,"turns":9.0},{"damage":0.0,"enemies":"Chosen","floor":18.0,"turns":4.0},{"damage":9.0,"enemies":"3 Byrds","floor":21.0,"turns":4.0},{"damage":15.0,"enemies":"Slavers","floor":23.0,"turns":5.0},{"damage":9.0,"enemies":"Book of Stabbing","floor":25.0,"turns":4.0},{"damage":8.0,"enemies":"Shelled Parasite and Fungi","floor":27.0,"turns":3.0},{"damage":0.0,"enemies":"Snake Plant","floor":29.0,"turns":2.0},{"damage":0.0,"enemies":"Snecko","floor":30.0,"turns":3.0},{"damage":0.0,"enemies":"Chosen and Byrds","floor":31.0,"turns":3.0},{"damage":52.0,"enemies":"hubris:MusketHawk","floor":33.0,"turns":8.0},{"damage":8.0,"enemies":"3 Shapes","floor":35.0,"turns":6.0},{"damage":54.0,"enemies":"conspire:MimicChest","floor":37.0,"turns":6.0},{"damage":3.0,"enemies":"Orb Walker","floor":39.0,"turns":3.0},{"damage":15.0,"enemies":"Reptomancer","floor":40.0,"turns":7.0},{"damage":21.0,"enemies":"Spire Growth","floor":44.0,"turns":5.0},{"damage":0.0,"enemies":"Giant Head","floor":46.0,"turns":3.0},{"damage":0.0,"enemies":"Nemesis","floor":48.0,"turns":5.0},{"damage":37.0,"enemies":"Awakened One","floor":50.0,"turns":10.0},{"damage":0.0,"enemies":"Shield and Spear","floor":54.0,"turns":4.0},{"damage":103,"enemies":"The Heart","floor":55,"turns":5}],"seed_played":"-1995398609698226997","potions_obtained":[{"floor":1.0,"key":"SteroidPotion"},{"floor":2.0,"key":"SteroidPotion"},{"floor":8.0,"key":"Fire Potion"},{"floor":13.0,"key":"Fruit Juice"},{"floor":14.0,"key":"CunningPotion"},{"floor":19.0,"key":"PowerPotion"},{"floor":19.0,"key":"Flashbang"},{"floor":19.0,"key":"SmokeBomb"},{"floor":21.0,"key":"Fire Potion"},{"floor":25.0,"key":"Toxic Potion"},{"floor":27.0,"key":"bronze:BurnAndBuffPotion"},{"floor":30.0,"key":"Strength Potion"},{"floor":35.0,"key":"Regen Potion"},{"floor":39.0,"key":"Weak Potion"},{"floor":40.0,"key":"Strength Potion"},{"floor":54.0,"key":"FearPotion"}],"is_trial":false,"path_per_floor":["M","M","M","$","?","E","R","M","T","M","M","E","M","M","R","B",null,"M","?","$","M","?","E","R","E","T","M","?","M","M","M","R","B",null,"M","?","?","?","M","E","T","$","T","M","$","E","$","E","R","B",null,"R","$","E","B"],"character_chosen":"THE_SILENT","items_purchased":["conspire:DoublingDagger","hubris:SlightOfHand","Accuracy","Dagger Throw","Eviscerate","DollysMirror","Oddly Smooth Stone","PiercingWail+1"],"campfire_rested":0,"item_purchase_floors":[4,4,20,20,20,42,47,53],"current_hp_per_floor":[57,56,56,56,56,50,50,40,40,37,37,33,38,34,34,22,59,59,59,59,50,50,35,35,32,32,28,28,28,34,44,44,2,54,56,43,17,17,26,21,21,21,21,10,10,18,18,30,30,7,55,55,55,65,0,0],"gold":26,"neow_bonus":"BOSS_RELIC","is_daily":false,"chose_seed":true,"campfire_upgraded":4,"win_rate":0.0,"timestamp":1612444766,"path_taken":["M","M","M","$","?","E","R","M","T","?","M","E","M","M","R","BOSS","M","?","$","?","?","E","R","E","T","?","?","M","M","M","R","BOSS","M","?","?","?","M","E","?","$","T","M","$","E","$","E","R","BOSS","R","$","E","BOSS"],"items_purchased_type":["Card","Card","Card","Card","Card","Relic","Relic","Card"],"build_version":"2020-12-22","purchased_purges":2,"victory":false,"max_hp_per_floor":[66,66,66,66,66,66,66,66,66,66,66,66,71,71,71,71,71,71,71,71,71,71,71,71,71,71,71,71,71,71,71,71,71,71,71,71,71,71,71,71,71,71,71,71,71,71,71,71,71,71,71,71,71,71,71,71],"card_choices":[{"not_picked":["Dagger Spray","Sucker Punch"],"picked":"All Out Attack","floor":1.0},{"not_picked":["Heel Hook","ReplayTheSpireMod:Shiv Toss"],"picked":"hubris:SlightOfHand","floor":2.0},{"not_picked":["Sneak Up","hubris:TrickCloak"],"picked":"hubris:SlightOfHand","floor":3.0},{"not_picked":["Backflip","Quick Slash"],"picked":"hubris:SlightOfHand","floor":6.0},{"not_picked":["Poisoned Stab","Blade Dance"],"picked":"Cloak And Dagger","floor":8.0},{"not_picked":["Quick Slash","Accuracy"],"picked":"Sneak Up","floor":10.0},{"not_picked":["Distraction","Night Terror"],"picked":"Quick Slash","floor":11.0},{"not_picked":["Dagger Spray","Dodge and Roll"],"picked":"Prepared","floor":12.0},{"not_picked":["Cloak And Dagger","Bane"],"picked":"Hidden Blade","floor":13.0},{"not_picked":["Setup","Sneak Up"],"picked":"Deadly Poison","floor":14.0},{"not_picked":["Storm of Steel","Doppelganger"],"picked":"A Thousand Cuts","floor":16.0},{"not_picked":["Bane","ReplayTheSpireMod:Exploit Weakness"],"picked":"Dagger Spray+1","floor":18.0},{"not_picked":["Outmaneuver","Quick Slash"],"picked":"Backflip+1","floor":21.0},{"not_picked":["Poisoned Stab","hubris:Sniper"],"picked":"Slice","floor":23.0},{"not_picked":["hubris:TrickCloak","ReplayTheSpireMod:Shiv Toss"],"picked":"Dodge and Roll","floor":25.0},{"not_picked":["Concentrate","Endless Agony"],"picked":"Blade Dance","floor":27.0},{"not_picked":["ReplayTheSpireMod:Exploit Weakness","hubris:Counter","Sneak Up"],"picked":"SKIP","floor":27.0},{"not_picked":["hubris:Counter","Outmaneuver"],"picked":"After Image","floor":29.0},{"not_picked":["Deflect+1","hubris:SlightOfHand"],"picked":"Noxious Fumes+1","floor":29.0},{"not_picked":["ReplayTheSpireMod:From All Sides","Underhanded Strike"],"picked":"Backflip","floor":30.0},{"not_picked":["Flying Knee","Quick Slash+1"],"picked":"Dagger Throw","floor":30.0},{"not_picked":["Outmaneuver","Dagger Spray"],"picked":"Backflip","floor":31.0},{"not_picked":["Crippling Poison","Bouncing Flask"],"picked":"Leg Sweep","floor":31.0},{"not_picked":["Phantasmal Killer","ReplayTheSpireMod:Necrosis"],"picked":"After Image","floor":33.0},{"not_picked":["Quick Slash","Dagger Spray+1"],"picked":"ReplayTheSpireMod:Scrap Shanks","floor":35.0},{"not_picked":["Outmaneuver","Cloak And Dagger"],"picked":"PiercingWail","floor":37.0},{"not_picked":["Sucker Punch","hubris:Counter"],"picked":"Endless Agony+1","floor":37.0},{"not_picked":["Slice","Distraction"],"picked":"Burst","floor":39.0},{"not_picked":["PiercingWail","Dagger Spray"],"picked":"Backflip+1","floor":39.0},{"not_picked":["Bane","Accuracy"],"picked":"Prepared","floor":40.0},{"not_picked":["Toxin Wave","Bane+1"],"picked":"All Out Attack+1","floor":40.0},{"not_picked":["Slice","Poisoned Stab"],"picked":"Backflip","floor":44.0},{"not_picked":["Cloak And Dagger","Dagger Spray","Eviscerate"],"picked":"SKIP","floor":44.0},{"not_picked":["Catalyst+1","Deadly Poison"],"picked":"All Out Attack","floor":46.0},{"not_picked":["A Thousand Cuts","ReplayTheSpireMod:Necrosis","Burst"],"picked":"SKIP","floor":46.0},{"not_picked":["Unload","Crippling Poison"],"picked":"Concentrate","floor":48.0},{"not_picked":["Cloak And Dagger","Deadly Poison"],"picked":"Deflect","floor":48.0},{"not_picked":["ReplayTheSpireMod:Exploit Weakness","Bane"],"picked":"Malaise","floor":54.0},{"not_picked":["Bane","ReplayTheSpireMod:From All Sides"],"picked":"Concentrate+1","floor":54.0}],"player_experience":396532,"relics_obtained":[{"floor":6.0,"key":"Byrd Skull"},{"floor":9.0,"key":"Replay:Bottled Eggs"},{"floor":12.0,"key":"Potion Belt"},{"floor":23.0,"key":"Bird Faced Urn"},{"floor":25.0,"key":"Smiling Mask"},{"floor":26.0,"key":"LagranYue:RareGoldArmorRelic"},{"floor":37.0,"key":"PreservedInsect"},{"floor":40.0,"key":"Art of War"},{"floor":43.0,"key":"bronze:BronzeIdol"},{"floor":46.0,"key":"Nunchaku"},{"floor":48.0,"key":"War Paint"},{"floor":54.0,"key":"hubris:Metronome"}],"event_choices":[{"damage_healed":0.0,"max_hp_gain":0.0,"max_hp_loss":0.0,"gold_gain":0.0,"cards_transformed":["Strike_G"],"event_name":"Transmorgrifier","player_choice":"Transformed","floor":5.0,"gold_loss":0.0,"damage_taken":0.0,"cards_obtained":["Caltrops"]},{"damage_healed":0.0,"max_hp_gain":0.0,"max_hp_loss":0.0,"gold_gain":0.0,"event_name":"The Woman in Blue","player_choice":"Bought 3 Potions","floor":19.0,"gold_loss":0.0,"damage_taken":0.0},{"cards_removed":["Strike_G"],"damage_healed":0.0,"max_hp_gain":0.0,"max_hp_loss":0.0,"gold_gain":0.0,"event_name":"Purifier","player_choice":"Purged","floor":22.0,"gold_loss":0.0,"damage_taken":0.0},{"damage_healed":0.0,"max_hp_gain":0.0,"max_hp_loss":0.0,"gold_gain":0.0,"cards_transformed":["Strike_G","Strike_G"],"event_name":"Drug Dealer","player_choice":"Became Test Subject","floor":28.0,"gold_loss":0.0,"damage_taken":0.0,"cards_obtained":["Toxin Wave","Reflex"]},{"damage_healed":0.0,"max_hp_gain":0.0,"max_hp_loss":0.0,"gold_gain":0.0,"event_name":"Winding Halls","player_choice":"Embrace Madness","floor":36.0,"gold_loss":0.0,"damage_taken":13.0,"cards_obtained":["Madness","Madness"]},{"damage_healed":0.0,"max_hp_gain":0.0,"max_hp_loss":0.0,"gold_gain":0.0,"event_name":"Tomb of Lord Red Mask","player_choice":"Ignored","floor":38.0,"gold_loss":0.0,"damage_taken":0.0}],"is_beta":false,"boss_relics":[{"not_picked":["Busted Crown","conspire:SpecialSausage"],"picked":"WristBlade"},{"not_picked":["Astrolabe","Replay:Fungal Core"],"picked":"energizedSpire:NeverEndingSparkler"}],"items_purged_floors":[42,45],"is_endless":false,"potions_floor_spawned":[1,2,8,13,14,21,25,27,30,35,39,40,54],"killed_by":"The Heart","ascension_level":16}}