{"host":"4rvakrj1idbgia3f","time":1612426864,"event":{"mods":["BaseMod","Colored Map","Colored Powertips","DeckTracker","Highlight Path","Minty Spire (QoL Compilation)","Random Character Button","StSLib"],"gold_per_floor":[117,117,1,20,20,20,31,64,91,125,125,125,125,138,138,234,234,249,249,264,264,287,287,287,287,287,287,287],"floor_reached":27,"language":"JPN","playtime":861,"items_purged":["Defend_R"],"score":513,"play_id":"4a1573fa-13fe-4d4d-9276-c2cc9ed6aec6","local_time":"20210204172104","is_ascension_mode":true,"campfire_choices":[{"data":"Hemokinesis","floor":6.0,"key":"SMITH"},{"data":"True Grit","floor":11.0,"key":"SMITH"},{"data":"Intimidate","floor":13.0,"key":"SMITH"},{"data":"Whirlwind","floor":15.0,"key":"SMITH"},{"data":"Sword Boomerang","floor":23,"key":"SMITH"},{"data":"Blood for Blood","floor":25,"key":"SMITH"}],"circlet_count":0,"master_deck":["AscendersBane","Defend_R","Defend_R","Defend_R","Bash+1","Wild Strike+1","Hemokinesis+1","Intimidate+1","Headbutt","True Grit+1","Whirlwind+1","Spot Weakness","Bite","Bite","Bite","Bite","Bite","Blood for Blood+1","Sword Boomerang+1","J.A.X."],"relics":["Black Blood","FaceOfCleric","Strawberry","Happy Flower","HornCleat","Golden Idol","Self Forming Clay"],"acts_visited":["Exordium","TheCity"],"potions_floor_usage":[20,27],"damage_taken":[{"damage":3.0,"enemies":"2 Louse","floor":1.0,"turns":2.0},{"damage":0.0,"enemies":"Cultist","floor":4.0,"turns":2.0},{"damage":0.0,"enemies":"Small Slimes","floor":7.0,"turns":3.0},{"damage":24.0,"enemies":"3 Sentries","floor":8.0,"turns":7.0},{"damage":2.0,"enemies":"Gremlin Nob","floor":10.0,"turns":2.0},{"damage":0.0,"enemies":"Looter","floor":14.0,"turns":3.0},{"damage":45.0,"enemies":"The Guardian","floor":16.0,"turns":9.0},{"damage":13,"enemies":"2 Thieves","floor":18,"turns":4},{"damage":2,"enemies":"Spheric Guardian","floor":20,"turns":3},{"damage":29,"enemies":"Centurion and Healer","floor":22,"turns":7},{"damage":70,"enemies":"Gremlin Leader","floor":27,"turns":6}],"seed_played":"7431732440352898813","potions_obtained":[{"floor":7.0,"key":"DuplicationPotion"},{"floor":8.0,"key":"ColorlessPotion"},{"floor":14.0,"key":"DistilledChaos"},{"floor":20,"key":"Weak Potion"}],"is_trial":false,"path_per_floor":["M","?","$","M","?","R","M","E","T","E","R","?","R","M","R","B",null,"M","?","M","?","M","R","?","R","T","E"],"character_chosen":"IRONCLAD","items_purchased":["Hemokinesis"],"campfire_rested":0,"item_purchase_floors":[3],"current_hp_per_floor":[71,71,71,75,75,75,76,66,66,71,71,71,71,78,78,40,69,69,56,57,57,49,49,49,49,49,0,0],"gold":287,"neow_bonus":"UPGRADE_CARD","is_daily":false,"chose_seed":false,"campfire_upgraded":6,"win_rate":0.0,"timestamp":1612426864,"path_taken":["M","?","$","M","?","R","?","E","T","E","R","?","R","M","R","BOSS","M","?","M","?","M","R","?","R","T","E"],"items_purchased_type":["Card"],"build_version":"2020-12-22","purchased_purges":1,"victory":false,"max_hp_per_floor":[75,75,75,75,75,75,76,84,84,85,85,77,77,78,78,79,79,80,56,57,57,58,58,58,58,58,58,58],"card_choices":[{"not_picked":["True Grit","Flame Barrier"],"picked":"Wild Strike","floor":1.0},{"not_picked":["Anger","Thunderclap","Sword Boomerang"],"picked":"SKIP","floor":4.0},{"not_picked":["Perfected Strike","Entrench"],"picked":"Intimidate","floor":7.0},{"not_picked":["Reckless Charge","Seeing Red"],"picked":"Headbutt","floor":8.0},{"not_picked":["Hemokinesis","Clash"],"picked":"True Grit","floor":10.0},{"not_picked":["Double Tap","Body Slam"],"picked":"Whirlwind","floor":14.0},{"not_picked":["Clothesline","Reckless Charge"],"picked":"Spot Weakness","floor":18},{"not_picked":["Havoc","Fire Breathing"],"picked":"Blood for Blood","floor":20}],"player_experience":2212610,"relics_obtained":[{"floor":8.0,"key":"Strawberry"},{"floor":9.0,"key":"Happy Flower"},{"floor":10.0,"key":"HornCleat"},{"floor":26,"key":"Self Forming Clay"}],"event_choices":[{"damage_healed":0.0,"max_hp_gain":0.0,"max_hp_loss":0.0,"gold_gain":0.0,"event_name":"Living Wall","player_choice":"Grow","floor":2.0,"gold_loss":0.0,"damage_taken":0.0,"cards_upgraded":["Wild Strike"]},{"damage_healed":0.0,"max_hp_gain":0.0,"max_hp_loss":0.0,"gold_gain":0.0,"event_name":"FaceTrader","player_choice":"Trade","floor":5.0,"gold_loss":0.0,"damage_taken":0.0,"relics_obtained":["FaceOfCleric"]},{"damage_healed":0.0,"max_hp_gain":0.0,"max_hp_loss":8.0,"gold_gain":0.0,"event_name":"Golden Idol","player_choice":"Lose Max HP","floor":12.0,"gold_loss":0.0,"damage_taken":0.0,"relics_obtained":["Golden Idol"]},{"damage_healed":0,"gold_gain":0,"player_choice":"Became a vampire","damage_taken":0,"max_hp_gain":0,"max_hp_loss":24,"event_name":"Vampires","floor":19,"gold_loss":0,"cards_obtained":["Bite","Bite","Bite","Bite","Bite"]},{"damage_healed":0,"gold_gain":0,"player_choice":"Read","damage_taken":0,"max_hp_gain":0,"max_hp_loss":0,"event_name":"The Library","floor":21,"gold_loss":0,"cards_obtained":["Sword Boomerang"]},{"damage_healed":0,"gold_gain":0,"player_choice":"Obtain J.A.X.","damage_taken":0,"max_hp_gain":0,"max_hp_loss":0,"event_name":"Drug Dealer","floor":24,"gold_loss":0,"cards_obtained":["J.A.X."]}],"is_beta":false,"boss_relics":[{"not_picked":["Black Star","Runic Cube"],"picked":"Black Blood"}],"items_purged_floors":[3],"is_endless":false,"potions_floor_spawned":[7,8,14,20],"killed_by":"Gremlin Leader","ascension_level":20}}