{"host":"p1xsuo25udtrkbq2","time":1612425677,"event":{"mods":["BaseMod","Colored Map","Googly Eyes","Highlight Path","Minty Spire (QoL Compilation)","Quick Restart","Rare Cards Sparkle","Relic Stats","Slay the Relics Exporter","StSLib","everything is the same but u backflip on backflip"],"gold_per_floor":[110,126,141,9,26,26,54,73,145,110,143,143,170,180,180,253,253,271,271,288,288,306,341,357,124,172,172,201,201,71,87,87,161,161,180,180,230,241,28,28,28,38,38,64,75,75,0,33,33,33],"floor_reached":51,"language":"ENG","playtime":4475,"items_purged":["Skewer","Strike_G+1","Strike_G+1"],"score":1415,"play_id":"e3bab3c7-d61f-4870-af6d-a95d57ecd289","local_time":"20210204030117","is_ascension_mode":true,"campfire_choices":[{"data":"Wraith Form v2","floor":6,"key":"SMITH"},{"floor":12,"key":"REST"},{"floor":15,"key":"REST"},{"floor":27,"key":"REST"},{"floor":29,"key":"REST"},{"data":"Terror","floor":32,"key":"SMITH"},{"data":"Outmaneuver","floor":40,"key":"SMITH"},{"floor":49,"key":"REST"}],"circlet_count":0,"master_deck":["AscendersBane","Strike_G+1","Strike_G+1","Defend_G+1","Defend_G+1","Defend_G+1","Defend_G+1","Defend_G+1","Survivor","Neutralize","Blade Dance","Cloak And Dagger","Wraith Form v2+1","Blade Dance","Terror+1","Tools of the Trade","Calculated Gamble","Phantasmal Killer","Choke+1","Dodge and Roll","Tactician","Blind","Setup+1","PiercingWail","Cloak And Dagger","Dodge and Roll+1","Bullet Time","CurseOfTheBell","Outmaneuver+1","The Bomb","Calculated Gamble","Escape Plan+1","PiercingWail+1","Accuracy+1"],"relics":["Ring of the Snake","NeowsBlessing","Ninja Scroll","Bottled Lightning","Unceasing Top","Strawberry","Runic Pyramid","Smiling Mask","Dream Catcher","Regal Pillow","Calling Bell","Omamori","Meat on the Bone","CaptainsWheel","Oddly Smooth Stone","Du-Vu Doll","Kunai","Red Mask","Torii"],"acts_visited":["Exordium","TheCity","TheBeyond"],"potions_floor_usage":[5,7,11,28,33,33,50],"damage_taken":[{"damage":0,"enemies":"2 Louse","floor":1,"turns":1},{"damage":0,"enemies":"Small Slimes","floor":2,"turns":1},{"damage":0,"enemies":"Cultist","floor":3,"turns":1},{"damage":7,"enemies":"Lots of Slimes","floor":5,"turns":5},{"damage":3,"enemies":"Gremlin Nob","floor":7,"turns":5},{"damage":19,"enemies":"Large Slime","floor":8,"turns":6},{"damage":19,"enemies":"3 Sentries","floor":11,"turns":8},{"damage":11,"enemies":"Gremlin Nob","floor":13,"turns":4},{"damage":5,"enemies":"3 Louse","floor":14,"turns":4},{"damage":31,"enemies":"Hexaghost","floor":16,"turns":12},{"damage":23,"enemies":"2 Thieves","floor":18,"turns":4},{"damage":7,"enemies":"Spheric Guardian","floor":20,"turns":6},{"damage":2,"enemies":"Chosen and Byrds","floor":22,"turns":4},{"damage":24,"enemies":"Gremlin Leader","floor":23,"turns":6},{"damage":1,"enemies":"Snecko","floor":24,"turns":5},{"damage":17,"enemies":"Book of Stabbing","floor":28,"turns":5},{"damage":5,"enemies":"Snake Plant","floor":31,"turns":5},{"damage":20,"enemies":"Champ","floor":33,"turns":8},{"damage":0,"enemies":"3 Shapes","floor":35,"turns":8},{"damage":0,"enemies":"Orb Walker","floor":38,"turns":2},{"damage":49,"enemies":"Spire Growth","floor":42,"turns":8},{"damage":0,"enemies":"Reptomancer","floor":44,"turns":5},{"damage":4,"enemies":"4 Shapes","floor":45,"turns":9},{"damage":0,"enemies":"Nemesis","floor":48,"turns":7},{"damage":56,"enemies":"Donu and Deca","floor":50,"turns":10}],"seed_played":"5300033437618814548","potions_obtained":[{"floor":3,"key":"Block Potion"},{"floor":8,"key":"Fire Potion"},{"floor":11,"key":"SpeedPotion"},{"floor":14,"key":"Swift Potion"},{"floor":18,"key":"FearPotion"},{"floor":23,"key":"Block Potion"},{"floor":31,"key":"CultistPotion"},{"floor":38,"key":"GhostInAJar"},{"floor":45,"key":"DistilledChaos"}],"is_trial":false,"path_per_floor":["M","M","M","$","M","R","E","M","T","?","E","R","E","M","R","B",null,"M","?","M","?","M","E","M","$","T","R","E","R","$","M","R","B",null,"M","?","?","M","$","R","?","M","T","E","M","?","?","E","R","B",null],"character_chosen":"THE_SILENT","items_purchased":["Wraith Form v2","FearPotion","Blind","GamblersBrew","Regen Potion","Oddly Smooth Stone"],"campfire_rested":5,"item_purchase_floors":[4,4,25,25,30,39],"current_hp_per_floor":[59,59,59,59,52,52,49,30,30,30,11,30,26,21,42,11,58,35,35,28,28,26,2,1,1,1,22,5,41,41,36,36,31,63,63,53,53,53,53,53,53,16,16,28,36,36,36,48,73,29],"gold":33,"neow_bonus":"THREE_ENEMY_KILL","is_daily":false,"chose_seed":false,"campfire_upgraded":3,"win_rate":0.0,"timestamp":1612425677,"path_taken":["M","M","M","$","M","R","E","M","T","?","E","R","E","M","R","BOSS","M","?","M","?","M","E","?","$","T","R","E","R","?","M","R","BOSS","M","?","?","?","$","R","?","M","T","E","?","?","?","E","R","BOSS"],"items_purchased_type":["Card","Potion","Card","Potion","Potion","Relic"],"build_version":"2020-12-22","purchased_purges":3,"victory":true,"max_hp_per_floor":[66,66,66,66,66,66,66,66,66,66,66,66,73,73,73,73,73,73,73,73,73,73,73,73,73,73,73,73,73,73,73,73,73,73,73,73,73,73,73,73,73,73,73,73,73,73,73,73,73,73],"relic_stats":{"Dream Catcher":3,"Regal Pillow":19,"Torii":0,"counters":[25,139],"Kunai":[11],"Smiling Mask":150,"obtain_stats":[{"Regal Pillow":28,"NeowsBlessing":0,"Torii":48,"Oddly Smooth Stone":39,"Omamori":34,"Smiling Mask":23,"Calling Bell":34,"Du-Vu Doll":43,"Dream Catcher":26,"CaptainsWheel":34,"Ninja Scroll":7,"Strawberry":13,"Red Mask":47,"Bottled Lightning":9,"Kunai":44,"Unceasing Top":11,"Ring of the Snake":0,"Runic Pyramid":17,"Meat on the Bone":34},{"Regal Pillow":16,"NeowsBlessing":0,"Torii":24,"Oddly Smooth Stone":20,"Omamori":18,"Smiling Mask":14,"Calling Bell":18,"Du-Vu Doll":21,"Dream Catcher":15,"CaptainsWheel":18,"Ninja Scroll":5,"Strawberry":8,"Red Mask":23,"Bottled Lightning":6,"Kunai":22,"Unceasing Top":7,"Ring of the Snake":0,"Runic Pyramid":10,"Meat on the Bone":18},{"Regal Pillow":77,"NeowsBlessing":0,"Torii":129,"Oddly Smooth Stone":100,"Omamori":90,"Smiling Mask":67,"Calling Bell":90,"Du-Vu Doll":108,"Dream Catcher":72,"CaptainsWheel":90,"Ninja Scroll":13,"Strawberry":31,"Red Mask":122,"Bottled Lightning":19,"Kunai":113,"Unceasing Top":27,"Ring of the Snake":0,"Runic Pyramid":47,"Meat on the Bone":90}],"Unceasing Top":[0],"Ring of the Snake":[50],"Meat on the Bone":60},"card_choices":[{"not_picked":["Deflect","Acrobatics"],"picked":"Blade Dance","floor":1},{"not_picked":["Quick Slash","Flying Knee"],"picked":"Cloak And Dagger","floor":2},{"not_picked":["Expertise","Slice"],"picked":"Skewer","floor":3},{"not_picked":["Cloak And Dagger","Deadly Poison"],"picked":"Well Laid Plans","floor":5},{"not_picked":["Setup","Deflect"],"picked":"Blade Dance","floor":7},{"not_picked":["Noxious Fumes","Dagger Spray"],"picked":"Terror","floor":8},{"not_picked":["Outmaneuver","Setup"],"picked":"Tools of the Trade","floor":11},{"not_picked":["Infinite Blades","Tactician","Terror"],"picked":"SKIP","floor":13},{"not_picked":["Prepared","Dodge and Roll"],"picked":"Calculated Gamble","floor":14},{"not_picked":["Storm of Steel","Envenom"],"picked":"Phantasmal Killer","floor":16},{"not_picked":["Slice+1","Bane","Heel Hook"],"picked":"SKIP","floor":18},{"not_picked":["Backflip","Dodge and Roll"],"picked":"Choke+1","floor":20},{"not_picked":["Dagger Spray","Backflip"],"picked":"Dodge and Roll","floor":22},{"not_picked":["Underhanded Strike","Sucker Punch","All Out Attack"],"picked":"SKIP","floor":23},{"not_picked":["Well Laid Plans","Quick Slash"],"picked":"Tactician","floor":24},{"not_picked":["Dagger Throw","Deflect"],"picked":"Setup+1","floor":27},{"not_picked":["Envenom","Quick Slash"],"picked":"PiercingWail","floor":28},{"not_picked":["PiercingWail","Flechettes"],"picked":"Cloak And Dagger","floor":29},{"not_picked":["Choke","Cloak And Dagger"],"picked":"Dodge and Roll+1","floor":31},{"not_picked":["Phantasmal Killer","Unload"],"picked":"Bullet Time","floor":33},{"not_picked":["Bane+1","Quick Slash"],"picked":"Outmaneuver","floor":35},{"not_picked":["Enlightenment","Impatience"],"picked":"The Bomb","floor":36},{"not_picked":["Eviscerate","Poisoned Stab+1","Quick Slash+1"],"picked":"SKIP","floor":38},{"not_picked":["Outmaneuver","Predator","Deadly Poison+1"],"picked":"SKIP","floor":42},{"not_picked":["Well Laid Plans","Deadly Poison"],"picked":"Escape Plan+1","floor":44},{"not_picked":["Underhanded Strike","Slice"],"picked":"PiercingWail+1","floor":45},{"not_picked":["Venomology","Storm of Steel","Deadly Poison"],"picked":"SKIP","floor":48},{"not_picked":["Backflip","Flying Knee"],"picked":"Accuracy+1","floor":49}],"player_experience":979414,"relics_obtained":[{"floor":7,"key":"Ninja Scroll"},{"floor":9,"key":"Bottled Lightning"},{"floor":11,"key":"Unceasing Top"},{"floor":13,"key":"Strawberry"},{"floor":23,"key":"Smiling Mask"},{"floor":26,"key":"Dream Catcher"},{"floor":28,"key":"Regal Pillow"},{"floor":34,"key":"Omamori"},{"floor":34,"key":"Meat on the Bone"},{"floor":34,"key":"CaptainsWheel"},{"floor":43,"key":"Du-Vu Doll"},{"floor":44,"key":"Kunai"},{"floor":48,"key":"Torii"}],"event_choices":[{"damage_healed":0,"gold_gain":0,"player_choice":"Left Gold","damage_taken":0,"max_hp_gain":0,"max_hp_loss":0,"event_name":"World of Goop","floor":10,"gold_loss":35},{"damage_healed":0,"gold_gain":0,"player_choice":"Simplicity","damage_taken":0,"max_hp_gain":0,"max_hp_loss":0,"event_name":"Back to Basics","floor":19,"gold_loss":0,"cards_upgraded":["Strike_G","Strike_G","Strike_G","Strike_G","Strike_G","Defend_G","Defend_G","Defend_G","Defend_G","Defend_G"]},{"damage_healed":0,"gold_gain":0,"cards_transformed":["Well Laid Plans"],"player_choice":"Transformed","damage_taken":0,"max_hp_gain":0,"max_hp_loss":0,"event_name":"Transmorgrifier","floor":21,"gold_loss":0,"cards_obtained":["Sucker Punch"]},{"damage_healed":0,"gold_gain":0,"player_choice":"Memory 3","damage_taken":10,"max_hp_gain":0,"max_hp_loss":0,"event_name":"SensoryStone","floor":36,"gold_loss":0},{"damage_healed":0,"gold_gain":50,"player_choice":"Pray","damage_taken":0,"max_hp_gain":0,"max_hp_loss":0,"event_name":"Golden Shrine","floor":37,"gold_loss":0},{"damage_healed":0,"gold_gain":0,"cards_transformed":["Sucker Punch"],"player_choice":"Transformed","damage_taken":0,"max_hp_gain":0,"max_hp_loss":0,"event_name":"Transmorgrifier","floor":41,"gold_loss":0,"cards_obtained":["Calculated Gamble"]},{"cards_removed":["Strike_G"],"damage_healed":0,"gold_gain":0,"player_choice":"Removed Attack","damage_taken":0,"max_hp_gain":0,"max_hp_loss":0,"event_name":"Falling","floor":46,"gold_loss":0},{"damage_healed":0,"gold_gain":0,"player_choice":"Paid","damage_taken":0,"relics_obtained":["Red Mask"],"max_hp_gain":0,"max_hp_loss":0,"event_name":"Tomb of Lord Red Mask","floor":47,"gold_loss":75}],"is_beta":false,"boss_relics":[{"not_picked":["Tiny House","WristBlade"],"picked":"Runic Pyramid"},{"not_picked":["Pandora\u0027s Box","Snecko Eye"],"picked":"Calling Bell"}],"items_purged_floors":[25,30,39],"is_endless":false,"potions_floor_spawned":[3,8,11,14,18,22,23,31,38,45,48],"ascension_level":17}}