{"host":"takgv9cv6xf64vhq","time":1612436907,"event":{"mods":["BaseMod","Colored Powertips","Conspire","Decade(王小明)","Downfall","Energized Spire","Hermit","Hubris","LagranYue(拉格朗・月)","Marisa（F雨　魔理沙）","Minty Spire (QoL Compilation)","Replay The Spire","StSLib","The Cursed","The Hierophant","The Jungle","The Servant 0.9.4","TheHeartMod"],"gold_per_floor":[118,59,128,143,155,155,155,167,213,233,233,41,41,67,67,67,67],"floor_reached":16,"language":"ZHS","playtime":593,"items_purged":["Pain"],"score":180,"play_id":"35734cc1-7c3d-4258-856d-185de07a9262","local_time":"20210204190827","is_ascension_mode":true,"campfire_choices":[{"data":"Draining Mist","floor":6,"key":"SMITH"},{"floor":11,"key":"REST"},{"data":"Terror","floor":13,"key":"SMITH"},{"data":"Neutralize","floor":15,"key":"SMITH"}],"circlet_count":0,"master_deck":["AscendersBane","Strike_G","Strike_G","Strike_G","Strike_G","Strike_G","Defend_G","Defend_G","Defend_G","Defend_G","Defend_G","Survivor","Neutralize+1","Deflect","Sneak Up+1","Draining Mist+1","Terror+1","Backflip","Blade Dance","Accuracy","Bane","Blur"],"relics":["Black Star","Mirror","WarpedTongs","Bag of Marbles","hubris:OldNail","Paper Crane"],"acts_visited":["Exordium"],"potions_floor_usage":[16,16],"damage_taken":[{"damage":9,"enemies":"Cultist","floor":1,"turns":6},{"damage":19,"enemies":"Jaw Worm","floor":4,"turns":7},{"damage":7,"enemies":"Small Slimes","floor":5,"turns":5},{"damage":11,"enemies":"3 Louse","floor":8,"turns":7},{"damage":9,"enemies":"Looter","floor":10,"turns":4},{"damage":8,"enemies":"3 Sentries","floor":14,"turns":10},{"damage":16,"enemies":"Slime Boss","floor":16,"turns":3}],"seed_played":"-5230330555428479058","potions_obtained":[{"floor":5,"key":"Block Potion"},{"floor":10,"key":"PowerPotion"}],"is_trial":false,"path_per_floor":["M","$","T","M","M","R","?","M","T","M","R","$","R","E","R","B"],"character_chosen":"THE_SILENT","items_purchased":["Sneak Up+1","Accuracy","Bane"],"campfire_rested":1,"item_purchase_floors":[2,12,12],"current_hp_per_floor":[50,50,50,31,24,24,24,13,13,4,23,23,23,15,15,0,0],"gold":67,"neow_bonus":"BOSS_RELIC","is_daily":false,"chose_seed":true,"campfire_upgraded":3,"win_rate":0.0,"timestamp":1612436907,"path_taken":["M","$","?","M","?","R","?","M","T","?","R","?","R","E","R","BOSS"],"items_purchased_type":["Card","Card","Card"],"build_version":"2020-12-22","purchased_purges":1,"victory":false,"max_hp_per_floor":[66,66,66,66,66,66,66,66,66,66,66,66,66,66,66,66,66],"card_choices":[{"not_picked":["Bane","Dash"],"picked":"Deflect","floor":1},{"not_picked":["Setup","Dagger Throw"],"picked":"Draining Mist","floor":4},{"not_picked":["Sucker Punch","Quick Slash"],"picked":"Terror","floor":5},{"not_picked":["Leg Sweep","Catalyst"],"picked":"Backflip","floor":8},{"not_picked":["Sneak Up","Draining Mist"],"picked":"Blade Dance","floor":10},{"not_picked":["All Out Attack","Distraction"],"picked":"Blur","floor":14}],"player_experience":393254,"relics_obtained":[{"floor":3,"key":"Mirror"},{"floor":9,"key":"Bag of Marbles"},{"floor":14,"key":"hubris:OldNail"},{"floor":14,"key":"Paper Crane"}],"event_choices":[{"damage_healed":0,"gold_gain":0,"player_choice":"Rummage","damage_taken":0,"relics_obtained":["WarpedTongs"],"max_hp_gain":0,"max_hp_loss":0,"event_name":"Accursed Blacksmith","floor":7,"gold_loss":0,"cards_obtained":["Pain"]}],"is_beta":false,"boss_relics":[],"items_purged_floors":[12],"is_endless":false,"potions_floor_spawned":[5,10],"killed_by":"Slime Boss","ascension_level":16}}