{"host":"oehe2dxjvdgux73m","time":1612445423,"event":{"mods":["AchievementEnabler","BaseMod","Colored Map","Colored Powertips","DeckTracker","Keyboard Shortcuts","Minty Spire (QoL Compilation)","Permanent Neow","Quick Restart","StSLib","SuperFastMode"],"gold_per_floor":[117,117,42,67,67,67,105,105,185,205,218,243,243,257,257,353,353,306,325,325,136,156,156,191,191,191,191,210,230,230,230,230,305,305,323,323,338,353,369,369,396,396,396,38,52,78,98,98,98,98,98],"floor_reached":52,"language":"KOR","playtime":2455,"items_purged":["Strike_G","Defend_G"],"score":1928,"play_id":"868cfea1-6140-45d7-8aca-9a1cdc288d58","local_time":"20210204223023","is_ascension_mode":true,"campfire_choices":[{"data":"Neutralize","floor":6.0,"key":"SMITH"},{"data":"Backstab","floor":8.0,"key":"SMITH"},{"floor":15.0,"key":"RECALL"},{"floor":23.0,"key":"REST"},{"data":"Venomology","floor":30.0,"key":"SMITH"},{"floor":32.0,"key":"REST"},{"data":"After Image","floor":40.0,"key":"SMITH"},{"data":"Tactician","floor":42.0,"key":"SMITH"},{"data":"Caltrops","floor":49,"key":"SMITH"}],"circlet_count":0,"master_deck":["AscendersBane","Defend_G","Defend_G","Survivor","Neutralize+1","Apotheosis+1","Dagger Throw","Backstab+1","Heel Hook","Tactician+1","Well Laid Plans","Underhanded Strike","Acrobatics","Venomology+1","Blade Dance","PiercingWail","Flash of Steel","Distraction+1","After Image+1","Eviscerate","Blur","Infinite Blades+1","Parasite","Escape Plan","Caltrops+1","Reflex","Concentrate+1","Blade Dance","Dodge and Roll"],"relics":["Ring of the Snake","Bloody Idol","Mercury Hourglass","Meat on the Bone","Empty Cage","Thread and Needle","Centennial Puzzle","WristBlade","Toy Ornithopter","Kunai","Bottled Flame"],"acts_visited":["Exordium","TheCity","TheBeyond"],"potions_floor_usage":[48,50,51],"damage_taken":[{"damage":0.0,"enemies":"2 Louse","floor":1.0,"turns":4.0},{"damage":5.0,"enemies":"Small Slimes","floor":4.0,"turns":5.0},{"damage":14.0,"enemies":"3 Sentries","floor":7.0,"turns":8.0},{"damage":0.0,"enemies":"Cultist","floor":10.0,"turns":3.0},{"damage":0.0,"enemies":"Gremlin Gang","floor":11.0,"turns":3.0},{"damage":2.0,"enemies":"Blue Slaver","floor":12.0,"turns":3.0},{"damage":0.0,"enemies":"3 Louse","floor":14.0,"turns":2.0},{"damage":9.0,"enemies":"Slime Boss","floor":16.0,"turns":8.0},{"damage":9.0,"enemies":"2 Thieves","floor":18.0,"turns":5.0},{"damage":0.0,"enemies":"3 Byrds","floor":19.0,"turns":3.0},{"damage":1.0,"enemies":"Snecko","floor":22.0,"turns":3.0},{"damage":29.0,"enemies":"Book of Stabbing","floor":24.0,"turns":5.0},{"damage":0.0,"enemies":"Centurion and Healer","floor":28.0,"turns":3.0},{"damage":0.0,"enemies":"Snake Plant","floor":29.0,"turns":1.0},{"damage":7.0,"enemies":"Collector","floor":33.0,"turns":8.0},{"damage":0.0,"enemies":"Orb Walker","floor":35.0,"turns":3.0},{"damage":2.0,"enemies":"3 Darklings","floor":37.0,"turns":4.0},{"damage":0.0,"enemies":"Writhing Mass","floor":38.0,"turns":6.0},{"damage":6.0,"enemies":"Transient","floor":39.0,"turns":6.0},{"damage":4.0,"enemies":"Reptomancer","floor":41.0,"turns":5.0},{"damage":12.0,"enemies":"Maw","floor":45.0,"turns":7.0},{"damage":8.0,"enemies":"Nemesis","floor":46.0,"turns":7.0},{"damage":11.0,"enemies":"Sphere and 2 Shapes","floor":47.0,"turns":4.0},{"damage":0,"enemies":"Reptomancer","floor":48,"turns":1},{"damage":29,"enemies":"Time Eater","floor":50,"turns":12},{"damage":36,"enemies":"Donu and Deca","floor":51,"turns":10}],"seed_played":"-1769061382777206560","potions_obtained":[{"floor":4.0,"key":"EntropicBrew"},{"floor":10.0,"key":"Weak Potion"},{"floor":11.0,"key":"AttackPotion"},{"floor":14.0,"key":"CunningPotion"},{"floor":19.0,"key":"CunningPotion"},{"floor":24.0,"key":"SteroidPotion"},{"floor":27.0,"key":"Ancient Potion"},{"floor":27.0,"key":"FearPotion"},{"floor":41.0,"key":"Ancient Potion"},{"floor":46.0,"key":"Explosive Potion"},{"floor":47.0,"key":"Energy Potion"}],"is_trial":false,"path_per_floor":["M","?","$","M","?","R","E","R","T","M","M","M","?","M","R","B",null,"M","M","?","$","M","R","E","?","T","?","M","M","R","?","R","B",null,"M","?","M","M","M","R","E","R","T","$","M","E","M","E","R","B","B",null],"character_chosen":"THE_SILENT","items_purchased":["Flash of Steel","Kunai","Reflex"],"campfire_rested":2,"item_purchase_floors":[21,44,44],"current_hp_per_floor":[59,54,54,49,49,49,35,35,35,35,35,33,26,38,38,29,48,39,39,39,39,38,54,37,37,37,37,42,47,47,47,54,52,54,54,54,54,54,53,53,54,54,54,54,47,51,53,54,54,39,20],"gold":98,"neow_bonus":"RANDOM_COLORLESS_2","is_daily":false,"chose_seed":false,"campfire_upgraded":6,"win_rate":0.0,"timestamp":1612445423,"path_taken":["M","?","$","M","?","R","E","R","T","?","?","M","?","M","R","BOSS","M","M","?","$","?","R","E","?","T","?","?","M","R","?","R","BOSS","M","?","M","M","M","R","E","R","T","$","M","E","M","E","R","BOSS","BOSS"],"items_purchased_type":["Card","Relic","Card"],"build_version":"2020-12-22","purchased_purges":2,"victory":true,"max_hp_per_floor":[60,54,54,54,54,54,54,54,54,54,54,54,54,54,54,54,54,54,54,54,54,54,54,54,54,54,54,54,54,54,54,54,54,54,54,54,54,54,54,54,54,54,54,54,54,54,54,54,54,54,54],"card_choices":[{"not_picked":["Secret Weapon","Sadistic Nature"],"picked":"Apotheosis","floor":0.0},{"not_picked":["Cloak And Dagger","Bane"],"picked":"Dagger Throw","floor":1.0},{"not_picked":["Prepared","Dodge and Roll"],"picked":"Backstab","floor":4.0},{"not_picked":["Prepared","Endless Agony"],"picked":"Heel Hook","floor":7.0},{"not_picked":["Well Laid Plans","Caltrops"],"picked":"Tactician","floor":10.0},{"not_picked":["Poisoned Stab","Flying Knee"],"picked":"Well Laid Plans","floor":11.0},{"not_picked":["Malaise","Deadly Poison"],"picked":"Underhanded Strike","floor":12.0},{"not_picked":["Footwork","Bane"],"picked":"Acrobatics","floor":14.0},{"not_picked":["Unload","Tools of the Trade"],"picked":"Venomology","floor":16.0},{"not_picked":["Dodge and Roll","Slice"],"picked":"Blade Dance","floor":18.0},{"not_picked":["Dodge and Roll+1","Acrobatics"],"picked":"PiercingWail","floor":19.0},{"not_picked":["Flying Knee","Slice"],"picked":"Distraction+1","floor":22.0},{"not_picked":["Phantasmal Killer","Outmaneuver","Underhanded Strike"],"picked":"SKIP","floor":24.0},{"not_picked":["Setup","Expertise","Slice"],"picked":"SKIP","floor":28.0},{"not_picked":["Flying Knee","Sucker Punch","Slice+1"],"picked":"SKIP","floor":29.0},{"not_picked":["Envenom","Malaise"],"picked":"After Image","floor":33.0},{"not_picked":["Concentrate","PiercingWail"],"picked":"Eviscerate","floor":35.0},{"not_picked":["Accuracy","All Out Attack"],"picked":"Infinite Blades+1","floor":37.0},{"not_picked":["Dash","Eviscerate","Flying Knee"],"picked":"SKIP","floor":38.0},{"not_picked":["Tactician","Eviscerate"],"picked":"Escape Plan","floor":39.0},{"not_picked":["Bane","Outmaneuver+1"],"picked":"Caltrops","floor":41.0},{"not_picked":["Slice","Dagger Throw"],"picked":"Concentrate+1","floor":45.0},{"not_picked":["Dash+1","Tactician"],"picked":"Blade Dance","floor":46.0},{"not_picked":["Dash","Deflect"],"picked":"Dodge and Roll","floor":47.0}],"player_experience":363589,"relics_obtained":[{"floor":7.0,"key":"Mercury Hourglass"},{"floor":9.0,"key":"Meat on the Bone"},{"floor":24.0,"key":"Thread and Needle"},{"floor":26.0,"key":"Centennial Puzzle"},{"floor":41.0,"key":"Toy Ornithopter"},{"floor":46.0,"key":"Bottled Flame"}],"event_choices":[{"damage_healed":0.0,"max_hp_gain":0.0,"max_hp_loss":6.0,"gold_gain":0.0,"event_name":"Golden Idol","player_choice":"Lose Max HP","floor":2.0,"gold_loss":0.0,"damage_taken":0.0,"relics_obtained":["Golden Idol"]},{"damage_healed":0.0,"max_hp_gain":0.0,"max_hp_loss":0.0,"gold_gain":0.0,"event_name":"Accursed Blacksmith","player_choice":"Forge","floor":5.0,"gold_loss":0.0,"damage_taken":0.0,"cards_upgraded":["Apotheosis"]},{"cards_removed":["Strike_G"],"damage_healed":0.0,"max_hp_gain":0.0,"max_hp_loss":0.0,"gold_gain":0.0,"event_name":"Golden Wing","player_choice":"Card Removal","floor":13.0,"gold_loss":0.0,"damage_taken":7.0},{"cards_removed":["Strike_G"],"damage_healed":0.0,"max_hp_gain":0.0,"max_hp_loss":0.0,"gold_gain":0.0,"event_name":"Bonfire Elementals","player_choice":"Offered Basic","floor":20.0,"gold_loss":0.0,"damage_taken":0.0},{"damage_healed":0.0,"max_hp_gain":0.0,"max_hp_loss":0.0,"gold_gain":0.0,"event_name":"Forgotten Altar","player_choice":"Gave Idol","floor":25.0,"relics_lost":["Golden Idol"],"gold_loss":0.0,"damage_taken":0.0,"relics_obtained":["Bloody Idol"]},{"damage_healed":0.0,"max_hp_gain":0.0,"max_hp_loss":0.0,"gold_gain":0.0,"event_name":"Lab","player_choice":"Got Potions","floor":27.0,"gold_loss":0.0,"damage_taken":0.0},{"cards_removed":["Defend_G"],"damage_healed":0.0,"max_hp_gain":0.0,"max_hp_loss":0.0,"gold_gain":0.0,"event_name":"Back to Basics","player_choice":"Elegance","floor":31.0,"gold_loss":0.0,"damage_taken":0.0},{"damage_healed":0.0,"max_hp_gain":0.0,"max_hp_loss":0.0,"gold_gain":0.0,"cards_transformed":["Defend_G"],"event_name":"Transmorgrifier","player_choice":"Transformed","floor":36.0,"gold_loss":0.0,"damage_taken":0.0,"cards_obtained":["Blur"]}],"is_beta":false,"boss_relics":[{"not_picked":["Runic Dome","Velvet Choker"],"picked":"Empty Cage"},{"not_picked":["Astrolabe","SlaversCollar"],"picked":"WristBlade"}],"items_purged_floors":[3,21],"is_endless":false,"potions_floor_spawned":[4,10,11,14,19,24,41,46,47,48],"ascension_level":20}}