{"host":"uv5ws9rdk87e8i5k","time":1612466575,"event":{"mods":["AchievementEnabler","BaseMod","Colored Map","Jorbs\u0027s Wanderer Trilogy","Minty Spire (QoL Compilation)","Permanent Neow","Quick Restart","StSLib","SuperFastMode","The Necromancer"],"gold_per_floor":[109,34,51,61,11,39,49,81,81,108,108,8,8,35,35,35,35],"floor_reached":16,"language":"ENG","playtime":390,"items_purged":["Doubt","Strike_R"],"score":134,"play_id":"841ed527-d917-4993-b284-b9f51fcb19bc","local_time":"20210204132255","is_ascension_mode":true,"campfire_choices":[{"data":"Inflame","floor":11,"key":"SMITH"},{"data":"Seeing Red","floor":13,"key":"SMITH"},{"floor":15,"key":"REST"}],"circlet_count":0,"master_deck":["Strike_R","Strike_R","Strike_R","Defend_R","Defend_R","Defend_R","Defend_R","Bash","Uppercut","True Grit","Inflame+1","Headbutt","Seeing Red+1","Dropkick","Cleave"],"relics":["Burning Blood","Torii","Ancient Tea Set","Toy Ornithopter","Letter Opener","Turnip","Oddly Smooth Stone"],"acts_visited":["Exordium"],"potions_floor_usage":[10],"damage_taken":[{"damage":4.0,"enemies":"Small Slimes","floor":1.0,"turns":5.0},{"damage":6.0,"enemies":"Cultist","floor":3.0,"turns":3.0},{"damage":2.0,"enemies":"2 Louse","floor":4.0,"turns":3.0},{"damage":11.0,"enemies":"Gremlin Nob","floor":6.0,"turns":4.0},{"damage":9.0,"enemies":"2 Fungi Beasts","floor":7.0,"turns":4.0},{"damage":27.0,"enemies":"Lagavulin","floor":8.0,"turns":8.0},{"damage":11,"enemies":"3 Sentries","floor":10,"turns":7},{"damage":31,"enemies":"Lagavulin","floor":14,"turns":6},{"damage":31,"enemies":"The Guardian","floor":16,"turns":9}],"seed_played":"-3947672603485653375","potions_obtained":[{"floor":4.0,"key":"SpeedPotion"},{"floor":8.0,"key":"PowerPotion"},{"floor":10,"key":"Ancient Potion"}],"is_trial":false,"path_per_floor":["M","$","M","M","?","E","M","E","T","E","R","$","R","E","R","B"],"character_chosen":"IRONCLAD","items_purchased":[],"campfire_rested":1,"item_purchase_floors":[],"current_hp_per_floor":[80,80,80,80,80,75,72,51,51,51,51,51,51,26,50,19,19],"gold":35,"neow_bonus":"ONE_RARE_RELIC","is_daily":false,"chose_seed":false,"campfire_upgraded":2,"win_rate":0.0,"timestamp":1612466575,"path_taken":["M","$","M","M","?","E","M","E","T","E","R","$","R","E","R","BOSS"],"items_purchased_type":[],"build_version":"2020-12-22","purchased_purges":2,"victory":false,"max_hp_per_floor":[80,80,80,80,80,80,80,80,80,80,80,80,80,80,80,80,80],"card_choices":[{"not_picked":["Armaments","Dark Embrace"],"picked":"Uppercut","floor":1.0},{"not_picked":["Second Wind","Evolve"],"picked":"True Grit","floor":3.0},{"not_picked":["Blood for Blood","Warcry"],"picked":"Inflame","floor":4.0},{"not_picked":["Brutality","Perfected Strike"],"picked":"Headbutt","floor":6.0},{"not_picked":["Warcry","Wild Strike"],"picked":"Seeing Red","floor":7.0},{"not_picked":["Seeing Red","Anger"],"picked":"Dropkick","floor":8.0},{"not_picked":["Disarm","Intimidate"],"picked":"Cleave","floor":10},{"not_picked":["Body Slam","Reckless Charge","Twin Strike"],"picked":"SKIP","floor":14}],"player_experience":228461,"relics_obtained":[{"floor":6.0,"key":"Ancient Tea Set"},{"floor":8.0,"key":"Toy Ornithopter"},{"floor":9.0,"key":"Letter Opener"},{"floor":10,"key":"Turnip"},{"floor":14,"key":"Oddly Smooth Stone"}],"event_choices":[{"cards_removed":["Strike_R"],"damage_healed":0.0,"max_hp_gain":0.0,"max_hp_loss":0.0,"gold_gain":0.0,"event_name":"The Cleric","player_choice":"Card Removal","floor":5.0,"gold_loss":50.0,"damage_taken":0.0}],"is_beta":false,"boss_relics":[],"items_purged_floors":[2,12],"is_endless":false,"potions_floor_spawned":[4,8,10],"killed_by":"The Guardian","ascension_level":1}}