{"host":"mi0eibewekhugwl1","time":1612413441,"event":{"mods":["AchievementEnabler","BaseMod","Colored Map","Colored Powertips","DeckTracker","Keyboard Shortcuts","Minty Spire (QoL Compilation)","Quick Restart","Rare Cards Sparkle","Relic Stats","StSLib","SuperFastMode","everything is the same but u backflip on backflip"],"gold_per_floor":[109,121,139,154,154,154,170,170,170,199,274,301,1,15,15,92,92,105,105,7,18,35,35,35,47,101,113,113,128,144,154,154,154,154],"floor_reached":33,"language":"KOR","playtime":718,"items_purged":[],"score":506,"play_id":"c8a61912-a939-44bd-98d4-8455da48cd3e","local_time":"20210204133721","is_ascension_mode":true,"campfire_choices":[{"data":"Whirlwind","floor":6.0,"key":"SMITH"},{"data":"Bash","floor":8.0,"key":"SMITH"},{"data":"Twin Strike","floor":15.0,"key":"SMITH"},{"data":"Evolve","floor":23.0,"key":"SMITH"},{"data":"Pommel Strike","floor":28.0,"key":"SMITH"},{"floor":32,"key":"REST"}],"circlet_count":0,"master_deck":["AscendersBane","Strike_R","Strike_R","Strike_R","Strike_R","Defend_R","Defend_R","Defend_R","Defend_R","Bash+1","Power Through","Twin Strike+1","Whirlwind+1","Reckless Charge","Sword Boomerang","Demon Form","Shrug It Off+1","Flame Barrier+1","Evolve+1","True Grit+1","Pommel Strike+1","Entrench+1","Impervious+1","Rage+1","Body Slam"],"relics":["Burning Blood","Dream Catcher","Mango","Magic Flower","Odd Mushroom","Membership Card","Toxic Egg 2","Philosopher\u0027s Stone","Orrery","Bronze Scales"],"acts_visited":["Exordium","TheCity"],"potions_floor_usage":[30,30,31,33],"damage_taken":[{"damage":9.0,"enemies":"2 Louse","floor":1.0,"turns":3.0},{"damage":0.0,"enemies":"Small Slimes","floor":2.0,"turns":4.0},{"damage":6.0,"enemies":"Cultist","floor":3.0,"turns":3.0},{"damage":13.0,"enemies":"3 Louse","floor":4.0,"turns":3.0},{"damage":11.0,"enemies":"Gremlin Gang","floor":7.0,"turns":5.0},{"damage":10.0,"enemies":"3 Sentries","floor":10.0,"turns":4.0},{"damage":0.0,"enemies":"The Mushroom Lair","floor":12.0,"turns":2.0},{"damage":1.0,"enemies":"Exordium Thugs","floor":14.0,"turns":4.0},{"damage":3.0,"enemies":"Slime Boss","floor":16.0,"turns":6.0},{"damage":45.0,"enemies":"Shell Parasite","floor":18.0,"turns":5.0},{"damage":26.0,"enemies":"2 Thieves","floor":21.0,"turns":4.0},{"damage":0.0,"enemies":"Centurion and Healer","floor":22.0,"turns":8.0},{"damage":10.0,"enemies":"Snake Plant","floor":25.0,"turns":4.0},{"damage":31.0,"enemies":"Shelled Parasite and Fungi","floor":27.0,"turns":4.0},{"damage":32.0,"enemies":"Cultist and Chosen","floor":29.0,"turns":5.0},{"damage":29,"enemies":"3 Cultists","floor":30,"turns":5},{"damage":9,"enemies":"Snecko","floor":31,"turns":8},{"damage":42,"enemies":"Automaton","floor":33,"turns":6}],"seed_played":"-7470062339902417406","potions_obtained":[{"floor":1.0,"key":"Energy Potion"},{"floor":7.0,"key":"PowerPotion"},{"floor":16.0,"key":"Fire Potion"},{"floor":18.0,"key":"Strength Potion"},{"floor":24.0,"key":"Energy Potion"},{"floor":29.0,"key":"ColorlessPotion"},{"floor":30,"key":"ColorlessPotion"},{"floor":31,"key":"AttackPotion"}],"is_trial":false,"path_per_floor":["M","M","M","M","?","R","M","R","T","E","?","?","$","M","R","B",null,"M","?","$","M","M","R","?","M","T","M","R","M","M","M","R","B"],"character_chosen":"IRONCLAD","items_purchased":["Membership Card","Toxic Egg 2","Shrug It Off+1","Orrery"],"campfire_rested":1,"item_purchase_floors":[13,13,20,20],"current_hp_per_floor":[65,71,71,64,57,57,52,52,66,62,51,60,60,68,68,74,85,49,89,89,72,81,81,81,80,80,58,58,35,15,15,41,0,0],"gold":154,"neow_bonus":"RANDOM_COMMON_RELIC","is_daily":false,"chose_seed":false,"campfire_upgraded":5,"win_rate":0.0,"timestamp":1612413441,"path_taken":["M","M","M","M","?","R","M","R","T","E","?","?","$","M","R","BOSS","M","?","$","M","?","R","?","M","T","M","R","M","?","M","R","BOSS"],"items_purchased_type":["Relic","Relic","Card","Relic"],"build_version":"2020-12-22","purchased_purges":0,"victory":false,"max_hp_per_floor":[75,75,75,75,75,75,75,75,89,89,89,89,89,89,89,89,89,89,89,89,89,89,89,89,89,89,89,89,89,89,89,89,89,89],"relic_stats":{"Dream Catcher":1,"counters":[18,83],"Bronze Scales":[102],"Magic Flower":[33],"obtain_stats":[{"Dream Catcher":0,"Bronze Scales":26,"Magic Flower":10,"Orrery":20,"Mango":9,"Philosopher\u0027s Stone":17,"Membership Card":13,"Odd Mushroom":12,"Toxic Egg 2":13,"Burning Blood":0},{"Dream Catcher":0,"Bronze Scales":13,"Magic Flower":6,"Orrery":10,"Mango":5,"Philosopher\u0027s Stone":9,"Membership Card":7,"Odd Mushroom":7,"Toxic Egg 2":7,"Burning Blood":0},{"Dream Catcher":0,"Bronze Scales":55,"Magic Flower":22,"Orrery":39,"Mango":18,"Philosopher\u0027s Stone":34,"Membership Card":24,"Odd Mushroom":24,"Toxic Egg 2":24,"Burning Blood":0}],"Burning Blood":135},"card_choices":[{"not_picked":["Searing Blow","Metallicize"],"picked":"Power Through","floor":1.0},{"not_picked":["Bloodletting","Armaments"],"picked":"Twin Strike","floor":2.0},{"not_picked":["Headbutt","Thunderclap","Feel No Pain"],"picked":"SKIP","floor":3.0},{"not_picked":["Headbutt","Shockwave"],"picked":"Whirlwind","floor":4.0},{"not_picked":["Thunderclap","Brutality"],"picked":"Reckless Charge","floor":7.0},{"not_picked":["Clothesline","Entrench","Headbutt"],"picked":"SKIP","floor":10.0},{"not_picked":["Perfected Strike","Clash"],"picked":"Sword Boomerang","floor":14.0},{"not_picked":["Barricade","Bludgeon"],"picked":"Demon Form","floor":16.0},{"not_picked":["Hemokinesis","Sword Boomerang","Iron Wave"],"picked":"SKIP","floor":18.0},{"not_picked":["Wild Strike","Headbutt"],"picked":"Flame Barrier+1","floor":20.0},{"not_picked":["Clash","Rupture+1"],"picked":"Evolve","floor":20.0},{"not_picked":["Reckless Charge","Havoc+1"],"picked":"True Grit+1","floor":20.0},{"not_picked":["Armaments+1","Clothesline"],"picked":"Pommel Strike","floor":20.0},{"not_picked":["Ghostly Armor+1","Twin Strike"],"picked":"Entrench+1","floor":21.0},{"not_picked":["Cleave","Flame Barrier+1"],"picked":"Impervious+1","floor":22.0},{"not_picked":["Cleave","Rupture","Armaments+1"],"picked":"SKIP","floor":25.0},{"not_picked":["Havoc+1","Sever Soul"],"picked":"Rage+1","floor":27.0},{"not_picked":["Dual Wield+1","Warcry+1","Clash+1"],"picked":"SKIP","floor":29.0},{"not_picked":["Clash","Warcry+1","Pummel"],"picked":"SKIP","floor":30},{"not_picked":["Body Slam","Rage+1","Warcry+1"],"picked":"SKIP","floor":31},{"not_picked":["Rage+1","Warcry+1"],"picked":"Body Slam","floor":31}],"player_experience":1779055,"relics_obtained":[{"floor":9.0,"key":"Mango"},{"floor":10.0,"key":"Magic Flower"},{"floor":12.0,"key":"Odd Mushroom"},{"floor":26.0,"key":"Bronze Scales"}],"event_choices":[{"cards_removed":["Strike_R"],"damage_healed":0.0,"max_hp_gain":0.0,"max_hp_loss":0.0,"gold_gain":0.0,"event_name":"Golden Wing","player_choice":"Card Removal","floor":5.0,"gold_loss":0.0,"damage_taken":7.0},{"damage_healed":0.0,"max_hp_gain":0.0,"max_hp_loss":0.0,"gold_gain":75.0,"event_name":"World of Goop","player_choice":"Gather Gold","floor":11.0,"gold_loss":0.0,"damage_taken":11.0},{"damage_healed":0.0,"max_hp_gain":0.0,"max_hp_loss":0.0,"gold_gain":0.0,"event_name":"Mushrooms","player_choice":"Fought Mushrooms","floor":12.0,"gold_loss":0.0,"damage_taken":0.0},{"damage_healed":40.0,"max_hp_gain":0.0,"max_hp_loss":0.0,"gold_gain":0.0,"event_name":"Wheel of Change","player_choice":"Full Heal","floor":19.0,"gold_loss":0.0,"damage_taken":0.0},{"damage_healed":0.0,"max_hp_gain":0.0,"max_hp_loss":0.0,"gold_gain":0.0,"event_name":"Lab","player_choice":"Got Potions","floor":24.0,"gold_loss":0.0,"damage_taken":0.0}],"is_beta":false,"boss_relics":[{"not_picked":["Coffee Dripper","Empty Cage"],"picked":"Philosopher\u0027s Stone"}],"items_purged_floors":[],"is_endless":false,"potions_floor_spawned":[1,7,16,18,29,30,31],"killed_by":"Automaton","ascension_level":20}}