{"host":"aq3xpixvif6gmjmv","time":1612440045,"event":{"mods":["BaseMod","CapriCore","Colored Map","Colored Powertips","Friendly Minions","Minty Spire (QoL Compilation)","StSLib","SuperFastMode","The Hierophant"],"gold_per_floor":[115,65,140,65,65,98,126,126,150,150,163,163,24,39,39,141,191,210,210,9,21,296,296,331,331,331,331,341,341,341,541,541,541,541],"floor_reached":33,"language":"KOR","playtime":1057,"items_purged":["Thunderclap","Second Wind+1","Clothesline"],"score":317,"play_id":"b8b65ef9-43ef-44b5-8901-c97f5b813a9b","local_time":"20210204210045","daily_mods":["Draft","Flight"],"is_ascension_mode":false,"campfire_choices":[{"data":"Body Slam","floor":8.0,"key":"SMITH"},{"data":"Intimidate","floor":10.0,"key":"SMITH"},{"data":"Body Slam","floor":12.0,"key":"SMITH"},{"data":"Armaments","floor":15.0,"key":"SMITH"},{"data":"Double Tap","floor":23.0,"key":"SMITH"},{"data":"Heavy Blade","floor":25.0,"key":"SMITH"},{"data":"Limit Break","floor":27.0,"key":"SMITH"},{"floor":32,"key":"REST"}],"circlet_count":0,"master_deck":["Body Slam+1","Entrench+1","Warcry","Seeing Red","Thunderclap","Armaments+1","Ghostly Armor+1","Flex","Spot Weakness+1","Headbutt","Intimidate+1","Body Slam+1","Inflame","Limit Break+1","Pummel","Bloodletting+1","Double Tap+1","Heavy Blade+1","Regret","Inflame+1"],"relics":["Burning Blood","War Paint","Mummified Hand","Strawberry","Tiny House","Ancient Tea Set","Bottled Tornado"],"acts_visited":["Exordium","TheCity"],"potions_floor_usage":[33],"damage_taken":[{"damage":10.0,"enemies":"Jaw Worm","floor":1.0,"turns":4.0},{"damage":16.0,"enemies":"Lagavulin","floor":6.0,"turns":8.0},{"damage":38.0,"enemies":"Gremlin Nob","floor":7.0,"turns":6.0},{"damage":10.0,"enemies":"Small Slimes","floor":11.0,"turns":2.0},{"damage":0.0,"enemies":"Cultist","floor":14.0,"turns":2.0},{"damage":0.0,"enemies":"Slime Boss","floor":16.0,"turns":5.0},{"damage":31.0,"enemies":"3 Byrds","floor":18.0,"turns":6.0},{"damage":10.0,"enemies":"Chosen","floor":21.0,"turns":3.0},{"damage":42.0,"enemies":"Gremlin Leader","floor":24.0,"turns":5.0},{"damage":19.0,"enemies":"Snecko","floor":28.0,"turns":4.0},{"damage":27,"enemies":"Collector","floor":33,"turns":3}],"seed_played":"-5566208106268215971","potions_obtained":[{"floor":1.0,"key":"DistilledChaos"},{"floor":7.0,"key":"DuplicationPotion"},{"floor":11.0,"key":"SpeedPotion"},{"floor":16.0,"key":"Regen Potion"},{"floor":18.0,"key":"Energy Potion"}],"is_trial":true,"path_per_floor":["M","?","?","$","?","E","E","R","T","R","M","R","$","M","R","B",null,"M","?","$","M","?","R","E","R","T","R","M","?","?","?","R","B"],"character_chosen":"IRONCLAD","items_purchased":["Inflame","Double Tap"],"campfire_rested":1,"item_purchase_floors":[13,20],"current_hp_per_floor":[76,76,65,65,65,55,23,23,30,30,26,26,26,32,32,38,92,67,67,67,63,63,63,27,27,27,27,14,14,14,14,41,14,14],"gold":541,"neow_bonus":"","is_daily":false,"chose_seed":false,"campfire_upgraded":7,"win_rate":0.0,"timestamp":1612440045,"path_taken":["M","?","?","$","?","E","E","R","T","R","?","R","$","M","R","BOSS","M","?","$","M","?","R","E","R","T","R","?","?","?","?","R","BOSS"],"items_purchased_type":["Card","Card"],"build_version":"2020-12-22","purchased_purges":3,"victory":false,"max_hp_per_floor":[80,80,80,80,80,80,80,80,87,87,87,87,87,87,87,87,92,92,92,92,92,92,92,92,92,92,92,92,92,92,92,92,92,92],"card_choices":[{"not_picked":["Metallicize","Armaments"],"picked":"Body Slam","floor":0.0},{"not_picked":["Spot Weakness","Sword Boomerang"],"picked":"Entrench","floor":0.0},{"not_picked":["Shockwave","Carnage"],"picked":"Warcry","floor":0.0},{"not_picked":["Clash","Burning Pact"],"picked":"Seeing Red","floor":0.0},{"not_picked":["True Grit","Disarm"],"picked":"Thunderclap","floor":0.0},{"not_picked":["Seeing Red","Pommel Strike"],"picked":"Armaments","floor":0.0},{"not_picked":["Shockwave","Body Slam"],"picked":"Ghostly Armor","floor":0.0},{"not_picked":["Thunderclap","Perfected Strike"],"picked":"Flex","floor":0.0},{"not_picked":["Clothesline","Dropkick"],"picked":"Second Wind","floor":0.0},{"not_picked":["Hemokinesis","Havoc"],"picked":"Clothesline","floor":0.0},{"not_picked":["Thunderclap","Iron Wave"],"picked":"Spot Weakness","floor":0.0},{"not_picked":["Clothesline","Perfected Strike"],"picked":"Thunderclap","floor":0.0},{"not_picked":["Evolve","Reckless Charge"],"picked":"Headbutt","floor":0.0},{"not_picked":["Fire Breathing","True Grit"],"picked":"Havoc","floor":0.0},{"not_picked":["Feel No Pain","Uppercut"],"picked":"Sword Boomerang","floor":0.0},{"not_picked":["Clothesline","Combust","Carnage"],"picked":"SKIP","floor":1.0},{"not_picked":["Carnage","Anger"],"picked":"Intimidate","floor":6.0},{"not_picked":["Pommel Strike","Wild Strike","Uppercut"],"picked":"SKIP","floor":7.0},{"not_picked":["Wild Strike","Clothesline"],"picked":"Body Slam","floor":11.0},{"not_picked":["Sever Soul","Thunderclap","Havoc"],"picked":"SKIP","floor":14.0},{"not_picked":["Barricade","Reaper"],"picked":"Limit Break","floor":16.0},{"not_picked":["Flex","Thunderclap"],"picked":"Pummel","floor":17.0},{"not_picked":["Havoc","Twin Strike+1"],"picked":"Bloodletting+1","floor":18.0},{"not_picked":["Twin Strike","Infernal Blade"],"picked":"Heavy Blade","floor":21.0},{"not_picked":["Feel No Pain","Iron Wave"],"picked":"Inflame+1","floor":24.0},{"not_picked":["Dark Embrace+1","Infernal Blade","Flex"],"picked":"SKIP","floor":28.0}],"player_experience":402762,"relics_obtained":[{"floor":6.0,"key":"War Paint"},{"floor":7.0,"key":"Mummified Hand"},{"floor":9.0,"key":"Strawberry"},{"floor":24.0,"key":"Ancient Tea Set"},{"floor":26.0,"key":"Bottled Tornado"}],"event_choices":[{"cards_removed":["Havoc"],"damage_healed":0.0,"max_hp_gain":0.0,"max_hp_loss":0.0,"gold_gain":0.0,"event_name":"The Cleric","player_choice":"Card Removal","floor":2.0,"gold_loss":50.0,"damage_taken":0.0},{"damage_healed":0.0,"max_hp_gain":0.0,"max_hp_loss":0.0,"gold_gain":75.0,"event_name":"World of Goop","player_choice":"Gather Gold","floor":3.0,"gold_loss":0.0,"damage_taken":11.0},{"damage_healed":0.0,"max_hp_gain":0.0,"max_hp_loss":0.0,"gold_gain":0.0,"event_name":"Living Wall","player_choice":"Grow","floor":5.0,"gold_loss":0.0,"damage_taken":0.0,"cards_upgraded":["Entrench"]},{"cards_removed":["Sword Boomerang"],"damage_healed":0.0,"max_hp_gain":0.0,"max_hp_loss":0.0,"gold_gain":0.0,"event_name":"Back to Basics","player_choice":"Elegance","floor":19.0,"gold_loss":0.0,"damage_taken":0.0},{"damage_healed":0.0,"max_hp_gain":0.0,"max_hp_loss":0.0,"gold_gain":275.0,"event_name":"Golden Shrine","player_choice":"Desecrate","floor":22.0,"gold_loss":0.0,"damage_taken":0.0,"cards_obtained":["Regret"]},{"damage_healed":0.0,"max_hp_gain":0.0,"max_hp_loss":0.0,"gold_gain":0.0,"event_name":"Cursed Tome","player_choice":"Ignored","floor":29.0,"gold_loss":0.0,"damage_taken":0.0},{"damage_healed":0.0,"max_hp_gain":0.0,"max_hp_loss":0.0,"gold_gain":0.0,"event_name":"Vampires","player_choice":"Ignored","floor":30.0,"gold_loss":0.0,"damage_taken":0.0},{"damage_healed":0,"gold_gain":250,"player_choice":"Bet on Owner","damage_taken":0,"max_hp_gain":0,"max_hp_loss":0,"event_name":"The Joust","floor":31,"gold_loss":50}],"is_beta":false,"boss_relics":[{"not_picked":["Snecko Eye","Empty Cage"],"picked":"Tiny House"}],"items_purged_floors":[4,13,20],"is_endless":false,"potions_floor_spawned":[1,7,11,16,18],"killed_by":"Collector","ascension_level":0}}