{"host":"4ih4fq53sefgqhvb","time":1612438904,"event":{"mods":["AchievementEnabler","Aspiration","Bard","BaseMod","BetterRewards","Colored Map","Colored Powertips","Conspire","Downfall","Googly Eyes","Hermit","Highlight Path","Hubris","Infinite Spire","Jedi Mod","Jorbs\u0027s Wanderer Trilogy","Marisa????????","Mimic Mod","Minty Spire (QoL Compilation)","Quick Restart","Relic Stats","Replay The Spire","Shop Mod","StSLib","The Animator","The Cursed","The Disciple","The Jungle","The Runesmith","The Servant 0.9.4"],"gold_per_floor":[99,110,120,134,119,19,51,62,62,93,93,103,119,137,155,260,260,60,80,80,105,120,90,90,59,259,259,259,273,308,308,319,319,319,319],"floor_reached":33,"language":"ENG","playtime":2308,"items_purged":[],"score":323,"play_id":"2c23d629-e0ef-4c75-ba30-77c117bb1927","local_time":"20210204034144","is_ascension_mode":false,"campfire_choices":[{"floor":1,"key":"RECALL"},{"floor":6,"key":"REST"},{"floor":11,"key":"REST"},{"data":"bronze:Overload","floor":18,"key":"SMITH"},{"floor":27,"key":"REST"}],"circlet_count":0,"master_deck":["bronze:Strike","bronze:Strike","bronze:Strike","bronze:Strike","bronze:Defend","bronze:Defend","bronze:Defend","bronze:Defend","bronze:Replicate","bronze:Goto","bronze:AlphaBuild","bronze:BuggyMess","bronze:Shield","bronze:Allocate","bronze:BugBarrage","bronze:Frontload","bronze:WildBeam","bronze:Overheat","bronze:ChosenStrike","bronze:DarkDash","bronze:Overload+1","bronze:FindAndReplace","Voices","downfall:Icky","Overencumbered","bronze:Overload+1","bronze:Repulsor+1","bronze:Overheat","bronze:DelayedSlice","bronze:Break","downfall:Haunted","bronze:FineTuning","bronze:ItsAFeature+1","bronze:DelayedSlice"],"relics":["bronze:BronzeCore","downfall:HeartBlessingRed","infinitespire:Lucky Rock","Replay:Ancient Bell","PreservedInsect","infinitespire:EmpoweringShard","jedi:firstaidkit","downfall:HeartBlessingBlue","downfall:HeartBlessingGreen","hubris:Icosahedron","Red Mask","Bird Faced Urn","infinitespire:CheckeredPen"],"acts_visited":["Exordium","TheCity"],"potions_floor_usage":[5,16,16,16,21,21,25,30],"damage_taken":[{"damage":0,"enemies":"Cultist","floor":2,"turns":2},{"damage":3,"enemies":"2 Louse","floor":3,"turns":3},{"damage":12,"enemies":"Jaw Worm","floor":4,"turns":4},{"damage":0,"enemies":"downfall:FleeingMerchant","floor":5,"turns":4},{"damage":12,"enemies":"Exordium Thugs","floor":7,"turns":8},{"damage":14,"enemies":"Exordium Thugs","floor":8,"turns":4},{"damage":44,"enemies":"Lagavulin","floor":10,"turns":9},{"damage":4,"enemies":"Gremlin Gang","floor":12,"turns":5},{"damage":0,"enemies":"2 Fungi Beasts","floor":13,"turns":3},{"damage":0,"enemies":"Exordium Wildlife","floor":14,"turns":2},{"damage":1,"enemies":"3 Louse","floor":15,"turns":3},{"damage":0,"enemies":"WA_ARCHETYPE_RETAIN","floor":16,"turns":5},{"damage":43,"enemies":"3 Byrds","floor":19,"turns":7},{"damage":38,"enemies":"Masked Bandits","floor":21,"turns":5},{"damage":0,"enemies":"Chosen","floor":22,"turns":4},{"damage":19,"enemies":"Shelled Parasite and Fungi","floor":23,"turns":4},{"damage":8,"enemies":"Cultist and Chosen","floor":25,"turns":4},{"damage":1,"enemies":"Snake Plant","floor":29,"turns":4},{"damage":3,"enemies":"Gremlin Leader","floor":30,"turns":4},{"damage":0,"enemies":"Centurion and Healer","floor":32,"turns":3},{"damage":32,"enemies":"SI_MIRROR_ARCHETYPE","floor":33,"turns":8}],"seed_played":"1248543738432831592","potions_obtained":[{"floor":3,"key":"Venom Potion"},{"floor":10,"key":"Flashbang"},{"floor":12,"key":"SpeedPotion"},{"floor":13,"key":"champ:CounterPotion"},{"floor":14,"key":"bronze:BurnAndBuffPotion"},{"floor":16,"key":"SkillPotion"},{"floor":19,"key":"Energy Potion"},{"floor":22,"key":"champ:CounterPotion"},{"floor":25,"key":"Languid Potion"},{"floor":30,"key":"bronze:FreeFunctionsPotion"}],"is_trial":false,"path_per_floor":["R","M","M","M","$","R","MIM","M","?","E","R","M","M","M","M","B",null,"R","M","?","?","M","M","T","M","?","R","$","M","E","?","M","B"],"character_chosen":"THE_AUTOMATON","items_purchased":[],"campfire_rested":3,"item_purchase_floors":[],"current_hp_per_floor":[49,49,46,34,34,55,43,29,70,26,47,43,43,43,42,42,70,80,67,67,38,38,21,21,13,13,37,37,39,36,12,14,0,0,0],"gold":319,"neow_bonus":"THREE_RARE_CARDS","is_daily":false,"chose_seed":false,"campfire_upgraded":1,"win_rate":0.0,"timestamp":1612438904,"path_taken":["R","M","M","?","$","R","MIM","M","?","E","R","?","M","?","M","BOSS","R","M","?","?","M","?","T","M","?","R","?","M","E","?","M","BOSS"],"items_purchased_type":[],"build_version":"2020-12-22","purchased_purges":0,"victory":false,"max_hp_per_floor":[70,70,70,70,70,70,70,70,70,70,70,70,70,70,70,70,70,80,80,80,80,80,80,80,80,80,80,80,80,80,80,80,80,80,80],"relic_stats":{"counters":[21,95],"Bird Faced Urn":[6],"PreservedInsect":44,"obtain_stats":[{"bronze:BronzeCore":0,"downfall:HeartBlessingRed":6,"downfall:HeartBlessingGreen":18,"PreservedInsect":17,"Replay:Ancient Bell":17,"infinitespire:Lucky Rock":10,"infinitespire:CheckeredPen":30,"hubris:Icosahedron":20,"jedi:firstaidkit":17,"downfall:HeartBlessingBlue":18,"Bird Faced Urn":24,"infinitespire:EmpoweringShard":17,"Red Mask":21},{"bronze:BronzeCore":0,"downfall:HeartBlessingRed":4,"downfall:HeartBlessingGreen":12,"PreservedInsect":12,"Replay:Ancient Bell":12,"infinitespire:Lucky Rock":7,"infinitespire:CheckeredPen":19,"hubris:Icosahedron":13,"jedi:firstaidkit":12,"downfall:HeartBlessingBlue":12,"Bird Faced Urn":16,"infinitespire:EmpoweringShard":12,"Red Mask":14},{"bronze:BronzeCore":0,"downfall:HeartBlessingRed":13,"downfall:HeartBlessingGreen":52,"PreservedInsect":52,"Replay:Ancient Bell":52,"infinitespire:Lucky Rock":34,"infinitespire:CheckeredPen":84,"hubris:Icosahedron":59,"jedi:firstaidkit":52,"downfall:HeartBlessingBlue":52,"Bird Faced Urn":72,"infinitespire:EmpoweringShard":52,"Red Mask":64}]},"card_choices":[{"not_picked":["bronze:RecursiveStrike","bronze:Verify"],"picked":"bronze:AlphaBuild","floor":0},{"not_picked":["bronze:DarkDash","bronze:Frontload"],"picked":"bronze:BuggyMess","floor":2},{"not_picked":["bronze:MaxOutput","bronze:WildBeam"],"picked":"bronze:Shield","floor":3},{"not_picked":["bronze:Overload","bronze:DelayedSlice"],"picked":"bronze:Allocate","floor":4},{"not_picked":["bronze:BuggyMess","bronze:ChildClass"],"picked":"bronze:BronzeArmor","floor":5},{"not_picked":["bronze:Backtrace","bronze:Flail"],"picked":"bronze:BugBarrage","floor":7},{"not_picked":["bronze:NullPointer","bronze:OilSpill"],"picked":"bronze:Frontload","floor":8},{"not_picked":["bronze:BronzeOrb","bronze:Fortify"],"picked":"bronze:WildBeam","floor":10},{"not_picked":["bronze:Frontload","bronze:BronzeArmor"],"picked":"bronze:Overheat","floor":12},{"not_picked":["bronze:Mutator","bronze:CutThrough"],"picked":"bronze:ChosenStrike","floor":13},{"not_picked":["bronze:Overload","bronze:DelayedGuard"],"picked":"bronze:DarkDash","floor":14},{"not_picked":["bronze:Allocate","bronze:NullPointer"],"picked":"bronze:Overload","floor":15},{"not_picked":["bronze:Verify","bronze:HardenedForm"],"picked":"bronze:FindAndReplace","floor":16},{"not_picked":["Amnesia","hubris:Envy"],"picked":"Voices","floor":17},{"not_picked":["jedi:frostbite","Looming Evil"],"picked":"downfall:Icky","floor":17},{"not_picked":["animator:Curse_Greed","hubris:Lust"],"picked":"Overencumbered","floor":17},{"not_picked":["bronze:Shield","bronze:CutThrough"],"picked":"bronze:Overload+1","floor":19},{"not_picked":["bronze:Shield","bronze:MaxOutput"],"picked":"bronze:Repulsor+1","floor":21},{"not_picked":["bronze:Return","bronze:Branch"],"picked":"bronze:Overheat","floor":22},{"not_picked":["bronze:Invalidate","bronze:BuggyMess"],"picked":"bronze:DelayedSlice","floor":23},{"not_picked":["bronze:Boost","bronze:FineTuning"],"picked":"bronze:Break","floor":25},{"not_picked":["bronze:Shield","bronze:DelayedSlice"],"picked":"bronze:FineTuning","floor":29},{"not_picked":["bronze:Verify","bronze:DelayedSlice"],"picked":"bronze:ItsAFeature+1","floor":30},{"not_picked":["bronze:BuggyMess","bronze:WhirlingStrike"],"picked":"bronze:DelayedSlice","floor":32}],"player_experience":991097,"relics_obtained":[{"floor":10,"key":"infinitespire:Lucky Rock"},{"floor":21,"key":"Red Mask"},{"floor":24,"key":"Bird Faced Urn"},{"floor":30,"key":"infinitespire:CheckeredPen"}],"event_choices":[{"cards_removed":["bronze:BronzeArmor"],"damage_healed":41,"gold_gain":0,"player_choice":"Offered Uncommon","damage_taken":0,"max_hp_gain":0,"max_hp_loss":0,"event_name":"Bonfire Elementals","floor":9,"gold_loss":0},{"damage_healed":0,"gold_gain":0,"player_choice":"Fought Bandits","damage_taken":0,"max_hp_gain":0,"max_hp_loss":0,"event_name":"Masked Bandits","floor":21,"gold_loss":0}],"is_beta":false,"boss_relics":[{"not_picked":["Replay:Wanted Poster","Calling Bell"],"picked":"Replay:Ancient Bell"},{"not_picked":["Runesmith:AutoHammer","Potion Belt"],"picked":"PreservedInsect"},{"not_picked":["aspiration:HummingbirdHeart","infinitespire:ShieldingShard"],"picked":"infinitespire:EmpoweringShard"},{"not_picked":["TungstenRod","Runesmith:Locket"],"picked":"jedi:firstaidkit"}],"items_purged_floors":[],"is_endless":false,"potions_floor_spawned":[3,10,12,13,14,16,19,22,25,30],"killed_by":"SI_MIRROR_ARCHETYPE","ascension_level":0}}