{"host":"xh4jtn7krw5slv5y","time":1612468733,"event":{"mods":["BaseMod","Bestiary","Block Reminder","Colored Map","Downfall","Minty Spire (QoL Compilation)","Quick Restart","Relic Sorter","StSLib"],"gold_per_floor":[99,111,123,183,195,226,238,250,280,442,454,42,62,62,77,77,77,77],"floor_reached":16,"language":"ENG","playtime":1947,"items_purged":[],"score":92,"play_id":"90398258-a1f3-41b9-a863-9ffbe6a9e03c","local_time":"20210204155853","is_ascension_mode":false,"campfire_choices":[{"data":"Guardian:TemporalShield","floor":1,"key":"SMITH"},{"data":"Guardian:ShieldCharger","floor":11,"key":"SMITH"}],"circlet_count":0,"master_deck":["Guardian:Strike_Guardian","Guardian:Strike_Guardian","Guardian:Strike_Guardian","Guardian:Defend_Guardian","Guardian:Defend_Guardian","Guardian:Defend_Guardian","Guardian:CurlUp","Guardian:TwinSlam","Guardian:Recover","Guardian:TemporalShield+1","Guardian:ShieldCharger+1","Guardian:ShieldCharger","Guardian:Suspension","Guardian:ChargeCore","Guardian:Gem_Blue","Guardian:GatlingBeam","Guardian:Gem_Red","Guardian:TemporalStrike","expansioncontent:StudyTheSpire","Guardian:Gem_Yellow","Guardian:Gem_Lightblue"],"relics":["Guardian:ModeShifter","MawBank"],"acts_visited":["Exordium"],"potions_floor_usage":[16,16],"damage_taken":[{"damage":2,"enemies":"Small Slimes","floor":2,"turns":4},{"damage":0,"enemies":"2 Louse","floor":3,"turns":4},{"damage":9,"enemies":"Gremlin Nob","floor":4,"turns":7},{"damage":0,"enemies":"Cultist","floor":6,"turns":5},{"damage":7,"enemies":"Blue Slaver","floor":9,"turns":4},{"damage":0,"enemies":"downfall:FleeingMerchant","floor":12,"turns":4},{"damage":15,"enemies":"Lots of Slimes","floor":13,"turns":5},{"damage":15,"enemies":"Exordium Thugs","floor":15,"turns":5},{"damage":33,"enemies":"IC_STATUS_ARCHETYPE","floor":16,"turns":8}],"seed_played":"-1518811089248665812","potions_obtained":[{"floor":2,"key":"LiquidMemories"},{"floor":4,"key":"Guardian:DefensiveModePotion"},{"floor":13,"key":"SkillPotion"}],"is_trial":false,"path_per_floor":["R","M","M","?","?","M","T","?","M","?","R","$","M","?","M","B"],"character_chosen":"GUARDIAN","items_purchased":["Guardian:GatlingBeam","Guardian:Gem_Red","Guardian:TemporalStrike","expansioncontent:StudyTheSpire"],"campfire_rested":0,"item_purchase_floors":[12,12,12,12],"current_hp_per_floor":[80,78,78,69,69,69,69,69,62,62,62,62,47,47,32,0,0,0],"gold":77,"neow_bonus":"TRANSFORM_TWO_CARDS","is_daily":false,"chose_seed":false,"campfire_upgraded":2,"win_rate":0.0,"timestamp":1612468733,"path_taken":["R","M","M","?","?","?","T","?","?","?","R","?","M","?","M","BOSS"],"items_purchased_type":["Card","Card","Card","Card"],"build_version":"2020-12-22","purchased_purges":0,"victory":false,"max_hp_per_floor":[80,80,80,80,80,80,80,80,80,80,80,80,80,80,80,80,80,80],"card_choices":[{"not_picked":["Guardian:PrimingBeam","Guardian:Suspension"],"picked":"Guardian:ShieldCharger","floor":2},{"not_picked":["Guardian:FloatingOrbs","Guardian:Incinerate"],"picked":"Guardian:ShieldCharger","floor":3},{"not_picked":["Guardian:PolyBeam","Guardian:WalkerClaw"],"picked":"Guardian:Suspension","floor":4},{"not_picked":["Guardian:Gem_Lightblue","Guardian:DecasProtection"],"picked":"Guardian:Gem_Green","floor":6},{"not_picked":["Guardian:BronzeOrb","Guardian:PolyBeam"],"picked":"Guardian:ChargeCore","floor":9},{"not_picked":["Guardian:ShieldCharger","Guardian:Gem_Cyan"],"picked":"Guardian:Gem_Blue","floor":12},{"not_picked":["Guardian:ShieldCharger","Guardian:Preprogram"],"picked":"Guardian:Gem_Yellow","floor":13},{"not_picked":["Guardian:AncientConstruct","Guardian:Suspension"],"picked":"Guardian:Gem_Lightblue","floor":15}],"player_experience":391109,"relics_obtained":[{"floor":4,"key":"MawBank"},{"floor":7,"key":"Mercury Hourglass"}],"event_choices":[{"cards_removed":["Decay"],"damage_healed":0,"gold_gain":0,"player_choice":"Card Removal","damage_taken":0,"max_hp_gain":0,"max_hp_loss":0,"event_name":"Wheel of Change","floor":8,"gold_loss":0}],"is_beta":false,"boss_relics":[],"items_purged_floors":[],"is_endless":false,"potions_floor_spawned":[2,4,13,15],"killed_by":"IC_STATUS_ARCHETYPE","ascension_level":0}}