{"host":"0m8zx4nh2snqg8t8","time":1612412604,"event":{"mods":["BaseMod","Colored Map","Downfall","Hermit","Infinite Spire","Jorbs\u0027s Wanderer Trilogy","Minty Spire (QoL Compilation)","Replay The Spire","StSLib","The Cursed","The Jungle"],"gold_per_floor":[99,118,134,134,152,62,62,62,62,62,91,101,101,113,133,235,235,235,246,264,277,277,277,277],"floor_reached":22,"language":"ENG","playtime":1577,"items_purged":["infinitespire:Pacifist"],"score":188,"play_id":"c91aeeba-99c9-4e7c-9847-2e8f3d0eaef2","local_time":"20210203202324","is_ascension_mode":false,"campfire_choices":[{"floor":1,"key":"DIG"},{"data":"Guardian:ConstructionForm","floor":9,"key":"SMITH"},{"data":"Guardian:StasisStrike","floor":13,"key":"SMITH"},{"data":"Guardian:BaubleBeam","floor":18,"key":"SMITH"}],"circlet_count":0,"master_deck":["Guardian:Strike_Guardian","Guardian:Strike_Guardian","Guardian:Strike_Guardian","Guardian:Defend_Guardian","Guardian:Defend_Guardian","Guardian:Defend_Guardian","Guardian:CurlUp","Guardian:TwinSlam+1","Guardian:Harden+1","Guardian:Gem_Green","Guardian:ShieldCharger","Guardian:DecasProtection","Guardian:ConstructionForm+1","Guardian:StasisStrike+1","Guardian:WalkerClaw","Guardian:BodySlam","Guardian:Gem_Yellow","Guardian:BronzeArmor","Guardian:BaubleBeam+1","CurseOfTheBell","Guardian:Gem_Purple","Guardian:Incinerate+1","Guardian:SphericShield"],"relics":["Guardian:ModeShifter","Prayer Wheel","infinitespire:WardingShard","StrikeDummy","Calling Bell","Akabeko","Gremlin Horn","Gambling Chip"],"acts_visited":["Exordium","TheCity"],"potions_floor_usage":[],"damage_taken":[{"damage":2,"enemies":"Cultist","floor":2,"turns":5},{"damage":11,"enemies":"infinitespire:Voidling","floor":3,"turns":4},{"damage":7,"enemies":"2 Louse","floor":5,"turns":4},{"damage":0,"enemies":"downfall:FleeingMerchant","floor":6,"turns":4},{"damage":3,"enemies":"Replay:BlueRogue","floor":11,"turns":6},{"damage":6,"enemies":"Exordium Thugs","floor":12,"turns":5},{"damage":0,"enemies":"3 Louse","floor":14,"turns":3},{"damage":12,"enemies":"Lots of Slimes","floor":15,"turns":4},{"damage":15,"enemies":"IC_STATUS_ARCHETYPE","floor":16,"turns":7},{"damage":30,"enemies":"3 Byrds","floor":19,"turns":4},{"damage":12,"enemies":"Shell Parasite","floor":20,"turns":7},{"damage":37,"enemies":"Centurion and Healer","floor":21,"turns":8},{"damage":9,"enemies":"downfall:FleeingMerchant","floor":22,"turns":2}],"seed_played":"5861700818178802056","potions_obtained":[{"floor":2,"key":"sneckomod:MuddlingPotion"},{"floor":11,"key":"DuplicationPotion"},{"floor":12,"key":"bronze:BurnAndBuffPotion"}],"is_trial":false,"path_per_floor":["R_BF","M","M","?","M","$","T","?","R","?","E","M","R","M","M","B",null,"R_BF","M","M","M","$"],"character_chosen":"GUARDIAN","items_purchased":[],"campfire_rested":0,"item_purchase_floors":[],"current_hp_per_floor":[88,86,82,82,75,75,75,75,75,75,72,66,66,66,54,39,88,88,58,46,9,0,0,0],"gold":277,"neow_bonus":"TEN_PERCENT_HP_BONUS","is_daily":false,"chose_seed":false,"campfire_upgraded":3,"win_rate":0.0,"timestamp":1612412604,"path_taken":["R_BF","M","M","?","?","$","T","?","R","?","E","M","R","M","M","BOSS","R_BF","M","M","M","$"],"items_purchased_type":[],"build_version":"2020-12-22","purchased_purges":1,"victory":false,"max_hp_per_floor":[88,88,88,88,88,88,88,88,88,88,88,88,88,88,88,88,88,88,88,88,88,88,88,88],"card_choices":[{"not_picked":["Guardian:TemporalShield","Guardian:Harden"],"picked":"Guardian:Gem_Crimson","floor":2},{"not_picked":["Guardian:TemporalStrike","Guardian:RollAttack"],"picked":"Guardian:Harden","floor":2},{"not_picked":["Guardian:ChargeCore","Guardian:Recover"],"picked":"Guardian:Gem_Green","floor":3},{"not_picked":["Guardian:Preprogram","Guardian:Emergency"],"picked":"Guardian:ShieldCharger","floor":3},{"not_picked":["Guardian:Suspension","Guardian:TemporalStrike"],"picked":"Guardian:DecasProtection","floor":5},{"not_picked":["Guardian:VentSteam","Guardian:Gem_Lightblue","Guardian:Emergency"],"picked":"SKIP","floor":5},{"not_picked":["Guardian:MultiBeam","Guardian:WalkerClaw"],"picked":"Guardian:ConstructionForm","floor":6},{"not_picked":["Guardian:CrystalBeam","Guardian:PrimingBeam"],"picked":"Guardian:WalkerClaw","floor":11},{"not_picked":["Guardian:BronzeArmor","Guardian:PolyBeam"],"picked":"Guardian:Gem_Red","floor":12},{"not_picked":["Guardian:ChargeCore","Guardian:PrimingBeam","Guardian:Suspension"],"picked":"SKIP","floor":12},{"not_picked":["Guardian:TemporalShield","Guardian:Planning"],"picked":"Guardian:BodySlam","floor":14},{"not_picked":["Guardian:TemporalShield","Guardian:Reroute","Guardian:ChargeCore"],"picked":"SKIP","floor":14},{"not_picked":["Guardian:PrimingBeam","Guardian:StasisStrike"],"picked":"Guardian:Gem_Yellow","floor":15},{"not_picked":["Guardian:ShieldCharger","Guardian:CrystalBeam"],"picked":"Guardian:BronzeArmor","floor":15},{"not_picked":["Guardian:StasisField","Guardian:AncientConstruct"],"picked":"Guardian:BaubleBeam","floor":16},{"not_picked":["Guardian:Gem_Green","Guardian:TemporalShield"],"picked":"Guardian:Gem_Purple","floor":19},{"not_picked":["Guardian:Gem_Green","Guardian:TemporalStrike"],"picked":"Guardian:Incinerate+1","floor":19},{"not_picked":["Guardian:Gem_Green","Guardian:Recover+1","Guardian:MultiBeam+1"],"picked":"SKIP","floor":20},{"not_picked":["Guardian:TimeCapacitor+1","Guardian:Incinerate","Guardian:Repulse"],"picked":"SKIP","floor":20},{"not_picked":["Guardian:Emergency","Guardian:Gem_Green"],"picked":"Guardian:SphericShield","floor":21},{"not_picked":["Guardian:Gem_Green","Guardian:SentryBeam","Guardian:RollAttack"],"picked":"SKIP","floor":21}],"player_experience":328171,"relics_obtained":[{"floor":1,"key":"Prayer Wheel"},{"floor":7,"key":"infinitespire:WardingShard"},{"floor":11,"key":"StrikeDummy"},{"floor":17,"key":"Akabeko"},{"floor":17,"key":"Gremlin Horn"},{"floor":17,"key":"Gambling Chip"}],"event_choices":[],"is_beta":false,"boss_relics":[{"not_picked":["Replay:Grab Bag","SacredBark"],"picked":"Calling Bell"}],"items_purged_floors":[6],"is_endless":false,"potions_floor_spawned":[2,11,12,16,20],"killed_by":"downfall:FleeingMerchant","ascension_level":0}}