{"host":"szp1d6dso4pv7ddl","time":1612402971,"event":{"mods":["AchievementEnabler","Alarm Clock","BaseMod","Bestiary","Block Reminder","Colored Map","Colored Powertips","Curses Come First","Dark Map","Displayed Cursed Tome","Highlight Path","Minty Spire (QoL Compilation)","Permanent Neow","Quick Restart","Relic Sorter","Relic Stats","StSLib","Synergy Search"],"gold_per_floor":[112,187,197,66,66,66,97,97,120,138,138,138,149,180,180,257,257,269,269,280,296,296,296],"floor_reached":22,"language":"ENG","playtime":1646,"items_purged":["Clumsy"],"score":359,"play_id":"276d9b02-05c4-49c9-94b2-c4c14900da82","local_time":"20210203174251","is_ascension_mode":true,"campfire_choices":[{"data":"Offering","floor":6.0,"key":"SMITH"},{"floor":8.0,"key":"REST"},{"data":"Bash","floor":12.0,"key":"SMITH"},{"data":"Sword Boomerang","floor":15.0,"key":"SMITH"}],"circlet_count":0,"master_deck":["AscendersBane","Strike_R","Strike_R","Strike_R","Strike_R","Defend_R","Defend_R","Defend_R","Defend_R","Bash+1","Offering+1","Pummel","True Grit","Sword Boomerang+1","Thunderclap","Sword Boomerang","Spot Weakness","Pommel Strike","Reaper","Feed"],"relics":["Burning Blood","Regal Pillow","Oddly Smooth Stone","Akabeko","Runic Cube"],"acts_visited":["Exordium","TheCity"],"potions_floor_usage":[18,20,21],"damage_taken":[{"damage":0.0,"enemies":"2 Louse","floor":1.0,"turns":4.0},{"damage":12.0,"enemies":"Jaw Worm","floor":3.0,"turns":5.0},{"damage":56.0,"enemies":"Lagavulin","floor":7.0,"turns":6.0},{"damage":0.0,"enemies":"Cultist","floor":10.0,"turns":3.0},{"damage":14.0,"enemies":"Exordium Wildlife","floor":13.0,"turns":4.0},{"damage":24.0,"enemies":"Gremlin Nob","floor":14.0,"turns":3.0},{"damage":42.0,"enemies":"The Guardian","floor":16.0,"turns":12.0},{"damage":14,"enemies":"2 Thieves","floor":18,"turns":4},{"damage":21,"enemies":"Shell Parasite","floor":20,"turns":4},{"damage":41,"enemies":"Centurion and Healer","floor":21,"turns":5},{"damage":37,"enemies":"Shelled Parasite and Fungi","floor":22,"turns":3}],"seed_played":"6411241369658825142","potions_obtained":[{"floor":1.0,"key":"FearPotion"},{"floor":14.0,"key":"Fire Potion"},{"floor":16.0,"key":"EssenceOfSteel"},{"floor":20,"key":"Weak Potion"}],"is_trial":false,"path_per_floor":["M","?","M","$","?","R","E","R","T","M","?","R","M","E","R","B",null,"M","?","M","M","M"],"character_chosen":"IRONCLAD","items_purchased":["Sword Boomerang"],"campfire_rested":1,"item_purchase_floors":[4],"current_hp_per_floor":[74,63,57,57,57,57,7,44,44,50,75,75,67,49,49,13,60,52,52,40,18,0,0],"gold":296,"neow_bonus":"THREE_RARE_CARDS","is_daily":false,"chose_seed":false,"campfire_upgraded":3,"win_rate":0.0,"timestamp":1612402971,"path_taken":["M","?","M","$","?","R","E","R","T","?","?","R","M","E","R","BOSS","M","?","M","?","M"],"items_purchased_type":["Card"],"build_version":"2020-12-22","purchased_purges":1,"victory":false,"max_hp_per_floor":[75,75,75,75,75,75,75,75,75,75,75,75,75,75,75,75,75,75,75,78,81,84,84],"relic_stats":{"Regal Pillow":15,"counters":[11,53],"obtain_stats":[{"Regal Pillow":7,"Oddly Smooth Stone":9,"Burning Blood":0,"Akabeko":14,"Runic Cube":17},{"Regal Pillow":3,"Oddly Smooth Stone":3,"Burning Blood":0,"Akabeko":6,"Runic Cube":7},{"Regal Pillow":15,"Oddly Smooth Stone":15,"Burning Blood":0,"Akabeko":25,"Runic Cube":37}],"Burning Blood":60,"Runic Cube":[17]},"card_choices":[{"not_picked":["Demon Form","Limit Break"],"picked":"Offering","floor":0.0},{"not_picked":["Rage","Armaments"],"picked":"Pummel","floor":1.0},{"not_picked":["Body Slam","Perfected Strike"],"picked":"True Grit","floor":3.0},{"not_picked":["Power Through","Thunderclap"],"picked":"Sword Boomerang","floor":7.0},{"not_picked":["Body Slam","Perfected Strike"],"picked":"Spot Weakness","floor":10.0},{"not_picked":["Perfected Strike","Clothesline"],"picked":"Pommel Strike","floor":13.0},{"not_picked":["Combust","Barricade","Armaments"],"picked":"SKIP","floor":14.0},{"not_picked":["Fiend Fire","Impervious"],"picked":"Reaper","floor":16.0},{"not_picked":["Twin Strike","Clothesline","Flex"],"picked":"SKIP","floor":18},{"not_picked":["Uppercut","Heavy Blade","Cleave"],"picked":"SKIP","floor":20},{"not_picked":["Armaments","Warcry","Body Slam"],"picked":"SKIP","floor":21}],"player_experience":1358662,"relics_obtained":[{"floor":7.0,"key":"Regal Pillow"},{"floor":9.0,"key":"Oddly Smooth Stone"},{"floor":14.0,"key":"Akabeko"}],"event_choices":[{"damage_healed":0.0,"max_hp_gain":0.0,"max_hp_loss":0.0,"gold_gain":75.0,"event_name":"World of Goop","player_choice":"Gather Gold","floor":2.0,"gold_loss":0.0,"damage_taken":11.0},{"damage_healed":0.0,"max_hp_gain":0.0,"max_hp_loss":0.0,"gold_gain":0.0,"cards_transformed":["Strike_R"],"event_name":"Transmorgrifier","player_choice":"Transformed","floor":5.0,"gold_loss":0.0,"damage_taken":0.0,"cards_obtained":["Thunderclap"]},{"damage_healed":25.0,"max_hp_gain":0.0,"max_hp_loss":0.0,"gold_gain":0.0,"event_name":"Big Fish","player_choice":"Banana","floor":11.0,"gold_loss":0.0,"damage_taken":0.0},{"damage_healed":0,"gold_gain":0,"player_choice":"1 cards matched","damage_taken":0,"max_hp_gain":0,"max_hp_loss":0,"event_name":"Match and Keep!","floor":19,"gold_loss":0,"cards_obtained":["Feed"]}],"is_beta":false,"boss_relics":[{"not_picked":["SacredBark","Tiny House"],"picked":"Runic Cube"}],"items_purged_floors":[4],"is_endless":false,"potions_floor_spawned":[1,14,16,20],"killed_by":"Shelled Parasite and Fungi","ascension_level":17}}