{"host":"eebsr5bfap1y39p2","time":1612425630,"event":{"mods":["AchievementEnabler","BaseMod","Colored Map","Minty Spire (QoL Compilation)","StSLib","SuperFastMode"],"gold_per_floor":[118,118,131,56,69,69,99,99,99,113,113,125,144,156,156,254,254,271,171,171,46,145,145,162,162,185,203,203,234,261,279,279,279,279],"floor_reached":33,"language":"KOR","playtime":1111,"items_purged":["Strike_P","Defend_P","Defend_P"],"score":401,"play_id":"b9027b3b-57c9-485e-9266-ef4fc41eca5e","local_time":"20210204030030","is_ascension_mode":true,"campfire_choices":[{"data":"Vault","floor":6.0,"key":"SMITH"},{"floor":11.0,"key":"REST"},{"data":"Vigilance","floor":15.0,"key":"SMITH"},{"data":"ClearTheMind","floor":23.0,"key":"SMITH"},{"data":"Tantrum","floor":25.0,"key":"SMITH"},{"floor":32,"key":"REST"}],"circlet_count":0,"master_deck":["AscendersBane","Strike_P","Strike_P","Defend_P","Defend_P","Eruption+1","Vigilance+1","Vault+1","Tantrum+1","ClearTheMind+1"],"relics":["HolyWater","White Beast Statue","Pantograph","Boot","Enchiridion","Red Mask","Anchor"],"acts_visited":["Exordium","TheCity"],"potions_floor_usage":[30,30],"damage_taken":[{"damage":4.0,"enemies":"2 Louse","floor":1.0,"turns":3.0},{"damage":0.0,"enemies":"Cultist","floor":3.0,"turns":3.0},{"damage":0.0,"enemies":"Small Slimes","floor":5.0,"turns":3.0},{"damage":26.0,"enemies":"Lagavulin","floor":7.0,"turns":12.0},{"damage":18.0,"enemies":"3 Louse","floor":10.0,"turns":4.0},{"damage":0.0,"enemies":"Blue Slaver","floor":12.0,"turns":4.0},{"damage":0.0,"enemies":"Gremlin Gang","floor":13.0,"turns":5.0},{"damage":0.0,"enemies":"2 Fungi Beasts","floor":14.0,"turns":4.0},{"damage":13.0,"enemies":"The Guardian","floor":16.0,"turns":15.0},{"damage":0.0,"enemies":"3 Byrds","floor":18.0,"turns":4.0},{"damage":0.0,"enemies":"Spheric Guardian","floor":24.0,"turns":3.0},{"damage":5.0,"enemies":"Snecko","floor":27.0,"turns":4.0},{"damage":0.0,"enemies":"Masked Bandits","floor":29.0,"turns":4.0},{"damage":21,"enemies":"Book of Stabbing","floor":30,"turns":8},{"damage":0,"enemies":"Centurion and Healer","floor":31,"turns":4},{"damage":90,"enemies":"Automaton","floor":33,"turns":11}],"seed_played":"5932807562867094710","potions_obtained":[{"floor":1.0,"key":"PowerPotion"},{"floor":5.0,"key":"PowerPotion"},{"floor":10.0,"key":"Regen Potion"},{"floor":12.0,"key":"SkillPotion"},{"floor":13.0,"key":"Block Potion"},{"floor":14.0,"key":"Block Potion"},{"floor":16.0,"key":"StancePotion"},{"floor":18.0,"key":"BlessingOfTheForge"},{"floor":24.0,"key":"Fruit Juice"},{"floor":27.0,"key":"GamblersBrew"},{"floor":29.0,"key":"PowerPotion"},{"floor":30,"key":"Energy Potion"},{"floor":31,"key":"BlessingOfTheForge"}],"is_trial":false,"path_per_floor":["M","?","M","$","M","R","E","$","T","M","R","M","M","M","R","B",null,"M","$","?","$","?","R","M","R","T","M","?","?","E","M","R","B"],"character_chosen":"WATCHER","items_purchased":[],"campfire_rested":2,"item_purchase_floors":[],"current_hp_per_floor":[61,61,61,61,61,61,35,35,35,17,38,38,52,52,52,59,69,69,69,69,69,69,69,74,74,74,69,53,53,32,32,55,0,0],"gold":279,"neow_bonus":"UPGRADE_CARD","is_daily":false,"chose_seed":false,"campfire_upgraded":4,"win_rate":0.0,"timestamp":1612425630,"path_taken":["M","?","M","$","?","R","E","$","T","M","R","M","M","M","R","BOSS","M","$","?","$","?","R","M","R","T","M","?","?","E","M","R","BOSS"],"items_purchased_type":[],"build_version":"2020-12-22","purchased_purges":3,"victory":false,"max_hp_per_floor":[72,72,72,72,72,72,72,72,72,72,72,72,72,72,72,72,72,72,72,72,72,72,72,77,77,77,77,77,77,77,77,77,77,77],"card_choices":[{"not_picked":["Perseverance","Evaluate","Wallop"],"picked":"SKIP","floor":1.0},{"not_picked":["CrushJoints","EmptyBody","Conclude"],"picked":"SKIP","floor":3.0},{"not_picked":["Evaluate","FollowUp","DeceiveReality"],"picked":"SKIP","floor":5.0},{"not_picked":["EmptyBody","FlurryOfBlows"],"picked":"Tantrum","floor":7.0},{"not_picked":["Sanctity","Tantrum","FlyingSleeves"],"picked":"SKIP","floor":10.0},{"not_picked":["EmptyFist","FollowUp","JustLucky"],"picked":"SKIP","floor":12.0},{"not_picked":["FollowUp","Evaluate","FlyingSleeves"],"picked":"SKIP","floor":13.0},{"not_picked":["Wireheading","BowlingBash","Wallop"],"picked":"SKIP","floor":14.0},{"not_picked":["Swivel","FlyingSleeves","JustLucky"],"picked":"SKIP","floor":18.0},{"not_picked":["EmptyMind","Consecrate","Fasting2"],"picked":"SKIP","floor":24.0},{"not_picked":["JustLucky","EmptyMind","BowlingBash"],"picked":"SKIP","floor":27.0},{"not_picked":["Sanctity+1","Weave","Pray"],"picked":"SKIP","floor":30},{"not_picked":["ReachHeaven+1","PathToVictory","Protect+1"],"picked":"SKIP","floor":31}],"player_experience":404697,"relics_obtained":[{"floor":7.0,"key":"White Beast Statue"},{"floor":9.0,"key":"Pantograph"},{"floor":26.0,"key":"Boot"},{"floor":28.0,"key":"Enchiridion"},{"floor":29.0,"key":"Red Mask"},{"floor":30,"key":"Anchor"}],"event_choices":[{"damage_healed":0.0,"max_hp_gain":0.0,"max_hp_loss":0.0,"gold_gain":0.0,"cards_transformed":["Strike_P"],"event_name":"Transmorgrifier","player_choice":"Transformed","floor":2.0,"gold_loss":0.0,"damage_taken":0.0,"cards_obtained":["Vault"]},{"damage_healed":0.0,"max_hp_gain":0.0,"max_hp_loss":0.0,"gold_gain":0.0,"event_name":"The Library","player_choice":"Read","floor":20.0,"gold_loss":0.0,"damage_taken":0.0,"cards_obtained":["ClearTheMind"]},{"damage_healed":0.0,"max_hp_gain":0.0,"max_hp_loss":0.0,"gold_gain":99.0,"event_name":"Nest","player_choice":"Stole From Cult","floor":22.0,"gold_loss":0.0,"damage_taken":0.0},{"damage_healed":0.0,"max_hp_gain":0.0,"max_hp_loss":0.0,"gold_gain":0.0,"event_name":"Cursed Tome","player_choice":"Obtained Book","floor":28.0,"gold_loss":0.0,"damage_taken":16.0},{"damage_healed":0.0,"max_hp_gain":0.0,"max_hp_loss":0.0,"gold_gain":0.0,"event_name":"Masked Bandits","player_choice":"Fought Bandits","floor":29.0,"gold_loss":0.0,"damage_taken":0.0}],"is_beta":false,"boss_relics":[{"not_picked":["Ectoplasm","Calling Bell"],"picked":"HolyWater"}],"items_purged_floors":[4,19,21],"is_endless":false,"potions_floor_spawned":[1,5,10,12,13,14,16,18,24,27,29,30,31],"killed_by":"Automaton","ascension_level":10}}