{"host":"w01zow3jg16g8jdh","time":1612447993,"event":{"mods":["AchievementEnabler","BaseMod","DeckTracker","Keyboard Shortcuts","Minty Spire (QoL Compilation)","Permanent Neow","StSLib","SuperFastMode"],"gold_per_floor":[116,26,26,26,26,54,54,54,54,88,105,116,127,142,142,216,216,236,286,358,368,418,418,418],"floor_reached":23,"language":"KOR","playtime":315,"items_purged":[],"score":498,"play_id":"6e4dafc4-ca57-4097-8e63-c04451ffd33e","local_time":"20210204231313","is_ascension_mode":true,"campfire_choices":[{"floor":7.0,"key":"REST"},{"data":"Defragment","floor":15.0,"key":"SMITH"}],"circlet_count":0,"master_deck":["AscendersBane","Strike_B","Strike_B","Strike_B","Strike_B+1","Defend_B","Defend_B","Defend_B","Defend_B","Zap","Dualcast","Ball Lightning+1","Capacitor","Defragment+1","Beam Cell+1","Loop","Compile Driver+1","Genetic Algorithm","Sweeping Beam+1","Capacitor","Creative AI","Go for the Eyes+1","Core Surge+1","Turbo+1","Cold Snap+1"],"relics":["Cracked Core","NeowsBlessing","Tiny Chest","White Beast Statue","Molten Egg 2","Prayer Wheel","Black Star","HornCleat"],"acts_visited":["Exordium","TheCity"],"potions_floor_usage":[21,21,23],"damage_taken":[{"damage":0.0,"enemies":"Cultist","floor":1.0,"turns":1.0},{"damage":0.0,"enemies":"Lagavulin","floor":6.0,"turns":1.0},{"damage":0.0,"enemies":"3 Sentries","floor":10.0,"turns":2.0},{"damage":0.0,"enemies":"2 Louse","floor":11.0,"turns":2.0},{"damage":5.0,"enemies":"Jaw Worm","floor":12.0,"turns":2.0},{"damage":0.0,"enemies":"2 Fungi Beasts","floor":13.0,"turns":2.0},{"damage":11.0,"enemies":"Looter","floor":14.0,"turns":2.0},{"damage":14.0,"enemies":"The Guardian","floor":16.0,"turns":10.0},{"damage":31.0,"enemies":"Shell Parasite","floor":18.0,"turns":4.0},{"damage":0,"enemies":"Spheric Guardian","floor":21,"turns":3},{"damage":32,"enemies":"Gremlin Leader","floor":23,"turns":3}],"seed_played":"-1323938985662906520","potions_obtained":[{"floor":1.0,"key":"SmokeBomb"},{"floor":10.0,"key":"DistilledChaos"},{"floor":11.0,"key":"EntropicBrew"},{"floor":12.0,"key":"EssenceOfSteel"},{"floor":16.0,"key":"Swift Potion"},{"floor":18.0,"key":"Strength Potion"},{"floor":21,"key":"GamblersBrew"}],"is_trial":false,"path_per_floor":["M","$","?","?","$","E","R","?","T","E","M","M","M","M","R","B",null,"M","?","T","M","?","E"],"character_chosen":"DEFECT","items_purchased":["Capacitor"],"campfire_rested":1,"item_purchase_floors":[2],"current_hp_per_floor":[64,64,43,8,8,8,29,52,52,52,52,47,47,36,36,22,59,28,28,28,28,28,0,0],"gold":418,"neow_bonus":"THREE_ENEMY_KILL","is_daily":false,"chose_seed":false,"campfire_upgraded":1,"win_rate":0.0,"timestamp":1612447993,"path_taken":["M","?","?","?","?","E","R","?","T","E","M","M","M","M","R","BOSS","M","?","?","M","?","E"],"items_purchased_type":["Card"],"build_version":"2020-12-22","purchased_purges":0,"victory":false,"max_hp_per_floor":[71,71,71,71,71,71,71,71,71,71,71,71,71,71,71,71,71,71,71,71,71,71,71,71],"card_choices":[{"not_picked":["Blizzard","Undo"],"picked":"Ball Lightning","floor":1.0},{"not_picked":["Redo","Sunder"],"picked":"Defragment","floor":6.0},{"not_picked":["Genetic Algorithm","Ball Lightning+1"],"picked":"Beam Cell+1","floor":10.0},{"not_picked":["Redo","Storm"],"picked":"Loop","floor":11.0},{"not_picked":["Turbo","Sweeping Beam+1"],"picked":"Compile Driver+1","floor":11.0},{"not_picked":["Streamline+1","Auto Shields"],"picked":"Genetic Algorithm","floor":12.0},{"not_picked":["Undo","Beam Cell+1"],"picked":"Sweeping Beam+1","floor":12.0},{"not_picked":["Rebound+1","Stack"],"picked":"Capacitor","floor":13.0},{"not_picked":["Steam Power","Darkness"],"picked":"Creative AI","floor":13.0},{"not_picked":["Turbo","Sunder+1"],"picked":"Go for the Eyes+1","floor":14.0},{"not_picked":["Capacitor","Sweeping Beam+1","Stack"],"picked":"SKIP","floor":14.0},{"not_picked":["Buffer","Hyperbeam+1"],"picked":"Core Surge+1","floor":16.0},{"not_picked":["Redo","Sweeping Beam+1"],"picked":"Turbo+1","floor":18.0},{"not_picked":["Go for the Eyes+1","Reinforced Body","Steam"],"picked":"SKIP","floor":18.0},{"not_picked":["Ball Lightning+1","Turbo"],"picked":"Cold Snap+1","floor":21},{"not_picked":["Streamline+1","Genetic Algorithm","Capacitor"],"picked":"SKIP","floor":21}],"player_experience":357796,"relics_obtained":[{"floor":6.0,"key":"White Beast Statue"},{"floor":9.0,"key":"Molten Egg 2"},{"floor":10.0,"key":"Prayer Wheel"},{"floor":20.0,"key":"HornCleat"}],"event_choices":[{"damage_healed":0.0,"max_hp_gain":0.0,"max_hp_loss":0.0,"gold_gain":0.0,"event_name":"Shining Light","player_choice":"Entered Light","floor":3.0,"gold_loss":0.0,"damage_taken":21.0,"cards_upgraded":["Ball Lightning","Strike_B"]},{"damage_healed":0.0,"max_hp_gain":0.0,"max_hp_loss":0.0,"gold_gain":0.0,"event_name":"Scrap Ooze","player_choice":"Success","floor":4.0,"gold_loss":0.0,"damage_taken":35.0,"relics_obtained":["Tiny Chest"]},{"damage_healed":23.0,"max_hp_gain":0.0,"max_hp_loss":0.0,"gold_gain":0.0,"event_name":"Big Fish","player_choice":"Banana","floor":8.0,"gold_loss":0.0,"damage_taken":0.0},{"damage_healed":0.0,"max_hp_gain":0.0,"max_hp_loss":0.0,"gold_gain":50.0,"event_name":"Golden Shrine","player_choice":"Pray","floor":19.0,"gold_loss":0.0,"damage_taken":0.0},{"damage_healed":0,"gold_gain":50,"player_choice":"Stole From Cult","damage_taken":0,"max_hp_gain":0,"max_hp_loss":0,"event_name":"Nest","floor":22,"gold_loss":0}],"is_beta":false,"boss_relics":[{"not_picked":["Cursed Key","Fusion Hammer"],"picked":"Black Star"}],"items_purged_floors":[],"is_endless":false,"potions_floor_spawned":[1,10,11,12,13,14,16,18,21],"killed_by":"Gremlin Leader","ascension_level":20}}