{"host":"gtv41eena9h15rk5","time":1612448540,"event":{"mods":["BaseMod","Colored Powertips","Downfall","Marisa£®ÏF”Í°°ƒß¿Ì…≥£©","Minty Spire (QoL Compilation)","Replay The Spire","Shop Mod","StSLib","The Bug Knight","The Construct","The Cursed","The Runesmith","The Servant 0.9.4","[IsaacMod]“‘»ˆº‚À˛"],"gold_per_floor":[115,40,40,57,57,57,88,88,88,109,109,145,179,195,195,321,321,341,35,35,54,70,70,10,10,90,109,144,243,243,261,261,384,384,399,194,214,233,233,233,274,337,337,371,389,389,0,25,25,25,25,25,25,61,61,61],"floor_reached":55,"language":"ZHS","playtime":3121,"items_purged":["Defend_B","Strike_B","Strike_B"],"score":878,"play_id":"24a959a1-f3a2-454c-a7e9-b366e86f0732","local_time":"20210204222220","is_ascension_mode":true,"campfire_choices":[{"floor":6.0,"key":"RECALL"},{"data":"Capacitor","floor":8.0,"key":"SMITH"},{"data":"Force Field","floor":11.0,"key":"SMITH"},{"floor":15.0,"key":"REST"},{"floor":23.0,"key":"REST"},{"floor":30,"key":"REST"},{"data":"Crystallizer","floor":32,"key":"SMITH"},{"data":"Echo Form","floor":40,"key":"SMITH"},{"floor":46,"key":"REST"},{"data":"Electrodynamics","floor":49,"key":"SMITH"},{"data":"Skim","floor":52,"key":"SMITH"}],"circlet_count":0,"master_deck":["Strike_B","Strike_B","Defend_B","Defend_B","Defend_B","Zap","Dualcast","Capacitor+1","Force Field+1","Skim+1","Stack","Electrodynamics+1","BootSequence","ReplayTheSpireMod:Calculation Training+1","Flash of Steel","Crystallizer+1","Conserve Battery+1","Aggregate","Echo Form+1","FIFO Queue+1","Genetic Algorithm","Madness","Madness","ReplayTheSpireMod:Splinters"],"relics":["Cracked Core","HushsDoor","PunchingBag","NeowsBlessing","Golden Idol","HowToJump","Carrot","Singing Bowl","Odd Mushroom","SacredBark","MerchantsRug","CultistMask","Quantum Egg","MagicMushroom","Iron Hammer","Mango","Gremlin Horn","EdensBlessing","Red Mask","Runesmith:Locket"],"acts_visited":["Exordium","TheCity","TheBeyond","TheEnding"],"potions_floor_usage":[31,33,55,55,55],"damage_taken":[{"damage":0.0,"enemies":"Small Slimes","floor":1.0,"turns":1.0},{"damage":0.0,"enemies":"Cultist","floor":4.0,"turns":1.0},{"damage":0.0,"enemies":"Lagavulin","floor":7.0,"turns":1.0},{"damage":0.0,"enemies":"2 Louse","floor":10.0,"turns":1.0},{"damage":9.0,"enemies":"Gremlin Nob","floor":12.0,"turns":4.0},{"damage":35.0,"enemies":"The Mushroom Lair","floor":13.0,"turns":6.0},{"damage":6.0,"enemies":"Large Slime","floor":14.0,"turns":6.0},{"damage":30.0,"enemies":"Hexaghost","floor":16.0,"turns":15.0},{"damage":2.0,"enemies":"Chosen","floor":18.0,"turns":5.0},{"damage":19.0,"enemies":"Shell Parasite","floor":21.0,"turns":6.0},{"damage":36.0,"enemies":"Shelled Parasite and Fungi","floor":22.0,"turns":7.0},{"damage":8,"enemies":"3 Cultists","floor":27,"turns":3},{"damage":27,"enemies":"Book of Stabbing","floor":28,"turns":7},{"damage":0,"enemies":"Sentry and Sphere","floor":31,"turns":3},{"damage":24,"enemies":"Champ","floor":33,"turns":13},{"damage":2,"enemies":"Orb Walker","floor":35,"turns":3},{"damage":8,"enemies":"3 Shapes","floor":37,"turns":4},{"damage":27,"enemies":"Spire Growth","floor":38,"turns":5},{"damage":15,"enemies":"R_Hoarder","floor":41,"turns":11},{"damage":0,"enemies":"Mind Bloom Boss Battle","floor":42,"turns":6},{"damage":0,"enemies":"Sphere and 2 Shapes","floor":45,"turns":3},{"damage":15,"enemies":"Maw","floor":48,"turns":7},{"damage":73,"enemies":"Donu and Deca","floor":50,"turns":9},{"damage":40,"enemies":"Shield and Spear","floor":54,"turns":6},{"damage":103,"enemies":"LittleHush","floor":55,"turns":11}],"seed_played":"4914609925690932673","potions_obtained":[{"floor":4.0,"key":"Guardian:BlockOnCardUsePotion"},{"floor":12.0,"key":"Swift Potion"},{"floor":14.0,"key":"Elixir"},{"floor":16.0,"key":"Fire Potion"},{"floor":22.0,"key":"BlessingOfTheForge"},{"floor":27,"key":"Slimebound:ThreeZeroPotion"},{"floor":31,"key":"AttackPotion"},{"floor":37,"key":"FearPotion"},{"floor":42,"key":"LifebloodPotion"}],"is_trial":false,"path_per_floor":["M","$","?","M","?","R","E","R","T","M","R","E","?","M","R","B",null,"M","$","?","M","M","R","$","?","T","M","E","?","R","M","R","B",null,"M","$","M","M","?","R","E","?","T","?","M","R","?","M","R","B",null,"R","$","E","B"],"character_chosen":"DEFECT","items_purchased":["MerchantsRug","ReplayTheSpireMod:Calculation Training+1","Flash of Steel","Genetic Algorithm"],"campfire_rested":4,"item_purchase_floors":[19,19,24,36],"current_hp_per_floor":[75,75,75,75,57,57,57,57,57,57,57,50,17,11,34,4,79,77,77,77,60,26,50,50,50,50,42,17,17,42,42,42,18,92,90,90,85,61,49,49,37,54,54,56,59,94,94,82,82,10,120,120,120,82,0,0],"gold":61,"neow_bonus":"THREE_ENEMY_KILL","is_daily":false,"chose_seed":false,"campfire_upgraded":6,"win_rate":0.0,"timestamp":1612448540,"path_taken":["M","$","?","M","?","R","E","R","T","?","R","E","?","M","R","BOSS","M","$","?","M","M","R","?","?","T","M","E","?","R","M","R","BOSS","M","$","M","M","?","R","E","?","T","?","?","R","?","M","R","BOSS","R","$","E","BOSS"],"items_purchased_type":["Relic","Card","Card","Card"],"build_version":"2020-12-22","purchased_purges":3,"victory":false,"max_hp_per_floor":[75,75,75,75,75,75,75,75,75,75,75,77,79,79,79,79,79,79,79,79,81,83,83,83,83,83,83,85,85,85,85,85,85,92,92,92,94,96,96,96,98,114,114,116,118,118,118,120,120,120,120,120,120,122,122,122],"card_choices":[{"not_picked":["Streamline","Stack"],"picked":"Capacitor","floor":1.0},{"not_picked":["Chill","Barrage"],"picked":"Force Field","floor":4.0},{"not_picked":["Reboot","Turbo","Blizzard"],"picked":"SKIP","floor":7.0},{"not_picked":["Barrage","Turbo"],"picked":"Skim","floor":10.0},{"not_picked":["Go for the Eyes","Turbo","Thunder Strike"],"picked":"Singing Bowl","floor":12.0},{"not_picked":["Beam Cell","FIFO Queue","Leap"],"picked":"Singing Bowl","floor":13.0},{"not_picked":["Cold Snap","Compile Driver"],"picked":"Stack","floor":14.0},{"not_picked":["Thunder Strike","ReplayTheSpireMod:Omega Cannon"],"picked":"Electrodynamics","floor":16.0},{"not_picked":["Darkness","Skim"],"picked":"BootSequence","floor":18.0},{"not_picked":["Distribution+1","Redo","Turbo"],"picked":"Singing Bowl","floor":21.0},{"not_picked":["Darkness","Barrage","Coolheaded"],"picked":"Singing Bowl","floor":22.0},{"not_picked":["Steam","Gash"],"picked":"Conserve Battery+1","floor":27},{"not_picked":["Rebound","Distribution","Ball Lightning"],"picked":"Singing Bowl","floor":28},{"not_picked":["Melter","Reprogram"],"picked":"Aggregate","floor":31},{"not_picked":["Reboot","Electrodynamics"],"picked":"Echo Form","floor":33},{"not_picked":["Auto Shields","Barrage"],"picked":"FIFO Queue+1","floor":35},{"not_picked":["Fusion","Capacitor","Auto Shields"],"picked":"Singing Bowl","floor":37},{"not_picked":["Stack+1","Reprogram","BasicCrystalCard+1"],"picked":"Singing Bowl","floor":38},{"not_picked":["Auto Shields","ReplayTheSpireMod:GoodbyeWorld+1","Conserve Battery"],"picked":"Singing Bowl","floor":41},{"not_picked":["Cold Snap","Rebound","Fan+1"],"picked":"Singing Bowl","floor":42},{"not_picked":["Rip and Tear","BootSequence","Seek"],"picked":"Singing Bowl","floor":44},{"not_picked":["Sweeping Beam+1","Gash","Stack+1"],"picked":"Singing Bowl","floor":45},{"not_picked":["BasicCrystalCard","Recycle+1","Redo"],"picked":"Singing Bowl","floor":48},{"not_picked":["Conserve Battery+1","Barrage","Ball Lightning"],"picked":"Singing Bowl","floor":54}],"player_experience":245587,"relics_obtained":[{"floor":7.0,"key":"HowToJump"},{"floor":9.0,"key":"Carrot"},{"floor":12.0,"key":"Singing Bowl"},{"floor":13.0,"key":"Odd Mushroom"},{"floor":28,"key":"Quantum Egg"},{"floor":41,"key":"Iron Hammer"},{"floor":42,"key":"Mango"},{"floor":43,"key":"Gremlin Horn"},{"floor":44,"key":"EdensBlessing"},{"floor":54,"key":"Runesmith:Locket"}],"event_choices":[{"damage_healed":0.0,"max_hp_gain":0.0,"max_hp_loss":0.0,"gold_gain":0.0,"event_name":"Golden Idol","player_choice":"Take Damage","floor":5.0,"gold_loss":0.0,"damage_taken":18.0,"relics_obtained":["Golden Idol"]},{"damage_healed":0.0,"max_hp_gain":0.0,"max_hp_loss":0.0,"gold_gain":0.0,"event_name":"Mushrooms","player_choice":"Fought Mushrooms","floor":13.0,"gold_loss":0.0,"damage_taken":0.0},{"damage_healed":0.0,"max_hp_gain":0.0,"max_hp_loss":0.0,"gold_gain":0.0,"event_name":"FaceTrader","player_choice":"Trade","floor":20.0,"gold_loss":0.0,"damage_taken":0.0,"relics_obtained":["CultistMask"]},{"damage_healed":0,"gold_gain":0,"player_choice":"Read","damage_taken":0,"max_hp_gain":0,"max_hp_loss":0,"event_name":"The Library","floor":25,"gold_loss":0,"cards_obtained":["Crystallizer"]},{"damage_healed":0,"gold_gain":99,"player_choice":"Stole From Cult","damage_taken":0,"max_hp_gain":0,"max_hp_loss":0,"event_name":"Nest","floor":29,"gold_loss":0},{"damage_healed":0,"gold_gain":0,"player_choice":"Embrace Madness","damage_taken":12,"max_hp_gain":0,"max_hp_loss":0,"event_name":"Winding Halls","floor":39,"gold_loss":0,"cards_obtained":["Madness","Madness"]},{"damage_healed":0,"gold_gain":0,"player_choice":"Fight","damage_taken":0,"max_hp_gain":0,"max_hp_loss":0,"event_name":"MindBloom","floor":42,"gold_loss":0},{"damage_healed":0,"gold_gain":0,"player_choice":"Paid","damage_taken":0,"relics_obtained":["Red Mask"],"max_hp_gain":0,"max_hp_loss":0,"event_name":"Tomb of Lord Red Mask","floor":47,"gold_loss":389}],"is_beta":false,"boss_relics":[{"not_picked":["Ring of Chaos","Ectoplasm"],"picked":"SacredBark"},{"not_picked":[]},{"not_picked":["Astrolabe","Philosopher\u0027s Stone"],"picked":"MagicMushroom"},{"not_picked":[]}],"items_purged_floors":[2,19,36],"is_endless":false,"potions_floor_spawned":[4,12,14,16,22,27,31,37,42],"killed_by":"LittleHush","ascension_level":3}}