{"host":"6fkscwgr344hcmao","time":1612470491,"event":{"mods":["2.2 Compatiblity","AchievementEnabler","BaseMod","Colored Map","Highlight Path","Minty Spire (QoL Compilation)","Random Character Button","Rare Cards Sparkle"],"gold_per_floor":[115,115,135,9,9,44,57,57,57,57,73,85,100,115,115,115,115],"floor_reached":16,"language":"POL","playtime":511,"items_purged":["Strike_R"],"score":129,"play_id":"1a22a15d-bf39-4c63-a81e-19f963541236","local_time":"20210204212811","is_ascension_mode":false,"campfire_choices":[{"data":"Bash","floor":8,"key":"SMITH"},{"floor":15,"key":"REST"}],"circlet_count":0,"master_deck":["Strike_R","Strike_R","Defend_R","Defend_R","Defend_R","Defend_R","Bash+1","Strike_R","Warcry"],"relics":["Burning Blood","NeowsBlessing","Gremlin Horn","Matryoshka"],"acts_visited":["Exordium"],"potions_floor_usage":[12,16],"damage_taken":[{"damage":0,"enemies":"Small Slimes","floor":1,"turns":1},{"damage":0,"enemies":"Cultist","floor":3,"turns":1},{"damage":0,"enemies":"Lagavulin","floor":6,"turns":1},{"damage":2,"enemies":"2 Louse","floor":7,"turns":3},{"damage":0,"enemies":"Large Slime","floor":11,"turns":6},{"damage":16,"enemies":"Blue Slaver","floor":12,"turns":5},{"damage":6,"enemies":"Lots of Slimes","floor":13,"turns":4},{"damage":25,"enemies":"Gremlin Gang","floor":14,"turns":5},{"damage":83,"enemies":"Slime Boss","floor":16,"turns":11}],"seed_played":"5797127498614671059","potions_obtained":[{"floor":6,"key":"DistilledChaos"},{"floor":7,"key":"GamblersBrew"},{"floor":14,"key":"Dexterity Potion"}],"is_trial":false,"path_per_floor":["M","?","M","$","?","E","M","R","T","?","M","M","M","M","R","B"],"character_chosen":"IRONCLAD","items_purchased":["Warcry"],"campfire_rested":1,"item_purchase_floors":[4],"current_hp_per_floor":[80,80,80,80,73,79,80,80,80,85,85,75,75,56,81,0,0],"gold":115,"neow_bonus":"THREE_ENEMY_KILL","is_daily":false,"chose_seed":false,"campfire_upgraded":1,"win_rate":0.0,"timestamp":1612470491,"path_taken":["M","?","M","?","?","E","M","R","T","?","M","?","M","M","R","BOSS"],"items_purchased_type":["Card"],"build_version":"2020-12-22","purchased_purges":1,"victory":false,"max_hp_per_floor":[80,80,80,80,80,80,80,80,80,85,85,85,85,85,85,85,85],"card_choices":[{"not_picked":["Perfected Strike","Havoc","Pommel Strike"],"picked":"SKIP","floor":1},{"not_picked":["Body Slam","Shrug It Off","Intimidate"],"picked":"SKIP","floor":3},{"not_picked":["Body Slam","Cleave","Twin Strike"],"picked":"SKIP","floor":6},{"not_picked":["Headbutt","Warcry","Sword Boomerang"],"picked":"SKIP","floor":7},{"not_picked":["Hemokinesis","Clothesline","Wild Strike"],"picked":"SKIP","floor":11},{"not_picked":["Sword Boomerang","Havoc","Burning Pact"],"picked":"SKIP","floor":12},{"not_picked":["Exhume","Perfected Strike","Anger"],"picked":"SKIP","floor":13},{"not_picked":["Thunderclap","Shockwave","Twin Strike"],"picked":"SKIP","floor":14}],"player_experience":239299,"relics_obtained":[{"floor":6,"key":"Gremlin Horn"},{"floor":9,"key":"Matryoshka"}],"event_choices":[{"cards_removed":["Strike_R"],"damage_healed":0,"gold_gain":0,"player_choice":"Took Card","damage_taken":0,"max_hp_gain":0,"max_hp_loss":0,"event_name":"NoteForYourself","floor":2,"gold_loss":0,"cards_obtained":["Strike_R"]},{"cards_removed":["Strike_R"],"damage_healed":0,"gold_gain":0,"player_choice":"Card Removal","damage_taken":7,"max_hp_gain":0,"max_hp_loss":0,"event_name":"Golden Wing","floor":5,"gold_loss":0},{"damage_healed":0,"gold_gain":0,"player_choice":"Donut","damage_taken":0,"max_hp_gain":5,"max_hp_loss":0,"event_name":"Big Fish","floor":10,"gold_loss":0}],"is_beta":false,"boss_relics":[],"items_purged_floors":[4],"is_endless":false,"potions_floor_spawned":[6,7,14],"killed_by":"Slime Boss","ascension_level":0}}