{"host":"Jinnai","time":1612447186,"event":{"mods":["BaseMod","Bestiary","Block Reminder","Colored Map","Colored Powertips","Highlight Path","Minty Spire (QoL Compilation)","Quick Restart","Relic Stats","StSLib"],"gold_per_floor":[144,189,234,279,44,44,144,189,189,234,279,324,324,414,414,714,714,759,804,804,576,103,193,193,108,158,203,248,248,293,338,338,638,638,683,728,357,507,507,597,597,379,379,424,514,514,514,559,559,559],"floor_reached":51,"language":"ENG","playtime":2730,"items_purged":["Heavy Blade"],"score":881,"play_id":"c66b6d69-b862-46d7-b8e4-d2dbfbc2381a","local_time":"20210204085946","daily_mods":["Insanity","Red Cards","Midas"],"is_ascension_mode":false,"campfire_choices":[{"floor":6,"key":"REST"},{"floor":15,"key":"REST"},{"floor":24,"key":"REST"},{"floor":32,"key":"REST"},{"floor":46,"key":"REST"},{"floor":49,"key":"REST"}],"circlet_count":0,"master_deck":["Stack","Flex","Shrug It Off","Fire Breathing","Rip and Tear","Bloodletting","Disarm","Anger","Flex","Barrage+1","Warcry","Barrage","Go for the Eyes","Hello World","Dual Wield","Steam","Leap","Blood for Blood","Warcry","Metallicize","Shrug It Off","Flame Barrier","Shrug It Off","Reckless Charge+1","Conserve Battery","Clothesline","Clothesline","Barrage","Genetic Algorithm","Shrug It Off","Hologram","Cleave","Cold Snap","Force Field","Loop","Scrape","Whirlwind","Undo","Chaos","Chaos","Warcry","Gash","Ball Lightning","Tempest","Clash","Double Energy","Warcry","Seek","Double Tap","Coolheaded","Self Repair","Seek","Capacitor","Feed","Pommel Strike","Beam Cell+1","Writhe","Offering","Defragment","Loop","Madness","Madness","Demon Form","Demon Form","Aggregate","Perfected Strike+1","Tempest+1"],"relics":["Cracked Core","Gremlin Horn","Cables","Philosopher\u0027s Stone","Whetstone","Toolbox","Shuriken","Orichalcum","Happy Flower","Bronze Scales","Ornamental Fan","Sozu","Anchor","Regal Pillow","Emotion Chip","InkBottle","ClockworkSouvenir","The Courier","Ginger"],"acts_visited":["Exordium","TheCity","TheBeyond"],"potions_floor_usage":[14,16,38,50,50],"damage_taken":[{"damage":0,"enemies":"Small Slimes","floor":1,"turns":2},{"damage":0,"enemies":"Cultist","floor":2,"turns":2},{"damage":0,"enemies":"2 Louse","floor":3,"turns":2},{"damage":13,"enemies":"Exordium Thugs","floor":4,"turns":4},{"damage":9,"enemies":"Looter","floor":8,"turns":3},{"damage":4,"enemies":"Large Slime","floor":10,"turns":5},{"damage":0,"enemies":"Exordium Wildlife","floor":11,"turns":2},{"damage":0,"enemies":"3 Louse","floor":12,"turns":1},{"damage":14,"enemies":"3 Sentries","floor":14,"turns":4},{"damage":1,"enemies":"Hexaghost","floor":16,"turns":10},{"damage":9,"enemies":"Shell Parasite","floor":18,"turns":5},{"damage":11,"enemies":"3 Byrds","floor":19,"turns":5},{"damage":1,"enemies":"Slavers","floor":23,"turns":4},{"damage":18,"enemies":"Snake Plant","floor":27,"turns":2},{"damage":1,"enemies":"Sentry and Sphere","floor":28,"turns":4},{"damage":6,"enemies":"Chosen and Byrds","floor":30,"turns":3},{"damage":22,"enemies":"Shelled Parasite and Fungi","floor":31,"turns":3},{"damage":30,"enemies":"Collector","floor":33,"turns":9},{"damage":0,"enemies":"Orb Walker","floor":35,"turns":3},{"damage":21,"enemies":"3 Shapes","floor":36,"turns":3},{"damage":3,"enemies":"Mind Bloom Boss Battle","floor":38,"turns":7},{"damage":15,"enemies":"Reptomancer","floor":40,"turns":5},{"damage":17,"enemies":"Jaw Worm Horde","floor":44,"turns":4},{"damage":10,"enemies":"Nemesis","floor":45,"turns":5},{"damage":11,"enemies":"Sphere and 2 Shapes","floor":48,"turns":4},{"damage":73,"enemies":"Time Eater","floor":50,"turns":6}],"seed_played":"2514053361250750194","potions_obtained":[{"floor":4,"key":"Weak Potion"},{"floor":11,"key":"ColorlessPotion"},{"floor":12,"key":"Explosive Potion"},{"floor":16,"key":"Fire Potion"},{"floor":18,"key":"LiquidBronze"},{"floor":23,"key":"CultistPotion"}],"is_trial":false,"path_per_floor":["M","M","M","M","$","R","?","M","T","M","M","M","?","E","R","B",null,"M","M","?","$","$","E","R","?","T","M","M","?","M","M","R","B",null,"M","M","$","?","?","E","?","$","T","M","E","R","?","M","R","B",null],"character_chosen":"DEFECT","items_purchased":["Seek","Whetstone","Capacitor","Feed","Toolbox","Shuriken","Defragment","Anchor","Regal Pillow","ClockworkSouvenir","Aggregate"],"campfire_rested":6,"item_purchase_floors":[5,21,21,22,22,22,37,37,37,42,42],"current_hp_per_floor":[75,75,75,62,62,75,75,66,66,62,62,62,62,48,70,69,75,73,69,74,74,74,73,75,75,75,57,59,59,56,37,62,35,87,87,76,76,80,69,54,54,54,54,50,47,90,90,82,99,26],"gold":559,"neow_bonus":"","is_daily":true,"chose_seed":false,"campfire_upgraded":0,"win_rate":0.0,"timestamp":1612447186,"path_taken":["M","M","M","M","$","R","?","M","T","?","?","M","?","E","R","BOSS","M","?","?","?","$","E","R","?","T","M","M","?","M","M","R","BOSS","M","M","$","?","?","E","?","$","T","?","E","R","?","M","R","BOSS"],"items_purchased_type":["Card","Relic","Card","Card","Relic","Relic","Card","Relic","Relic","Relic","Card"],"build_version":"2020-12-18","purchased_purges":1,"victory":true,"max_hp_per_floor":[75,75,75,75,75,75,75,75,75,75,75,75,75,75,75,75,75,75,75,75,75,75,75,75,75,75,75,78,78,81,84,84,87,87,87,90,90,90,90,90,90,90,90,96,96,96,96,99,99,99],"relic_stats":{"Regal Pillow":15,"Gremlin Horn":[23,23],"Happy Flower":[19],"counters":[26,106],"Whetstone":["Barrage","Reckless Charge"],"Ginger":[1],"Orichalcum":[84],"Cables":[82,77,5,0,0],"Sozu":2,"Emotion Chip":[27,22,5,0,0],"Shuriken":[19],"Ornamental Fan":[56],"Bronze Scales":[176],"obtain_stats":[{"Regal Pillow":37,"Gremlin Horn":9,"Happy Flower":25,"The Courier":43,"Whetstone":21,"Ginger":45,"Orichalcum":23,"Cables":14,"ClockworkSouvenir":42,"Sozu":34,"Anchor":37,"Emotion Chip":38,"Shuriken":22,"Ornamental Fan":29,"Bronze Scales":26,"Toolbox":22,"Philosopher\u0027s Stone":17,"Cracked Core":0,"InkBottle":40},{"Regal Pillow":20,"Gremlin Horn":5,"Happy Flower":13,"The Courier":22,"Whetstone":12,"Ginger":24,"Orichalcum":13,"Cables":9,"ClockworkSouvenir":22,"Sozu":18,"Anchor":20,"Emotion Chip":21,"Shuriken":12,"Ornamental Fan":15,"Bronze Scales":13,"Toolbox":12,"Philosopher\u0027s Stone":10,"Cracked Core":0,"InkBottle":22},{"Regal Pillow":75,"Gremlin Horn":13,"Happy Flower":48,"The Courier":87,"Whetstone":44,"Ginger":96,"Orichalcum":48,"Cables":25,"ClockworkSouvenir":87,"Sozu":69,"Anchor":75,"Emotion Chip":82,"Shuriken":44,"Ornamental Fan":54,"Bronze Scales":48,"Toolbox":44,"Philosopher\u0027s Stone":35,"Cracked Core":0,"InkBottle":87}],"InkBottle":[7]},"card_choices":[{"not_picked":["Rebound","Havoc","Barrage"],"picked":"SKIP","floor":1},{"not_picked":["Wild Strike","Heavy Blade","Thunderclap"],"picked":"SKIP","floor":2},{"not_picked":["Armaments","Sweeping Beam","Stack"],"picked":"SKIP","floor":3},{"not_picked":["Dual Wield","Searing Blow","True Grit"],"picked":"SKIP","floor":4},{"not_picked":["Anger","Redo"],"picked":"Double Tap","floor":8},{"not_picked":["Wild Strike","Leap","Headbutt"],"picked":"SKIP","floor":10},{"not_picked":["Streamline","Clothesline","Compile Driver"],"picked":"SKIP","floor":11},{"not_picked":["Iron Wave","Hologram"],"picked":"Coolheaded","floor":12},{"not_picked":["Heavy Blade","Capacitor"],"picked":"Self Repair","floor":14},{"not_picked":["Brutality","Meteor Strike"],"picked":"Seek","floor":16},{"not_picked":["Steam","Tempest","Warcry"],"picked":"SKIP","floor":18},{"not_picked":["Scrape","Perfected Strike","Flex"],"picked":"SKIP","floor":19},{"not_picked":["Bloodletting","Clothesline"],"picked":"Pommel Strike","floor":23},{"not_picked":["Force Field+1","Iron Wave"],"picked":"Spot Weakness+1","floor":27},{"not_picked":["Shrug It Off","Entrench+1"],"picked":"Beam Cell+1","floor":28},{"not_picked":["Chaos+1","Havoc","Body Slam"],"picked":"SKIP","floor":30},{"not_picked":["Consume","BootSequence","Redo"],"picked":"SKIP","floor":31},{"not_picked":["Brutality","Amplify"],"picked":"Offering","floor":33},{"not_picked":["Thunderclap","Wild Strike","Body Slam"],"picked":"SKIP","floor":35},{"not_picked":["Heavy Blade+1","Combust","Sword Boomerang+1"],"picked":"SKIP","floor":36},{"not_picked":["Capacitor","Go for the Eyes+1"],"picked":"Loop","floor":38},{"not_picked":["Perfected Strike+1","Iron Wave+1"],"picked":"Demon Form","floor":40},{"not_picked":["Steam","White Noise+1","Compile Driver+1"],"picked":"SKIP","floor":44},{"not_picked":["Rupture","Turbo"],"picked":"Perfected Strike+1","floor":45},{"not_picked":["Chill","Chaos+1"],"picked":"Tempest+1","floor":48}],"player_experience":1641761,"relics_obtained":[{"floor":9,"key":"Gremlin Horn"},{"floor":14,"key":"Cables"},{"floor":23,"key":"Orichalcum"},{"floor":26,"key":"Bronze Scales"},{"floor":38,"key":"Emotion Chip"},{"floor":40,"key":"InkBottle"},{"floor":43,"key":"The Courier"},{"floor":45,"key":"Ginger"}],"event_choices":[{"damage_healed":0,"gold_gain":100,"player_choice":"Pray","damage_taken":0,"max_hp_gain":0,"max_hp_loss":0,"event_name":"Golden Shrine","floor":7,"gold_loss":0},{"damage_healed":0,"gold_gain":0,"player_choice":"Bought 0 Potions","damage_taken":0,"max_hp_gain":0,"max_hp_loss":0,"event_name":"The Woman in Blue","floor":13,"gold_loss":0},{"cards_removed":["Havoc"],"damage_healed":5,"gold_gain":0,"player_choice":"Offered Common","damage_taken":0,"max_hp_gain":0,"max_hp_loss":0,"event_name":"Bonfire Elementals","floor":20,"gold_loss":0},{"cards_removed":["Havoc"],"damage_healed":5,"gold_gain":0,"player_choice":"Offered Special","damage_taken":0,"max_hp_gain":0,"max_hp_loss":0,"event_name":"Bonfire Elementals","floor":20,"gold_loss":0},{"damage_healed":0,"gold_gain":0,"player_choice":"Obtained Relic","damage_taken":0,"relics_obtained":["Happy Flower"],"max_hp_gain":0,"max_hp_loss":0,"event_name":"Addict","floor":25,"gold_loss":85},{"damage_healed":0,"gold_gain":0,"player_choice":"Opened","damage_taken":0,"relics_obtained":["Ornamental Fan"],"max_hp_gain":0,"max_hp_loss":0,"event_name":"The Mausoleum","floor":29,"gold_loss":0,"cards_obtained":["Writhe"]},{"damage_healed":0,"gold_gain":0,"player_choice":"Fight","damage_taken":0,"max_hp_gain":0,"max_hp_loss":0,"event_name":"MindBloom","floor":38,"gold_loss":0},{"damage_healed":0,"gold_gain":0,"player_choice":"Embrace Madness","damage_taken":11,"max_hp_gain":0,"max_hp_loss":0,"event_name":"Winding Halls","floor":39,"gold_loss":0,"cards_obtained":["Madness","Madness"]},{"damage_healed":0,"gold_gain":0,"cards_transformed":["Wild Strike"],"player_choice":"Transformed","damage_taken":0,"max_hp_gain":0,"max_hp_loss":0,"event_name":"Transmorgrifier","floor":41,"gold_loss":0,"cards_obtained":["Demon Form"]},{"cards_removed":["Spot Weakness"],"damage_healed":0,"gold_gain":0,"player_choice":"Removed Skill","damage_taken":0,"max_hp_gain":0,"max_hp_loss":0,"event_name":"Falling","floor":47,"gold_loss":0}],"is_beta":true,"boss_relics":[{"not_picked":["Empty Cage","Runic Dome"],"picked":"Philosopher\u0027s Stone"},{"not_picked":["SacredBark","Nuclear Battery"],"picked":"Sozu"}],"items_purged_floors":[5],"is_endless":false,"potions_floor_spawned":[4,11,12,16,18,19,23,31,36,38,45],"ascension_level":0}}