{"host":"erjc6dqs793djrmy","time":1612464188,"event":{"mods":["BaseMod","Minty Spire (QoL Compilation)","StSLib","The Animator"],"gold_per_floor":[117,31,65,84,84,84,117,117,117,97,130,2,45,62,62,137,137,153,153,78,78,51,78,89,115,193,193,222,222,19,39,39,116,116,135,0,0,0,12,47,47,65,65,65,78,121,21,36,36,36,36,36,431,481,536,606,606,80,155,235,235,235,330,330,568,99,214,214,214],"floor_reached":70,"language":"ENG","playtime":11673,"items_purged":["animator:Strike","animator:Strike+1","animator:TukaLunaMarceau","animator:TukaLunaMarceau+1"],"score":2133,"play_id":"c1324dca-7d63-4f84-bf17-0df7f40c7baa","local_time":"20210204134308","is_ascension_mode":true,"campfire_choices":[{"data":"animator:Chung","floor":6,"key":"SMITH"},{"data":"animator:Albedo","floor":8,"key":"SMITH"},{"data":"animator:Guren","floor":15,"key":"SMITH"},{"floor":27,"key":"REST"},{"floor":32,"key":"REST"},{"data":"animator:Guren","floor":41,"key":"SMITH"},{"floor":44,"key":"RECALL"},{"data":"animator:HiiragiShinya","floor":49,"key":"SMITH"},{"floor":52,"key":"REST"},{"floor":62,"key":"REST"},{"data":"animator:Sebas","floor":68,"key":"SMITH"}],"circlet_count":0,"master_deck":["AscendersBane","animator:Defend_Elsword+1","animator:Chung+1","animator:Raven+1","animator:Mikaela+1","animator:Guren+1","animator:Albedo+1","animator:YaoHaDucy+1","animator:Sebas+1","animator:Mikaela+1","animator:Priestess+1","animator:Yoichi+1","animator:Albedo+1","animator:HiiragiShinya+1","animator:PandorasActor+1","animator:Shalltear+1","animator:Demiurge+1","animator:Guren+1","animator:FeridBathory+1","animator:YaoHaDucy+1","animator:Demiurge+1","animator:Yoichi+1","animator:FeridBathory+1","animator:Cocytus+1","animator:Sebas+1","animator:Albedo+1","animator:YaoHaDucy+1","animator:YaoHaDucy+1","animator:Mikaela+1","animator:Eve+1","animator:Shalltear+1","animator:Mitsuba+1","animator:Demiurge+1","animator:Zero+1","animator:Guren+1","animator:Shinoa+1","animator:PandorasActor+1","animator:MisaKurobane+1","animator:Sebas+1"],"relics":["animator:TheEgnaroPiece","animator:AncientMedallion"],"acts_visited":["Exordium","TheCity","TheBeyond","TheEnding","EYB:TheUnnamedReign"],"potions_floor_usage":[11,13,16,23,25,28,33,42,42,50,50,59,60,60,69,69],"damage_taken":[{"damage":0,"enemies":"Jaw Worm","floor":1,"turns":1},{"damage":0,"enemies":"2 Louse","floor":4,"turns":1},{"damage":0,"enemies":"Gremlin Nob","floor":7,"turns":1},{"damage":13,"enemies":"3 Sentries","floor":11,"turns":12},{"damage":14,"enemies":"Gremlin Nob","floor":13,"turns":5},{"damage":0,"enemies":"Cultist","floor":14,"turns":4},{"damage":8,"enemies":"Slime Boss","floor":16,"turns":6},{"damage":7,"enemies":"Chosen","floor":18,"turns":4},{"damage":14,"enemies":"2 Thieves","floor":22,"turns":5},{"damage":19,"enemies":"Book of Stabbing","floor":23,"turns":8},{"damage":0,"enemies":"Chosen and Byrds","floor":24,"turns":6},{"damage":7,"enemies":"Gremlin Leader","floor":25,"turns":11},{"damage":25,"enemies":"Slavers","floor":28,"turns":8},{"damage":7,"enemies":"Sentry and Sphere","floor":31,"turns":6},{"damage":0,"enemies":"Automaton","floor":33,"turns":8},{"damage":8,"enemies":"3 Darklings","floor":35,"turns":6},{"damage":0,"enemies":"Orb Walker","floor":39,"turns":3},{"damage":19,"enemies":"Reptomancer","floor":40,"turns":9},{"damage":0,"enemies":"Jaw Worm Horde","floor":42,"turns":5},{"damage":0,"enemies":"Sphere and 2 Shapes","floor":45,"turns":5},{"damage":8,"enemies":"Nemesis","floor":46,"turns":9},{"damage":0,"enemies":"Maw","floor":48,"turns":8},{"damage":2,"enemies":"Time Eater","floor":50,"turns":11},{"damage":0,"enemies":"animator:UNNAMED_HAT","floor":54,"turns":15},{"damage":9,"enemies":"animator:TRIPLE_SHAPES_WEAK","floor":55,"turns":9},{"damage":48,"enemies":"animator:LARGE_CUBE","floor":59,"turns":6},{"damage":15,"enemies":"animator:TRIPLE_LAGAVULIN","floor":60,"turns":7},{"damage":0,"enemies":"animator:ULTIMATE_WISP","floor":63,"turns":10},{"damage":9,"enemies":"animator:ULTIMATE_CUBE","floor":67,"turns":8}],"seed_played":"6405484243947404071","potions_obtained":[{"floor":4,"key":"SteroidPotion"},{"floor":10,"key":"PowerPotion"},{"floor":11,"key":"FearPotion"},{"floor":13,"key":"Energy Potion"},{"floor":18,"key":"DuplicationPotion"},{"floor":25,"key":"DistilledChaos"},{"floor":31,"key":"DuplicationPotion"},{"floor":39,"key":"PowerPotion"},{"floor":42,"key":"SteroidPotion"},{"floor":48,"key":"FearPotion"},{"floor":54,"key":"animator:FalseLifePotion"},{"floor":55,"key":"animator:FalseLifePotion"},{"floor":59,"key":"animator:FalseLifePotion"},{"floor":60,"key":"animator:FalseLifePotion"},{"floor":63,"key":"animator:FalseLifePotion"}],"is_trial":false,"path_per_floor":["M","$","?","M","?","R","E","R","T","?","E","$","E","M","R","B",null,"M","?","?","?","M","E","M","E","T","R","E","?","$","M","R","B",null,"M","?","?","$","M","E","R","M","T","R","M","E","$","M","R","B",null,"R","??","M","M","T","?","$","M","M","?","R","E","T","?","$","E","R","B",null],"character_chosen":"THE_ANIMATOR","items_purchased":["animator:Arpeggio","animator:TukaLunaMarceau","animator:Sebas","animator:Mikaela","LiquidMemories","BlessingOfTheForge","animator:Guren","animator:AncientMedallion","animator:AncientMedallion","animator:MisaKurobane"],"campfire_rested":4,"item_purchase_floors":[2,2,12,12,30,30,58,58,66,66],"current_hp_per_floor":[59,59,59,59,46,46,46,46,46,46,43,43,29,29,29,21,70,65,65,65,49,37,20,22,17,17,45,22,22,22,17,46,48,87,81,81,81,81,83,66,66,68,68,68,70,64,64,70,70,76,106,116,98,98,98,98,98,98,50,47,17,46,62,62,62,62,81,81,94],"gold":214,"neow_bonus":"THREE_ENEMY_KILL","is_daily":false,"chose_seed":false,"campfire_upgraded":6,"win_rate":0.0,"timestamp":1612464188,"path_taken":["M","$","?","M","?","R","E","R","T","?","E","$","E","M","R","BOSS","M","?","?","?","M","E","M","E","T","R","E","?","$","M","R","BOSS","M","?","?","?","M","E","R","M","T","R","M","E","$","M","R","BOSS","R","??","M","M","T","?","$","M","M","?","R","E","T","?","$","E","R","BOSS"],"items_purchased_type":["Card","Card","Card","Card","Potion","Potion","Card","Relic","Relic","Card"],"build_version":"2020-12-22","purchased_purges":4,"victory":true,"max_hp_per_floor":[66,66,66,66,66,66,66,66,66,66,76,76,76,76,76,76,84,86,86,86,86,88,90,92,94,94,94,96,96,96,98,98,100,100,102,102,102,102,104,106,106,108,108,108,110,112,112,114,114,116,116,116,98,98,98,98,98,98,98,98,98,98,98,98,98,98,98,98,98],"card_choices":[{"not_picked":["animator:Shigure","animator:LizardPriest"],"picked":"animator:Mikaela","floor":1},{"not_picked":["animator:Vesta","animator:Ciel"],"picked":"animator:Guren","floor":4},{"not_picked":["animator:Chung","animator:Viivi"],"picked":"animator:Albedo","floor":7},{"not_picked":["animator:Bozes","animator:Tyuule"],"picked":"animator:YaoHaDucy","floor":11},{"not_picked":["animator:Hakurou","animator:Elsword"],"picked":"animator:Priestess","floor":13},{"not_picked":["animator:LizardPriest","animator:Add"],"picked":"animator:Yoichi","floor":14},{"not_picked":["animator:FeridBathory","animator:ItamiYouji"],"picked":"animator:Albedo","floor":16},{"not_picked":["animator:Kuribayashi+1","animator:Shion"],"picked":"animator:HiiragiShinya","floor":18},{"not_picked":["animator:Demiurge","animator:Cocytus"],"picked":"animator:Shalltear","floor":22},{"not_picked":["animator:Laby","animator:LeleiLaLalena"],"picked":"animator:Demiurge+1","floor":23},{"not_picked":["animator:LeleiLaLalena","animator:Millim"],"picked":"animator:Guren","floor":24},{"not_picked":["animator:Ara","animator:Kaijin"],"picked":"animator:FeridBathory","floor":25},{"not_picked":["animator:Entoma","animator:Laby+1"],"picked":"animator:YaoHaDucy","floor":27},{"not_picked":["animator:Cocytus","animator:NarberalGamma"],"picked":"animator:Demiurge","floor":28},{"not_picked":["animator:Ain","animator:TukaLunaMarceau"],"picked":"animator:Yoichi","floor":31},{"not_picked":["animator:Benimaru","animator:Rena"],"picked":"animator:TukaLunaMarceau","floor":32},{"not_picked":["animator:AcuraShin","animator:ItamiYouji"],"picked":"animator:FeridBathory","floor":33},{"not_picked":["animator:GuildGirl+1","animator:LizardPriest"],"picked":"animator:YaoHaDucy","floor":35},{"not_picked":["animator:Kaijin","animator:Benimaru","animator:Lu"],"picked":"SKIP","floor":39},{"not_picked":["animator:Tyuule","animator:TukaLunaMarceau"],"picked":"animator:YaoHaDucy","floor":40},{"not_picked":["animator:Cocytus","animator:Elsword","animator:GazelDwargon"],"picked":"SKIP","floor":42},{"not_picked":["animator:Hakurou+1","animator:Kaijin"],"picked":"animator:Mikaela","floor":45},{"not_picked":["animator:LizardPriest+1","animator:Tyuule+1"],"picked":"animator:Eve","floor":46},{"not_picked":["animator:Entoma","animator:Demiurge"],"picked":"animator:Shalltear","floor":48},{"not_picked":["animator:Shion+1","animator:Vesta+1"],"picked":"animator:Mitsuba","floor":52},{"not_picked":["animator:Yuuichirou","animator:CrowleyEusford","animator:DwarfShaman"],"picked":"SKIP","floor":54},{"not_picked":["animator:Add","animator:Tyuule+1"],"picked":"animator:Demiurge+1","floor":55},{"not_picked":["animator:Canti","animator:MisakiNakahara"],"picked":"animator:Zero","floor":57},{"not_picked":["animator:LizardPriest","animator:GazelDwargon"],"picked":"animator:Shinoa","floor":59},{"not_picked":["animator:HighElfArcher","animator:CowGirl","animator:Witch"],"picked":"SKIP","floor":60},{"not_picked":["animator:Benimaru+1","animator:AcuraTooru"],"picked":"animator:PandorasActor+1","floor":63},{"not_picked":["animator:DwarfShaman","animator:Cocytus+1"],"picked":"animator:Sebas","floor":67}],"player_experience":429177,"relics_obtained":[{"floor":7,"key":"Dream Catcher"},{"floor":11,"key":"Pear"},{"floor":13,"key":"Torii"},{"floor":21,"key":"Necronomicon"},{"floor":23,"key":"CloakClasp"},{"floor":25,"key":"Lantern"},{"floor":26,"key":"animator:OldCoffin"},{"floor":28,"key":"Vajra"},{"floor":40,"key":"animator:ShionDessert"},{"floor":43,"key":"HornCleat"},{"floor":46,"key":"Bird Faced Urn"},{"floor":53,"key":"animator:TheEgnaroPiece"},{"floor":53,"key":"animator:AncientMedallion"},{"floor":56,"key":"animator:AncientMedallion"},{"floor":63,"key":"animator:AncientMedallion"},{"floor":64,"key":"animator:AncientMedallion"},{"floor":67,"key":"animator:AncientMedallion"}],"event_choices":[{"damage_healed":0,"gold_gain":0,"player_choice":"Entered Light","damage_taken":13,"max_hp_gain":0,"max_hp_loss":0,"event_name":"Shining Light","floor":5,"gold_loss":0,"cards_upgraded":["animator:Strike","animator:Mikaela"]},{"damage_healed":0,"gold_gain":0,"player_choice":"Bought 1 Potion","damage_taken":0,"max_hp_gain":0,"max_hp_loss":0,"event_name":"The Woman in Blue","floor":10,"gold_loss":0},{"damage_healed":0,"gold_gain":0,"player_choice":"Read","damage_taken":0,"max_hp_gain":0,"max_hp_loss":0,"event_name":"The Library","floor":19,"gold_loss":0,"cards_obtained":["animator:PandorasActor"]},{"cards_removed":["animator:Strike"],"damage_healed":0,"gold_gain":0,"player_choice":"Gave Gold","damage_taken":0,"max_hp_gain":0,"max_hp_loss":0,"event_name":"Beggar","floor":20,"gold_loss":75},{"damage_healed":0,"gold_gain":0,"player_choice":"Obtained Book","damage_taken":16,"max_hp_gain":0,"max_hp_loss":0,"event_name":"Cursed Tome","floor":21,"gold_loss":0},{"damage_healed":0,"gold_gain":0,"player_choice":"Forge","damage_taken":0,"max_hp_gain":0,"max_hp_loss":0,"event_name":"Accursed Blacksmith","floor":29,"gold_loss":0,"cards_upgraded":["animator:Albedo"]},{"damage_healed":0,"gold_gain":0,"player_choice":"Paid","damage_taken":0,"relics_obtained":["Red Mask"],"max_hp_gain":0,"max_hp_loss":0,"event_name":"Tomb of Lord Red Mask","floor":36,"gold_loss":135},{"cards_removed":["animator:Arpeggio"],"damage_healed":0,"gold_gain":0,"player_choice":"Removed Power","damage_taken":0,"max_hp_gain":0,"max_hp_loss":0,"event_name":"Falling","floor":37,"gold_loss":0},{"damage_healed":0,"gold_gain":0,"player_choice":"Memory 1","damage_taken":0,"max_hp_gain":0,"max_hp_loss":0,"event_name":"SensoryStone","floor":57,"gold_loss":0}],"is_beta":false,"boss_relics":[{"not_picked":["Tiny House","SacredBark"],"picked":"animator:HolyGrailRelic"},{"not_picked":["Cursed Key","SlaversCollar"],"picked":"animator:RacePiece"}],"items_purged_floors":[30,47,58,66],"is_endless":false,"potions_floor_spawned":[4,11,13,18,25,31,39,40,42,48,54,55,60,67],"ascension_level":13}}