{"host":"sav7uxregyirlf69","time":1612400155,"event":{"mods":["AchievementEnabler","BaseMod","Colored Map","DeckTracker","Keyboard Shortcuts","Minty Spire (QoL Compilation)","READ ME - Guardian Mod","StSLib","SuperFastMode"],"gold_per_floor":[111,186,236,255,275,275,291,291,317,335,354,354,354],"floor_reached":12,"language":"KOR","playtime":185,"items_purged":[],"score":144,"play_id":"2c2f5b67-f50e-4428-9be7-71956edeb1ed","local_time":"20210204095555","is_ascension_mode":true,"campfire_choices":[{"data":"Prepared","floor":6,"key":"SMITH"},{"data":"Eviscerate","floor":8,"key":"SMITH"}],"circlet_count":0,"master_deck":["AscendersBane","Strike_G","Strike_G","Strike_G","Strike_G","Strike_G","Defend_G","Defend_G","Defend_G","Defend_G","Defend_G","Survivor","Neutralize","Eviscerate+1","Prepared+1","Blade Dance","Calculated Gamble"],"relics":["Ring of the Snake","Ancient Tea Set"],"acts_visited":["Exordium"],"potions_floor_usage":[10,12],"damage_taken":[{"damage":5,"enemies":"2 Louse","floor":1,"turns":3},{"damage":2,"enemies":"Jaw Worm","floor":4,"turns":4},{"damage":3,"enemies":"Cultist","floor":5,"turns":4},{"damage":2,"enemies":"Lots of Slimes","floor":7,"turns":4},{"damage":10,"enemies":"Gremlin Gang","floor":10,"turns":5},{"damage":4,"enemies":"2 Fungi Beasts","floor":11,"turns":3},{"damage":20,"enemies":"3 Sentries","floor":12,"turns":2}],"seed_played":"-8313489847295845065","potions_obtained":[{"floor":1,"key":"LiquidBronze"},{"floor":7,"key":"LiquidBronze"}],"is_trial":false,"path_per_floor":["M","?","?","M","M","R","M","R","T","M","M","E"],"character_chosen":"THE_SILENT","items_purchased":[],"campfire_rested":0,"item_purchase_floors":[],"current_hp_per_floor":[51,40,40,38,35,35,33,33,33,23,19,0,0],"gold":354,"neow_bonus":"TWENTY_PERCENT_HP_BONUS","is_daily":false,"chose_seed":false,"campfire_upgraded":2,"win_rate":0.0,"timestamp":1612400155,"path_taken":["M","?","?","?","M","R","M","R","T","M","M","E"],"items_purchased_type":[],"build_version":"2020-12-22","purchased_purges":0,"victory":false,"max_hp_per_floor":[78,78,78,78,78,78,78,78,78,78,78,78,78],"card_choices":[{"not_picked":["Reflex","Accuracy"],"picked":"Eviscerate","floor":1},{"not_picked":["Underhanded Strike","Poisoned Stab"],"picked":"Prepared","floor":4},{"not_picked":["Poisoned Stab","Slice"],"picked":"Blade Dance","floor":5},{"not_picked":["Deflect","Deadly Poison","PiercingWail"],"picked":"SKIP","floor":7},{"not_picked":["PiercingWail","Quick Slash"],"picked":"Calculated Gamble","floor":10},{"not_picked":["Riddle With Holes","Dagger Spray","Leg Sweep"],"picked":"SKIP","floor":11}],"player_experience":1476224,"relics_obtained":[{"floor":9,"key":"Ancient Tea Set"}],"event_choices":[{"damage_healed":0,"gold_gain":75,"player_choice":"Gather Gold","damage_taken":11,"max_hp_gain":0,"max_hp_loss":0,"event_name":"World of Goop","floor":2,"gold_loss":0},{"damage_healed":0,"gold_gain":50,"player_choice":"Pray","damage_taken":0,"max_hp_gain":0,"max_hp_loss":0,"event_name":"Golden Shrine","floor":3,"gold_loss":0}],"is_beta":false,"boss_relics":[],"items_purged_floors":[],"is_endless":false,"potions_floor_spawned":[1,7],"killed_by":"3 Sentries","ascension_level":20}}