{"host":"bf5upntvbdompq33","time":1612481908,"event":{"mods":["BaseMod","Colored Map","Colored Powertips","Curses Come First","Minty Spire (QoL Compilation)","StSLib","The Dragon Tamer","The Hierophant","The Marked","The Mystic","The Servant 0.9.4"],"gold_per_floor":[113,130,130,149,149,149,177,65,92,118,20,45,59,77,77,182,182,182,198,17,17,17,43,43,71,94,94,128,148,148,148],"floor_reached":30,"language":"ENG","playtime":2862,"items_purged":["Strike_G"],"score":413,"play_id":"3edfad9e-6c50-431c-9971-9d3afffc6206","local_time":"20210204163828","is_ascension_mode":true,"campfire_choices":[{"data":"Bouncing Flask","floor":6,"key":"SMITH"},{"floor":15,"key":"REST"},{"floor":24,"key":"REST"},{"floor":27,"key":"REST"}],"circlet_count":0,"master_deck":["Strike_G","Strike_G","Strike_G","Defend_G","Defend_G","Defend_G","Defend_G","Defend_G","Survivor","Neutralize","Bouncing Flask+1","Dash+1","Deflect","Envenom","Well Laid Plans","Slice","Dagger Spray","Outmaneuver","Bane","Acrobatics","Finisher","Glass Knife","Poisoned Stab+1","Deadly Poison","Flying Knee","RitualDagger","Phantasmal Killer","Concentrate","Burst","Deadly Poison"],"relics":["Ring of the Snake","CaptainsWheel","Omamori","Ancient Tea Set","Ninja Scroll","Anchor","Cursed Key","Blood Vial","Pen Nib","Art of War","Nunchaku","Snake Skull"],"acts_visited":["Exordium","TheCity"],"potions_floor_usage":[7,16,18,23,28,29],"damage_taken":[{"damage":0,"enemies":"Small Slimes","floor":1,"turns":3},{"damage":0,"enemies":"Cultist","floor":2,"turns":3},{"damage":0,"enemies":"Jaw Worm","floor":4,"turns":3},{"damage":36,"enemies":"Gremlin Nob","floor":7,"turns":6},{"damage":3,"enemies":"Lagavulin","floor":10,"turns":6},{"damage":10,"enemies":"3 Sentries","floor":12,"turns":7},{"damage":0,"enemies":"Blue Slaver","floor":13,"turns":3},{"damage":0,"enemies":"3 Louse","floor":14,"turns":3},{"damage":10,"enemies":"Slime Boss","floor":16,"turns":9},{"damage":2,"enemies":"Chosen","floor":18,"turns":3},{"damage":6,"enemies":"Spheric Guardian","floor":19,"turns":3},{"damage":24,"enemies":"Slavers","floor":23,"turns":5},{"damage":14,"enemies":"Book of Stabbing","floor":25,"turns":4},{"damage":35,"enemies":"Gremlin Leader","floor":28,"turns":4},{"damage":18,"enemies":"Snecko","floor":29,"turns":3},{"damage":8,"enemies":"Shelled Parasite and Fungi","floor":30,"turns":1}],"seed_played":"-2311333861201098766","potions_obtained":[{"floor":2,"key":"PowerPotion"},{"floor":4,"key":"BlessingOfTheForge"},{"floor":10,"key":"SteroidPotion"},{"floor":12,"key":"Energy Potion"},{"floor":13,"key":"PowerPotion"},{"floor":18,"key":"Fruit Juice"},{"floor":25,"key":"CultistPotion"},{"floor":28,"key":"BlessingOfTheForge"}],"is_trial":false,"path_per_floor":["M","M","?","M","?","R","E","$","T","E","$","E","M","M","R","B",null,"M","M","$","?","?","E","R","E","T","R","E","M","M"],"character_chosen":"THE_SILENT","items_purchased":["Well Laid Plans","Dagger Spray","Outmaneuver","Blood Vial","Flying Knee"],"campfire_rested":3,"item_purchase_floors":[8,11,11,20,20],"current_hp_per_floor":[63,63,63,63,63,63,27,27,27,24,24,14,14,14,32,22,53,56,50,50,44,44,22,42,30,30,50,17,1,0,0],"gold":148,"neow_bonus":"ONE_RARE_RELIC","is_daily":false,"chose_seed":false,"campfire_upgraded":1,"win_rate":0.0,"timestamp":1612481908,"path_taken":["M","M","?","?","?","R","E","$","T","E","$","E","M","M","R","BOSS","M","?","$","?","?","E","R","E","T","R","E","M","M"],"items_purchased_type":["Card","Card","Card","Relic","Card"],"build_version":"2020-12-22","purchased_purges":1,"victory":false,"max_hp_per_floor":[63,63,63,63,63,63,63,63,63,63,63,63,63,63,63,63,63,68,68,68,68,68,68,68,68,68,68,68,68,68,68],"card_choices":[{"not_picked":["Bane","Predator"],"picked":"Bouncing Flask","floor":1},{"not_picked":["Caltrops","Deflect"],"picked":"Dash","floor":2},{"not_picked":["Dash","Cloak And Dagger"],"picked":"Deflect","floor":4},{"not_picked":["Masterful Stab","Heel Hook"],"picked":"Envenom","floor":7},{"not_picked":["Tools of the Trade","Deflect"],"picked":"Slice","floor":10},{"not_picked":["Underhanded Strike","Dagger Spray"],"picked":"Bane","floor":12},{"not_picked":["PiercingWail","Underhanded Strike"],"picked":"Acrobatics","floor":13},{"not_picked":["Blur","Blade Dance"],"picked":"Finisher","floor":14},{"not_picked":["Malaise","Doppelganger"],"picked":"Glass Knife","floor":16},{"not_picked":["Distraction","Deadly Poison"],"picked":"Poisoned Stab+1","floor":18},{"not_picked":["Cloak And Dagger+1","Sucker Punch"],"picked":"Deadly Poison","floor":19},{"not_picked":["Acrobatics","Expertise"],"picked":"Phantasmal Killer","floor":23},{"not_picked":["Outmaneuver","Dodge and Roll"],"picked":"Concentrate","floor":25},{"not_picked":["Sucker Punch","Distraction+1"],"picked":"Burst","floor":28},{"not_picked":["Terror","Endless Agony+1"],"picked":"Deadly Poison","floor":29}],"player_experience":1402051,"relics_obtained":[{"floor":7,"key":"Omamori"},{"floor":9,"key":"Ancient Tea Set"},{"floor":10,"key":"Ninja Scroll"},{"floor":12,"key":"Anchor"},{"floor":23,"key":"Pen Nib"},{"floor":25,"key":"Art of War"},{"floor":26,"key":"Nunchaku"},{"floor":28,"key":"Snake Skull"}],"event_choices":[{"damage_healed":0,"gold_gain":0,"player_choice":"Upgraded","damage_taken":0,"max_hp_gain":0,"max_hp_loss":0,"event_name":"Upgrade Shrine","floor":3,"gold_loss":0,"cards_upgraded":["Dash"]},{"cards_removed":["Strike_G"],"damage_healed":0,"gold_gain":0,"player_choice":"Purged","damage_taken":0,"max_hp_gain":0,"max_hp_loss":0,"event_name":"Purifier","floor":5,"gold_loss":0},{"damage_healed":0,"gold_gain":0,"player_choice":"Joined the Cult","damage_taken":6,"max_hp_gain":0,"max_hp_loss":0,"event_name":"Nest","floor":21,"gold_loss":0,"cards_obtained":["RitualDagger"]},{"damage_healed":0,"gold_gain":0,"player_choice":"Ignored","damage_taken":0,"max_hp_gain":0,"max_hp_loss":0,"event_name":"Vampires","floor":22,"gold_loss":0}],"is_beta":false,"boss_relics":[{"not_picked":["Black Star","Snecko Eye"],"picked":"Cursed Key"}],"items_purged_floors":[8],"is_endless":false,"potions_floor_spawned":[2,4,10,12,13,18,25,28],"killed_by":"Shelled Parasite and Fungi","ascension_level":7}}