{"host":"msmkw03x1o7nq45i","time":1612451509,"event":{"mods":["AchievementEnabler","BaseMod","Bestiary","Colored Powertips","GifTheSpireLib","Highlight Path","Minty Spire (QoL Compilation)","Random Character Button","StSLib","everything is the same but u backflip on backflip"],"gold_per_floor":[118,118,136,146,159,159,189,189,189,223,273,288,288,314,314,393,393,404,417,417,432,447,447,474,474,474,500,516,544,556,431,431,505,505,516,95,95,111,122,122,149,149,198,198,227,12,67,80,80,80,80,80,23,57,57],"floor_reached":56,"language":"ENG","playtime":4544,"items_purged":["Juggernaut","Corruption"],"score":2113,"play_id":"430fa31c-efc9-4c6c-ab19-596211d102bf","local_time":"20210204171149","is_ascension_mode":true,"campfire_choices":[{"data":"Inflame","floor":6,"key":"SMITH"},{"data":"True Grit","floor":8,"key":"SMITH"},{"data":"Disarm","floor":13,"key":"SMITH"},{"data":"Dual Wield","floor":15,"key":"SMITH"},{"data":"Burning Pact","floor":23,"key":"SMITH"},{"data":"Feel No Pain","floor":25,"key":"SMITH"},{"data":"Battle Trance","floor":32,"key":"SMITH"},{"data":"Impatience","floor":40,"key":"SMITH"},{"data":"Rampage","floor":42,"key":"SMITH"},{"floor":44,"key":"RECALL"},{"data":"Offering","floor":49,"key":"SMITH"},{"data":"Flame Barrier","floor":52,"key":"SMITH"}],"circlet_count":0,"master_deck":["AscendersBane","Bash","Inflame+1","Shockwave","Feel No Pain+1","True Grit+1","Reaper","Sword Boomerang","Dual Wield+1","Flame Barrier+1","Disarm+1","Limit Break","Sword Boomerang","Burning Pact+1","Offering+1","Warcry+1","Sentinel","Second Wind+1","Spot Weakness","Battle Trance+1","Impatience+1","Shrug It Off+1","Rampage+1","Seeing Red","Feel No Pain","Body Slam+1","Pommel Strike+1","Dropkick","Limit Break","Disarm"],"relics":["Pandora\u0027s Box","PreservedInsect","Bag of Marbles","Paper Frog","Omamori","Coffee Dripper","Orichalcum","HornCleat","Smiling Mask","Incense Burner","Cursed Key","Gambling Chip","Potion Belt","Self Forming Clay","Orrery","Peace Pipe","Du-Vu Doll"],"acts_visited":["Exordium","TheCity","TheBeyond","TheEnding"],"potions_floor_usage":[7,24,27,41,54,55,55],"damage_taken":[{"damage":0,"enemies":"Cultist","floor":1,"turns":4},{"damage":5,"enemies":"2 Louse","floor":3,"turns":3},{"damage":10,"enemies":"Jaw Worm","floor":4,"turns":4},{"damage":17,"enemies":"Exordium Thugs","floor":5,"turns":5},{"damage":0,"enemies":"3 Sentries","floor":7,"turns":1},{"damage":25,"enemies":"Gremlin Nob","floor":10,"turns":5},{"damage":6,"enemies":"Exordium Wildlife","floor":12,"turns":4},{"damage":0,"enemies":"Lagavulin","floor":14,"turns":3},{"damage":36,"enemies":"Hexaghost","floor":16,"turns":11},{"damage":6,"enemies":"Spheric Guardian","floor":18,"turns":4},{"damage":6,"enemies":"Chosen","floor":19,"turns":3},{"damage":19,"enemies":"Sentry and Sphere","floor":21,"turns":5},{"damage":10,"enemies":"Snecko","floor":22,"turns":4},{"damage":13,"enemies":"Book of Stabbing","floor":24,"turns":4},{"damage":15,"enemies":"Slavers","floor":27,"turns":4},{"damage":18,"enemies":"Snake Plant","floor":28,"turns":4},{"damage":8,"enemies":"Gremlin Leader","floor":29,"turns":6},{"damage":6,"enemies":"Centurion and Healer","floor":30,"turns":4},{"damage":34,"enemies":"Automaton","floor":33,"turns":9},{"damage":6,"enemies":"Orb Walker","floor":35,"turns":3},{"damage":0,"enemies":"3 Shapes","floor":38,"turns":2},{"damage":9,"enemies":"Sphere and 2 Shapes","floor":39,"turns":4},{"damage":22,"enemies":"Giant Head","floor":41,"turns":6},{"damage":6,"enemies":"Reptomancer","floor":45,"turns":3},{"damage":19,"enemies":"2 Orb Walkers","floor":47,"turns":4},{"damage":6,"enemies":"Writhing Mass","floor":48,"turns":3},{"damage":46,"enemies":"Time Eater","floor":50,"turns":6},{"damage":10,"enemies":"Shield and Spear","floor":54,"turns":6},{"damage":72,"enemies":"The Heart","floor":55,"turns":7}],"seed_played":"-8381409083697420225","potions_obtained":[{"floor":3,"key":"Fire Potion"},{"floor":5,"key":"AttackPotion"},{"floor":10,"key":"SkillPotion"},{"floor":18,"key":"Fruit Juice"},{"floor":24,"key":"FearPotion"},{"floor":30,"key":"LiquidBronze"},{"floor":33,"key":"SkillPotion"},{"floor":35,"key":"Block Potion"},{"floor":41,"key":"Strength Potion"},{"floor":47,"key":"SteroidPotion"},{"floor":48,"key":"Fire Potion"}],"is_trial":false,"path_per_floor":["M","?","M","M","M","R","E","R","T","E","?","M","R","E","R","B",null,"M","M","?","M","M","R","E","R","T","E","M","E","M","$","R","B",null,"M","$","?","M","M","R","E","R","T","R","E","$","?","M","R","B",null,"R","$","E","B",null],"character_chosen":"IRONCLAD","items_purchased":["Battle Trance","Impatience","Gambling Chip","Orrery","Swift Potion"],"campfire_rested":0,"item_purchase_floors":[31,36,36,46,53],"current_hp_per_floor":[75,75,75,70,71,71,75,75,75,58,58,52,52,52,52,41,67,61,67,67,65,75,75,67,67,67,67,57,78,80,80,80,80,80,80,80,80,80,80,80,80,80,80,80,80,80,73,67,67,21,65,65,65,55,20],"gold":57,"neow_bonus":"BOSS_RELIC","is_daily":false,"chose_seed":false,"campfire_upgraded":11,"win_rate":0.0,"timestamp":1612451509,"path_taken":["M","?","M","M","M","R","E","R","T","E","?","M","R","E","R","BOSS","M","?","?","M","M","R","E","R","T","E","M","E","M","$","R","BOSS","M","$","?","M","M","R","E","R","T","R","E","$","?","M","R","BOSS","R","$","E","BOSS"],"items_purchased_type":["Card","Card","Relic","Relic","Potion"],"build_version":"2020-12-22","purchased_purges":2,"victory":true,"max_hp_per_floor":[75,75,75,75,75,75,75,75,75,75,75,75,75,75,75,75,75,75,75,75,75,75,75,80,80,80,80,80,80,80,80,80,80,80,80,80,80,80,80,80,80,80,80,80,80,80,80,80,80,80,80,80,80,80,80],"card_choices":[{"not_picked":["Anger","Cleave","Uppercut"],"picked":"SKIP","floor":1},{"not_picked":["Thunderclap","Clothesline","Body Slam"],"picked":"SKIP","floor":3},{"not_picked":["Infernal Blade","Clothesline","Body Slam"],"picked":"SKIP","floor":4},{"not_picked":["Wild Strike","True Grit"],"picked":"Flame Barrier","floor":5},{"not_picked":["Juggernaut","Bloodletting"],"picked":"Disarm","floor":7},{"not_picked":["Uppercut","Inflame"],"picked":"Limit Break","floor":10},{"not_picked":["Warcry","Blood for Blood"],"picked":"Sword Boomerang","floor":12},{"not_picked":["Havoc","Hemokinesis"],"picked":"Burning Pact","floor":14},{"not_picked":["Fiend Fire","Juggernaut"],"picked":"Offering","floor":16},{"not_picked":["Thunderclap+1","Body Slam","Anger"],"picked":"SKIP","floor":18},{"not_picked":["Perfected Strike","Inflame"],"picked":"Warcry+1","floor":19},{"not_picked":["Clash+1","Havoc"],"picked":"Sentinel","floor":21},{"not_picked":["Metallicize","Cleave","Whirlwind"],"picked":"SKIP","floor":22},{"not_picked":["Armaments","Thunderclap"],"picked":"Second Wind+1","floor":24},{"not_picked":["Clothesline+1","Sentinel","Thunderclap"],"picked":"SKIP","floor":27},{"not_picked":["Clothesline+1","Sentinel","Thunderclap"],"picked":"SKIP","floor":27},{"not_picked":["Pommel Strike","Cleave","Bludgeon"],"picked":"SKIP","floor":28},{"not_picked":["Iron Wave","Perfected Strike"],"picked":"Spot Weakness","floor":29},{"not_picked":["Carnage","Body Slam","Wild Strike"],"picked":"SKIP","floor":30},{"not_picked":["Fiend Fire","Exhume"],"picked":"Corruption","floor":33},{"not_picked":["Carnage+1","Flex","Searing Blow"],"picked":"SKIP","floor":35},{"not_picked":["Thunderclap","Feel No Pain+1"],"picked":"Shrug It Off+1","floor":38},{"not_picked":["Heavy Blade+1","Feed"],"picked":"Rampage","floor":39},{"not_picked":["Clash","Havoc"],"picked":"Seeing Red","floor":41},{"not_picked":["Ghostly Armor+1","Heavy Blade+1","Battle Trance"],"picked":"SKIP","floor":45},{"not_picked":["Iron Wave","Reckless Charge"],"picked":"Feel No Pain","floor":46},{"not_picked":["Clash","Wild Strike+1"],"picked":"Body Slam+1","floor":46},{"not_picked":["Perfected Strike","True Grit"],"picked":"Pommel Strike+1","floor":46},{"not_picked":["Sword Boomerang","Headbutt+1"],"picked":"Dropkick","floor":47},{"not_picked":["Wild Strike","Cleave"],"picked":"Limit Break","floor":48},{"not_picked":["Rupture+1","Headbutt"],"picked":"Disarm","floor":54}],"player_experience":472343,"relics_obtained":[{"floor":7,"key":"PreservedInsect"},{"floor":9,"key":"Bag of Marbles"},{"floor":10,"key":"Paper Frog"},{"floor":14,"key":"Omamori"},{"floor":26,"key":"HornCleat"},{"floor":27,"key":"Smiling Mask"},{"floor":29,"key":"Incense Burner"},{"floor":41,"key":"Potion Belt"},{"floor":45,"key":"Self Forming Clay"},{"floor":47,"key":"Peace Pipe"},{"floor":54,"key":"Du-Vu Doll"}],"event_choices":[{"damage_healed":0,"gold_gain":0,"player_choice":"Ignored","damage_taken":0,"max_hp_gain":0,"max_hp_loss":0,"event_name":"Liars Game","floor":2,"gold_loss":0},{"damage_healed":0,"gold_gain":50,"player_choice":"Pray","damage_taken":0,"max_hp_gain":0,"max_hp_loss":0,"event_name":"Golden Shrine","floor":11,"gold_loss":0},{"damage_healed":0,"gold_gain":0,"player_choice":"Opened","damage_taken":0,"relics_obtained":["Orichalcum"],"max_hp_gain":0,"max_hp_loss":0,"event_name":"The Mausoleum","floor":20,"gold_loss":0,"cards_obtained":["Writhe"]},{"cards_removed":["Iron Wave"],"damage_healed":0,"gold_gain":0,"player_choice":"Removed Attack","damage_taken":0,"max_hp_gain":0,"max_hp_loss":0,"event_name":"Falling","floor":37,"gold_loss":0},{"damage_healed":0,"gold_gain":0,"player_choice":"Fight","damage_taken":0,"max_hp_gain":0,"max_hp_loss":0,"event_name":"Mysterious Sphere","floor":47,"gold_loss":0}],"is_beta":false,"boss_relics":[{"not_picked":["Tiny House","Calling Bell"],"picked":"Coffee Dripper"},{"not_picked":["Sozu","Mark of Pain"],"picked":"Cursed Key"}],"items_purged_floors":[31,46],"is_endless":false,"potions_floor_spawned":[3,5,10,16,18,22,24,30,33,35,39,41,47,48],"ascension_level":16}}