{"host":"9ij7vlqro2mzmyov","time":1612452810,"event":{"mods":["BaseMod","Colored Map","DeckTracker","Minty Spire (QoL Compilation)","Permanent Neow","SuperFastMode"],"gold_per_floor":[144,189,234,234,279,324,223,313,313,358,448,448,493,538,538,838,838,883,928,287,332,377,467,467,557,607,607,652,562,607,652,652,952,952,997,1042,272,317,317,407,257,101,101,101,191,0,45,90,90,90],"floor_reached":51,"language":"KOR","playtime":2671,"items_purged":["Pain","Force Field","Dual Wield","Undo"],"score":940,"play_id":"e7f3e91d-9568-4690-9f42-f75d08408752","local_time":"20210205003330","daily_mods":["Insanity","Red Cards","Midas"],"is_ascension_mode":false,"campfire_choices":[{"floor":12.0,"key":"REST"},{"floor":15.0,"key":"REST"},{"floor":24.0,"key":"REST"},{"floor":27.0,"key":"REST"},{"floor":32.0,"key":"REST"},{"floor":49,"key":"REST"}],"circlet_count":0,"master_deck":["Stack","Flex","Shrug It Off","Fire Breathing","Rip and Tear","Havoc","Bloodletting","Disarm","Anger","Flex","Barrage","Barrage","Go for the Eyes+1","Leap","Blood for Blood","Warcry","Metallicize","Shrug It Off","Flame Barrier","Shrug It Off","Reckless Charge","Conserve Battery","Clothesline","Barrage","Wild Strike","Genetic Algorithm","Shrug It Off","Hologram","Cleave","Cold Snap","Loop","Scrape+1","Whirlwind","Chaos","Chaos","Warcry","Gash","Ball Lightning","Heavy Blade","Tempest","Clash","Double Energy","Warcry+1","Gash","Aggregate","Mind Blast","Mind Blast","Demon Form","All For One","Gash+1"],"relics":["Cracked Core","WarpedTongs","Gremlin Horn","Cables","Orichalcum","Empty Cage","Whetstone","Akabeko","HandDrill","Happy Flower","Ornamental Fan","Bronze Scales","Nuclear Battery","Shuriken","Bag of Marbles","Toolbox","InkBottle","The Courier","Emotion Chip","Red Mask"],"acts_visited":["Exordium","TheCity","TheBeyond"],"potions_floor_usage":[33,33,50,50],"damage_taken":[{"damage":0.0,"enemies":"Small Slimes","floor":1.0,"turns":2.0},{"damage":0.0,"enemies":"Cultist","floor":2.0,"turns":2.0},{"damage":0.0,"enemies":"2 Louse","floor":3.0,"turns":2.0},{"damage":3.0,"enemies":"Exordium Thugs","floor":5.0,"turns":3.0},{"damage":9.0,"enemies":"Looter","floor":6.0,"turns":3.0},{"damage":10.0,"enemies":"3 Sentries","floor":8.0,"turns":4.0},{"damage":0.0,"enemies":"Large Slime","floor":10.0,"turns":4.0},{"damage":3.0,"enemies":"Lagavulin","floor":11.0,"turns":5.0},{"damage":0.0,"enemies":"Exordium Wildlife","floor":13.0,"turns":3.0},{"damage":3.0,"enemies":"3 Louse","floor":14.0,"turns":1.0},{"damage":28.0,"enemies":"Hexaghost","floor":16.0,"turns":8.0},{"damage":9.0,"enemies":"Shell Parasite","floor":18.0,"turns":3.0},{"damage":0.0,"enemies":"3 Byrds","floor":19.0,"turns":2.0},{"damage":0.0,"enemies":"Snake Plant","floor":21.0,"turns":3.0},{"damage":0.0,"enemies":"Sentry and Sphere","floor":22.0,"turns":3.0},{"damage":11.0,"enemies":"Slavers","floor":23.0,"turns":4.0},{"damage":25.0,"enemies":"Book of Stabbing","floor":25.0,"turns":5.0},{"damage":0.0,"enemies":"Chosen and Byrds","floor":28.0,"turns":3.0},{"damage":0.0,"enemies":"Shelled Parasite and Fungi","floor":30.0,"turns":2.0},{"damage":0.0,"enemies":"Snake Plant","floor":31.0,"turns":3.0},{"damage":25,"enemies":"Collector","floor":33,"turns":8},{"damage":0,"enemies":"Orb Walker","floor":35,"turns":2},{"damage":3,"enemies":"3 Shapes","floor":36,"turns":2},{"damage":0,"enemies":"Jaw Worm Horde","floor":38,"turns":1},{"damage":0,"enemies":"Reptomancer","floor":40,"turns":1},{"damage":13,"enemies":"Nemesis","floor":45,"turns":3},{"damage":0,"enemies":"Sphere and 2 Shapes","floor":47,"turns":3},{"damage":0,"enemies":"Spire Growth","floor":48,"turns":2},{"damage":21,"enemies":"Time Eater","floor":50,"turns":6}],"seed_played":"2514053361250750194","potions_obtained":[{"floor":5.0,"key":"Weak Potion"},{"floor":6.0,"key":"Dexterity Potion"},{"floor":8.0,"key":"EntropicBrew"},{"floor":11.0,"key":"DistilledChaos"},{"floor":14.0,"key":"SkillPotion"},{"floor":22.0,"key":"Swift Potion"},{"floor":23.0,"key":"Strength Potion"},{"floor":28.0,"key":"CultistPotion"},{"floor":30.0,"key":"AttackPotion"},{"floor":31.0,"key":"GamblersBrew"},{"floor":36,"key":"LiquidBronze"},{"floor":38,"key":"FocusPotion"}],"is_trial":false,"path_per_floor":["M","M","M","?","M","M","$","E","T","M","E","R","M","M","R","B",null,"M","M","$","M","M","E","R","E","T","R","M","?","M","M","R","B",null,"M","M","$","M","?","E","$","$","T","?","E","?","M","M","R","B",null],"character_chosen":"DEFECT","items_purchased":["Gash","Whetstone","Akabeko","HandDrill","Mind Blast","Shuriken","Bag of Marbles","Toolbox","Mind Blast","All For One"],"campfire_rested":6,"item_purchase_floors":[7,20,20,20,20,37,37,37,37,42],"current_hp_per_floor":[75,75,75,75,72,63,63,53,53,53,50,72,72,69,75,47,75,66,66,66,66,66,55,75,50,50,72,72,72,72,72,75,50,75,75,72,72,72,72,72,72,72,72,72,59,59,59,59,75,54],"gold":90,"neow_bonus":"","is_daily":true,"chose_seed":false,"campfire_upgraded":0,"win_rate":0.0,"timestamp":1612452810,"path_taken":["M","M","M","?","M","M","$","E","T","M","E","R","?","M","R","BOSS","M","M","$","?","M","E","R","E","T","R","M","?","M","M","R","BOSS","M","M","$","?","?","E","?","$","T","?","E","?","?","M","R","BOSS"],"items_purchased_type":["Card","Relic","Relic","Relic","Card","Relic","Relic","Relic","Card","Card"],"build_version":"2020-12-22","purchased_purges":4,"victory":true,"max_hp_per_floor":[75,75,75,75,75,75,75,75,75,75,75,75,75,75,75,75,75,75,75,75,75,75,75,75,75,75,75,75,75,75,75,75,75,75,75,75,75,75,75,75,75,75,75,75,75,75,75,75,75,75],"card_choices":[{"not_picked":["Rebound","Havoc","Barrage"],"picked":"SKIP","floor":1.0},{"not_picked":["Wild Strike","Heavy Blade","Thunderclap"],"picked":"SKIP","floor":2.0},{"not_picked":["Armaments","Sweeping Beam","Stack"],"picked":"SKIP","floor":3.0},{"not_picked":["Dual Wield","Searing Blow","True Grit"],"picked":"SKIP","floor":5.0},{"not_picked":["Leap","Disarm","Spot Weakness"],"picked":"SKIP","floor":6.0},{"not_picked":["Limit Break","Twin Strike","White Noise"],"picked":"SKIP","floor":8.0},{"not_picked":["Streamline","Clothesline","Compile Driver"],"picked":"SKIP","floor":10.0},{"not_picked":["Metallicize","Coolheaded","Flame Barrier"],"picked":"SKIP","floor":11.0},{"not_picked":["Heavy Blade","Capacitor","Self Repair"],"picked":"SKIP","floor":13.0},{"not_picked":["Aggregate","Brutality","Wild Strike"],"picked":"SKIP","floor":14.0},{"not_picked":["Brutality","Wild Strike"],"picked":"Aggregate","floor":14.0},{"not_picked":["Fission","Impervious"],"picked":"Demon Form","floor":16.0},{"not_picked":["Steam","Tempest","Warcry"],"picked":"SKIP","floor":18.0},{"not_picked":["Scrape","Perfected Strike","Flex"],"picked":"SKIP","floor":19.0},{"not_picked":["Melter+1","Sweeping Beam","Anger+1"],"picked":"SKIP","floor":21.0},{"not_picked":["Beam Cell+1","Clash","Twin Strike"],"picked":"SKIP","floor":22.0},{"not_picked":["Havoc+1","Coolheaded","Sever Soul+1"],"picked":"SKIP","floor":23.0},{"not_picked":["Shockwave","Turbo","Clash"],"picked":"SKIP","floor":25.0},{"not_picked":["Metallicize","Coolheaded+1","Hello World"],"picked":"SKIP","floor":28.0},{"not_picked":["True Grit","Twin Strike","Perfected Strike"],"picked":"SKIP","floor":30.0},{"not_picked":["Go for the Eyes+1","Leap+1","Cold Snap"],"picked":"SKIP","floor":31.0},{"not_picked":["Thunderclap","Wild Strike","Body Slam"],"picked":"SKIP","floor":35},{"not_picked":["Heavy Blade+1","Combust","Sword Boomerang+1"],"picked":"SKIP","floor":36},{"not_picked":["Capacitor","Go for the Eyes+1","Loop"],"picked":"SKIP","floor":38},{"not_picked":["Perfected Strike+1","Iron Wave+1","Demon Form"],"picked":"SKIP","floor":40},{"not_picked":["Conserve Battery+1","Chill"],"picked":"Gash+1","floor":45},{"not_picked":["Seeing Red+1","Flex","Metallicize+1"],"picked":"SKIP","floor":47},{"not_picked":["Barrage+1","Leap","Clothesline"],"picked":"SKIP","floor":48}],"player_experience":263552,"relics_obtained":[{"floor":8.0,"key":"Gremlin Horn"},{"floor":9.0,"key":"Cables"},{"floor":11.0,"key":"Orichalcum"},{"floor":23.0,"key":"Happy Flower"},{"floor":25.0,"key":"Ornamental Fan"},{"floor":26.0,"key":"Bronze Scales"},{"floor":40,"key":"InkBottle"},{"floor":43,"key":"The Courier"},{"floor":45,"key":"Emotion Chip"}],"event_choices":[{"damage_healed":0.0,"max_hp_gain":0.0,"max_hp_loss":0.0,"gold_gain":0.0,"event_name":"Accursed Blacksmith","player_choice":"Rummage","floor":4.0,"gold_loss":0.0,"damage_taken":0.0,"relics_obtained":["WarpedTongs"],"cards_obtained":["Pain"]},{"cards_removed":["Hello World"],"damage_healed":0.0,"max_hp_gain":0.0,"max_hp_loss":0.0,"gold_gain":0.0,"event_name":"Designer","player_choice":"Upgrade and Remove","floor":29.0,"gold_loss":90.0,"damage_taken":0.0,"cards_upgraded":["Warcry"]},{"damage_healed":0,"gold_gain":0,"cards_transformed":["Clothesline"],"player_choice":"Transformed","damage_taken":0,"max_hp_gain":0,"max_hp_loss":0,"event_name":"Transmorgrifier","floor":39,"gold_loss":0,"cards_obtained":["Demon Form"]},{"cards_removed":["Demon Form"],"damage_healed":0,"gold_gain":0,"player_choice":"Removed Power","damage_taken":0,"max_hp_gain":0,"max_hp_loss":0,"event_name":"Falling","floor":44,"gold_loss":0},{"damage_healed":0,"gold_gain":0,"player_choice":"Paid","damage_taken":0,"relics_obtained":["Red Mask"],"max_hp_gain":0,"max_hp_loss":0,"event_name":"Tomb of Lord Red Mask","floor":46,"gold_loss":191}],"is_beta":false,"boss_relics":[{"not_picked":["Philosopher\u0027s Stone","Runic Dome"],"picked":"Empty Cage"},{"not_picked":["Sozu","SacredBark"],"picked":"Nuclear Battery"}],"items_purged_floors":[7,20,37,41],"is_endless":false,"potions_floor_spawned":[5,6,8,11,14,22,23,28,30,31,36,38,47,48],"ascension_level":0}}