{"host":"uom2h1y0l20ikqvv","time":1612482793,"event":{"mods":["BaseMod","Downfall","Minty Spire (QoL Compilation)","StSLib"],"gold_per_floor":[99,111,121,121,138,438,484,484,61,61,61,81,81,95,109,213,213,13,0,10,10,29,29,29,29,39,54,15,26,52,69,83,182,182,82,101,101,22,22,40,40,55,55,73,73,98,111,111,111,111],"floor_reached":48,"language":"ENG","playtime":3425,"items_purged":["downfall:Icky","downfall:Icky"],"score":526,"play_id":"83e53297-43cb-40b6-9430-4372e953e120","local_time":"20210204235313","is_ascension_mode":false,"campfire_choices":[{"floor":1,"key":"RECALL"},{"data":"Guardian:AncientConstruct","floor":11,"key":"SMITH"},{"floor":13,"key":"REST"},{"data":"Guardian:RevengeProtocol","floor":18,"key":"SMITH"},{"data":"Guardian:EvasiveProtocol","floor":23,"key":"SMITH"},{"data":"Guardian:ConstructionForm","floor":35,"key":"SMITH"},{"data":"expansioncontent:PolyBeam","floor":41,"key":"SMITH"},{"data":"expansioncontent:QuickStudy","floor":43,"key":"SMITH"},{"data":"Guardian:FloatingOrbs","floor":45,"key":"SMITH"}],"circlet_count":0,"master_deck":["Guardian:Strike_Guardian+1","Guardian:Strike_Guardian+1","Guardian:Strike_Guardian+1","Guardian:Strike_Guardian+1","Guardian:Defend_Guardian+1","Guardian:Defend_Guardian+1","Guardian:Defend_Guardian+1","Guardian:Defend_Guardian+1","Guardian:CurlUp","Guardian:TwinSlam","Guardian:Reroute+1","Guardian:PiercingHide","Guardian:AncientConstruct+1","Guardian:ChargeCore","Guardian:ShieldCharger","Guardian:PrimingBeam","Guardian:Incinerate","Guardian:PrimingBeam","Guardian:RevengeProtocol+1","Guardian:EvasiveProtocol+1","Guardian:DonusPower","Guardian:RollAttack","Guardian:ChargeCore","Guardian:FloatingOrbs+1","Guardian:WalkerClaw","Guardian:ConstructionForm+1","Guardian:EvasiveProtocol","Guardian:ChargeCore+1","expansioncontent:QuickStudy+1","expansioncontent:PolyBeam+1","Guardian:ArmoredProtocol","Guardian:PiercingHide","Guardian:Gem_White","Guardian:Gem_Red"],"relics":["Guardian:ModeShifterPlus","downfall:ShatteredFragment","Eternal Feather","downfall:HeartBlessingRed","downfall:HeartBlessingBlue","Omamori","Mercury Hourglass","Guardian:StasisSlotReductionRelic","downfall:HeartBlessingGreen","downfall:TeleportStone","Smiling Mask","Mummified Hand"],"acts_visited":["Exordium","TheCity","TheBeyond"],"potions_floor_usage":[30,33],"damage_taken":[{"damage":9,"enemies":"2 Louse","floor":2,"turns":4},{"damage":0,"enemies":"Cultist","floor":3,"turns":3},{"damage":1,"enemies":"Small Slimes","floor":5,"turns":3},{"damage":5,"enemies":"downfall:FleeingMerchant","floor":9,"turns":4},{"damage":12,"enemies":"2 Fungi Beasts","floor":12,"turns":3},{"damage":22,"enemies":"Gremlin Gang","floor":14,"turns":4},{"damage":13,"enemies":"2 Fungi Beasts","floor":15,"turns":3},{"damage":23,"enemies":"SI_SHIV_ARCHETYPE","floor":16,"turns":12},{"damage":0,"enemies":"downfall:FleeingMerchant","floor":19,"turns":4},{"damage":2,"enemies":"Chosen","floor":20,"turns":4},{"damage":2,"enemies":"3 Byrds","floor":22,"turns":3},{"damage":2,"enemies":"3 Cultists","floor":26,"turns":7},{"damage":16,"enemies":"Snake Plant","floor":27,"turns":3},{"damage":0,"enemies":"downfall:FleeingMerchant","floor":28,"turns":4},{"damage":6,"enemies":"Chosen and Byrds","floor":29,"turns":4},{"damage":19,"enemies":"Slavers","floor":30,"turns":6},{"damage":7,"enemies":"Shelled Parasite and Fungi","floor":31,"turns":3},{"damage":0,"enemies":"Cultist and Chosen","floor":32,"turns":4},{"damage":18,"enemies":"DF_ARCHETYPE_CLAW","floor":33,"turns":8},{"damage":0,"enemies":"3 Shapes","floor":36,"turns":3},{"damage":0,"enemies":"downfall:FleeingMerchant","floor":38,"turns":2},{"damage":2,"enemies":"3 Darklings","floor":40,"turns":3},{"damage":0,"enemies":"Transient","floor":42,"turns":5},{"damage":8,"enemies":"Spire Growth","floor":44,"turns":5},{"damage":42,"enemies":"Giant Head","floor":46,"turns":11},{"damage":7,"enemies":"Writhing Mass","floor":47,"turns":5},{"damage":61,"enemies":"WA_ARCHETYPE_DIVINITY","floor":48,"turns":7}],"seed_played":"-5373162944554245367","potions_obtained":[{"floor":2,"key":"GamblersBrew"},{"floor":3,"key":"Guardian:AcceleratePotion"},{"floor":16,"key":"DistilledChaos"},{"floor":27,"key":"LiquidBronze"},{"floor":31,"key":"Swift Potion"},{"floor":40,"key":"BlessingOfTheForge"}],"is_trial":false,"path_per_floor":["R","M","M","?","M","?","T","?","$","?","R","M","R","M","M","B",null,"R","$","M","?","M","R","T","?","M","M","$","M","E","M","M","B",null,"R","M","?","$","T","M","R","M","R","M","R","E","M","B"],"character_chosen":"GUARDIAN","items_purchased":["Guardian:ChargeCore","Eternal Feather","Guardian:ShieldCharger","Guardian:ChargeCore","expansioncontent:QuickStudy","expansioncontent:PolyBeam","Guardian:ArmoredProtocol"],"campfire_rested":1,"item_purchase_floors":[9,9,9,28,38,38,38],"current_hp_per_floor":[88,79,79,79,78,78,78,54,49,49,58,46,81,59,46,23,88,98,98,96,96,94,98,98,98,96,80,80,74,55,48,48,30,98,98,98,98,98,98,96,98,98,98,90,98,56,49,0,0,0],"gold":111,"neow_bonus":"TEN_PERCENT_HP_BONUS","is_daily":false,"chose_seed":false,"campfire_upgraded":7,"win_rate":0.0,"timestamp":1612482793,"path_taken":["R","M","M","?","?","?","T","?","$","?","R","M","R","?","M","BOSS","R","$","M","?","M","R","T","?","M","M","$","M","E","M","M","BOSS","R","M","?","$","T","?","R","?","R","M","R","E","M","BOSS"],"items_purchased_type":["Card","Relic","Card","Card","Card","Card","Card"],"build_version":"2020-12-22","purchased_purges":2,"victory":false,"max_hp_per_floor":[88,88,88,88,88,88,88,88,88,88,88,88,88,88,88,88,88,98,98,98,98,98,98,98,98,98,98,98,98,98,98,98,98,98,98,98,98,98,98,98,98,98,98,98,98,98,98,98,98,98],"card_choices":[{"not_picked":["Guardian:PrismaticBarrier","Guardian:Repulse"],"picked":"Guardian:Reroute","floor":2},{"not_picked":["Guardian:DecasProtection","Guardian:TemporalShield"],"picked":"Guardian:PiercingHide","floor":3},{"not_picked":["Guardian:WalkerClaw","Guardian:PrismaticBeam"],"picked":"Guardian:Gem_Lightblue","floor":5},{"not_picked":["Guardian:ChargeCore","Guardian:PrismaticBeam"],"picked":"Guardian:AncientConstruct","floor":9},{"not_picked":["Guardian:Reroute","Guardian:GuardianWhirl"],"picked":"Guardian:PrimingBeam","floor":12},{"not_picked":["Guardian:VentSteam","Guardian:TemporalShield"],"picked":"Guardian:Incinerate","floor":14},{"not_picked":["Guardian:TemporalShield","Guardian:PrismaticBeam"],"picked":"Guardian:PrimingBeam","floor":15},{"not_picked":["Guardian:BaubleBeam","Guardian:SphericShield"],"picked":"Guardian:RevengeProtocol","floor":16},{"not_picked":["Guardian:PolyBeam+1","Guardian:TemporalShield"],"picked":"Guardian:Gem_Crimson","floor":19},{"not_picked":["Guardian:ShieldCharger","Guardian:DonusPower"],"picked":"Guardian:EvasiveProtocol","floor":20},{"not_picked":["Guardian:RefractedBeam+1","Guardian:Gem_Fragmented"],"picked":"Guardian:DonusPower","floor":22},{"not_picked":["Guardian:MultiBeam","Guardian:PrimingBeam+1"],"picked":"Guardian:Gem_Crimson","floor":26},{"not_picked":["Guardian:PrismaticBeam","Guardian:Planning+1"],"picked":"Guardian:RollAttack","floor":27},{"not_picked":["Guardian:BronzeOrb+1","Guardian:PolyBeam"],"picked":"Guardian:Gem_Green","floor":28},{"not_picked":["Guardian:PrimingBeam+1","Guardian:PrismaticBeam"],"picked":"Guardian:Gem_Crimson","floor":29},{"not_picked":["Guardian:TimeSifter","Guardian:Gem_Red"],"picked":"Guardian:FloatingOrbs","floor":30},{"not_picked":["Guardian:Emergency","Guardian:ShieldCharger"],"picked":"Guardian:Gem_Green","floor":31},{"not_picked":["Guardian:RefractedBeam","Guardian:Recover+1"],"picked":"Guardian:WalkerClaw","floor":32},{"not_picked":["Guardian:StasisStrike","Guardian:BaubleBeam"],"picked":"Guardian:ConstructionForm","floor":33},{"not_picked":["Guardian:MultiBeam","Guardian:BronzeOrb+1"],"picked":"Guardian:EvasiveProtocol","floor":36},{"not_picked":["Guardian:Planning","Guardian:DonusPower+1"],"picked":"Guardian:ChargeCore+1","floor":38},{"not_picked":["Guardian:Reroute+1","Guardian:WalkerClaw"],"picked":"Guardian:Gem_Red","floor":40},{"not_picked":["Guardian:Incinerate","Guardian:PiercingHide"],"picked":"Guardian:Gem_Green","floor":42},{"not_picked":["Guardian:Incinerate","Guardian:PrimingBeam"],"picked":"Guardian:PiercingHide","floor":44},{"not_picked":["Guardian:SphericShield","Guardian:DecasProtection"],"picked":"Guardian:Gem_White","floor":46},{"not_picked":["Guardian:SpikerProtocol+1","Guardian:Recover+1"],"picked":"Guardian:Gem_Red","floor":47}],"player_experience":61458,"relics_obtained":[{"floor":24,"key":"Omamori"},{"floor":30,"key":"Mercury Hourglass"},{"floor":39,"key":"Smiling Mask"},{"floor":46,"key":"Mummified Hand"}],"event_choices":[],"is_beta":false,"boss_relics":[{"not_picked":["Snecko Eye","Sozu"],"picked":"Guardian:ModeShifterPlus"},{"not_picked":["bronze:MakeshiftBattery","Fusion Hammer"],"picked":"Guardian:StasisSlotReductionRelic"}],"items_purged_floors":[9,38],"is_endless":false,"potions_floor_spawned":[2,3,16,20,26,27,31,40,46],"killed_by":"WA_ARCHETYPE_DIVINITY","ascension_level":0}}