{"host":"j4g6ia6asvpyu2b0","time":1612454327,"event":{"mods":["BaseMod","Colored Map","Minty Spire (QoL Compilation)","Permanent Neow","Quick Restart","Relic Stats","StSLib","Unceasing Turn Reminder"],"gold_per_floor":[113,113,113,127,138,171,190,219,219,394,394,394,414,53,53,149,149,166,166,166,166,182,182,198,10,34,65,65,81,113,127,127,229,229,247,267,282,301,313,338,338,370,370,370,10,40,56,0,0,0,0,0,0,26,26,26],"floor_reached":55,"language":"ENG","playtime":2780,"items_purged":["Doubt"],"score":978,"play_id":"e5d504fd-1c46-47c5-beca-8f246ad99954","local_time":"20210204085847","is_ascension_mode":true,"campfire_choices":[{"data":"Well Laid Plans","floor":12.0,"key":"SMITH"},{"data":"Catalyst","floor":15.0,"key":"SMITH"},{"data":"Adrenaline","floor":23,"key":"SMITH"},{"data":"Burst","floor":32,"key":"SMITH"},{"data":"Footwork","floor":41,"key":"SMITH"},{"data":"Demon Form","floor":44,"key":"SMITH"},{"floor":49,"key":"RECALL"},{"data":"Footwork","floor":52,"key":"SMITH"}],"circlet_count":0,"master_deck":["Survivor","Neutralize","Deadly Poison","Flechettes","Bullet Time","Flechettes+1","Quick Slash","Adrenaline","Venomology","Catalyst+1","Infinite Blades","Dagger Spray","Neutralize+1","Adrenaline+1","Quick Slash","Caltrops","Cloak And Dagger","Well Laid Plans+1","Infinite Blades","Footwork+1","Burst+1","Dash+1","RitualDagger+1","Backflip","PiercingWail","Footwork+1","Echo Form","Backflip","Cleave+1","Juggernaut","Whirlwind+1","PanicButton","CrushJoints+1","Hologram","Demon Form+1","Noxious Fumes","CutThroughFate+1","Evaluate","Reboot"],"relics":["Pandora\u0027s Box","Whetstone","Molten Egg 2","Bottled Tornado","Darkstone Periapt","Snake Skull","Bag of Preparation","Coffee Dripper","FaceOfCleric","PrismaticShard","PreservedInsect","Orichalcum","Lizard Tail","Runic Pyramid","Anchor","Vajra","Dead Branch","Regal Pillow","Red Mask","Centennial Puzzle"],"acts_visited":["Exordium","TheCity","TheBeyond","TheEnding"],"potions_floor_usage":[18,22,22,24,24,27,30,31,33,35,35,36,36,37,40,42,46,47,50,54,55],"damage_taken":[{"damage":9.0,"enemies":"Jaw Worm","floor":1.0,"turns":2.0},{"damage":5.0,"enemies":"2 Louse","floor":4.0,"turns":2.0},{"damage":0.0,"enemies":"Cultist","floor":5.0,"turns":2.0},{"damage":15.0,"enemies":"Gremlin Nob","floor":6.0,"turns":3.0},{"damage":5.0,"enemies":"Gremlin Gang","floor":7.0,"turns":2.0},{"damage":7.0,"enemies":"Lagavulin","floor":8.0,"turns":4.0},{"damage":6.0,"enemies":"Exordium Wildlife","floor":13.0,"turns":3.0},{"damage":8.0,"enemies":"The Guardian","floor":16.0,"turns":6.0},{"damage":0,"enemies":"Shell Parasite","floor":18,"turns":2},{"damage":0,"enemies":"Chosen","floor":22,"turns":4},{"damage":15,"enemies":"Snake Plant","floor":24,"turns":3},{"damage":6,"enemies":"Slavers","floor":27,"turns":5},{"damage":0,"enemies":"Cultist and Chosen","floor":29,"turns":4},{"damage":0,"enemies":"Book of Stabbing","floor":30,"turns":3},{"damage":0,"enemies":"Sentry and Sphere","floor":31,"turns":3},{"damage":3,"enemies":"Champ","floor":33,"turns":9},{"damage":9,"enemies":"3 Darklings","floor":35,"turns":4},{"damage":0,"enemies":"3 Shapes","floor":36,"turns":5},{"damage":0,"enemies":"Transient","floor":37,"turns":5},{"damage":6,"enemies":"Spire Growth","floor":38,"turns":4},{"damage":12,"enemies":"4 Shapes","floor":39,"turns":5},{"damage":3,"enemies":"Giant Head","floor":40,"turns":5},{"damage":17,"enemies":"Reptomancer","floor":42,"turns":5},{"damage":3,"enemies":"Giant Head","floor":46,"turns":5},{"damage":0,"enemies":"Transient","floor":47,"turns":5},{"damage":71,"enemies":"Awakened One","floor":50,"turns":12},{"damage":4,"enemies":"Shield and Spear","floor":54,"turns":3},{"damage":5,"enemies":"The Heart","floor":55,"turns":2}],"seed_played":"-242361162317839288","potions_obtained":[{"floor":4.0,"key":"Block Potion"},{"floor":8.0,"key":"BlessingOfTheForge"},{"floor":29,"key":"Swift Potion"},{"floor":30,"key":"BlessingOfTheForge"},{"floor":35,"key":"Dexterity Potion"}],"is_trial":false,"path_per_floor":["M","?","?","M","M","E","M","E","T","?","?","R","M","$","R","B",null,"M","?","?","?","M","R","M","$","T","E","$","M","E","M","R","B",null,"M","M","M","M","M","E","R","E","T","R","$","E","M","?","R","B",null,"R","$","E","B"],"character_chosen":"THE_SILENT","items_purchased":["Snake Skull","Bag of Preparation","PrismaticShard","Footwork","Dead Branch","Noxious Fumes"],"campfire_rested":0,"item_purchase_floors":[14,14,25,25,45,45],"current_hp_per_floor":[61,54,54,49,49,34,29,22,22,22,19,19,13,13,13,5,70,70,70,64,64,65,65,51,51,51,46,46,47,48,49,49,47,77,69,79,80,75,64,62,62,46,46,46,46,44,45,45,45,23,87,87,87,84,79,79],"gold":26,"neow_bonus":"BOSS_RELIC","is_daily":false,"chose_seed":false,"campfire_upgraded":7,"win_rate":0.0,"timestamp":1612454327,"path_taken":["M","?","?","M","?","E","?","E","T","?","?","R","M","$","R","BOSS","M","?","?","?","M","R","?","$","T","E","?","M","E","M","R","BOSS","M","M","?","M","M","E","R","E","T","R","?","E","M","?","R","BOSS","R","$","E","BOSS"],"items_purchased_type":["Relic","Relic","Relic","Card","Relic","Card"],"build_version":"2020-12-22","purchased_purges":1,"victory":false,"max_hp_per_floor":[70,70,70,70,70,70,70,70,70,70,70,70,70,70,70,70,70,70,70,70,70,71,71,72,72,72,73,73,74,75,76,76,77,77,78,79,80,81,82,83,83,84,84,84,84,85,86,86,86,87,87,87,87,88,88,88],"relic_stats":{"Darkstone Periapt":0,"Regal Pillow":0,"counters":[28,117],"Dead Branch":[35],"Snake Skull":[52],"PreservedInsect":459,"Bag of Preparation":[42],"Whetstone":["Neutralize","Flechettes"],"Orichalcum":[120],"Lizard Tail":43,"Centennial Puzzle":[2],"FaceOfCleric":18,"Pandora\u0027s Box":["Deadly Poison","Flechettes","Bullet Time","Flechettes","Quick Slash","Adrenaline","Venomology","Catalyst","Infinite Blades","Concentrate"],"obtain_stats":[{"Darkstone Periapt":11,"Regal Pillow":46,"Dead Branch":45,"Vajra":42,"Snake Skull":14,"PreservedInsect":26,"Bag of Preparation":14,"Whetstone":6,"Bottled Tornado":9,"Orichalcum":27,"PrismaticShard":25,"Lizard Tail":30,"Anchor":40,"Centennial Puzzle":54,"FaceOfCleric":21,"Pandora\u0027s Box":0,"Molten Egg 2":8,"Coffee Dripper":17,"Red Mask":48,"Ring of the Snake":0,"Runic Pyramid":34},{"Darkstone Periapt":6,"Regal Pillow":24,"Dead Branch":23,"Vajra":23,"Snake Skull":7,"PreservedInsect":11,"Bag of Preparation":7,"Whetstone":4,"Bottled Tornado":6,"Orichalcum":12,"PrismaticShard":11,"Lizard Tail":14,"Anchor":22,"Centennial Puzzle":27,"FaceOfCleric":9,"Pandora\u0027s Box":0,"Molten Egg 2":6,"Coffee Dripper":8,"Red Mask":25,"Ring of the Snake":0,"Runic Pyramid":16},{"Darkstone Periapt":15,"Regal Pillow":95,"Dead Branch":90,"Vajra":90,"Snake Skull":18,"PreservedInsect":33,"Bag of Preparation":18,"Whetstone":9,"Bottled Tornado":15,"Orichalcum":38,"PrismaticShard":33,"Lizard Tail":45,"Anchor":85,"Centennial Puzzle":115,"FaceOfCleric":26,"Pandora\u0027s Box":0,"Molten Egg 2":15,"Coffee Dripper":24,"Red Mask":100,"Ring of the Snake":0,"Runic Pyramid":57}]},"card_choices":[{"not_picked":["Flechettes","Underhanded Strike"],"picked":"Dagger Spray","floor":1.0},{"not_picked":["Eviscerate","Deflect"],"picked":"Caltrops","floor":4.0},{"not_picked":["PiercingWail","Dagger Spray"],"picked":"Cloak And Dagger","floor":5.0},{"not_picked":["Poisoned Stab","Bane"],"picked":"Well Laid Plans","floor":6.0},{"not_picked":["Dagger Spray","Caltrops"],"picked":"Infinite Blades","floor":7.0},{"not_picked":["Choke+1","Crippling Poison","Grand Finale+1"],"picked":"SKIP","floor":8.0},{"not_picked":["Well Laid Plans","Flechettes+1"],"picked":"Footwork","floor":13.0},{"not_picked":["Bullet Time","Grand Finale+1"],"picked":"Burst","floor":16.0},{"not_picked":["Quick Slash+1","Bouncing Flask"],"picked":"Dash+1","floor":18},{"not_picked":["Skewer+1","Cloak And Dagger"],"picked":"Backflip","floor":22},{"not_picked":["Deadly Poison","Poisoned Stab+1"],"picked":"PiercingWail","floor":24},{"not_picked":["Recycle","Pommel Strike+1"],"picked":"Echo Form","floor":27},{"not_picked":["Bane+1","MentalFortress"],"picked":"Backflip","floor":29},{"not_picked":["Perseverance","Hemokinesis+1"],"picked":"Cleave+1","floor":30},{"not_picked":["FlurryOfBlows+1","Capacitor+1","Good Instincts"],"picked":"SKIP","floor":31},{"not_picked":["A Thousand Cuts","Chrysalis"],"picked":"Juggernaut","floor":33},{"not_picked":["Beam Cell+1","CrushJoints+1"],"picked":"Whirlwind+1","floor":35},{"not_picked":["Blizzard+1","Darkness+1"],"picked":"PanicButton","floor":36},{"not_picked":["SashWhip+1","ThirdEye"],"picked":"CrushJoints+1","floor":37},{"not_picked":["Heavy Blade+1","Stack","Acrobatics+1"],"picked":"SKIP","floor":38},{"not_picked":["Prepared+1","WheelKick+1"],"picked":"Hologram","floor":39},{"not_picked":["Havoc+1","True Grit","All Out Attack+1"],"picked":"SKIP","floor":40},{"not_picked":["FlyingSleeves+1","Dual Wield+1"],"picked":"Demon Form","floor":42},{"not_picked":["Terror+1","Darkness+1"],"picked":"CutThroughFate+1","floor":46},{"not_picked":["Bane+1","Ghostly Armor"],"picked":"Evaluate","floor":47},{"not_picked":["Deadly Poison+1","Backstab+1"],"picked":"Reboot","floor":54}],"player_experience":1142624,"relics_obtained":[{"floor":6.0,"key":"Whetstone"},{"floor":8.0,"key":"Molten Egg 2"},{"floor":9.0,"key":"Bottled Tornado"},{"floor":26,"key":"PreservedInsect"},{"floor":27,"key":"Orichalcum"},{"floor":30,"key":"Lizard Tail"},{"floor":40,"key":"Anchor"},{"floor":42,"key":"Vajra"},{"floor":46,"key":"Regal Pillow"},{"floor":54,"key":"Centennial Puzzle"}],"event_choices":[{"cards_removed":["Concentrate"],"damage_healed":0.0,"max_hp_gain":0.0,"max_hp_loss":0.0,"gold_gain":0.0,"event_name":"Golden Wing","player_choice":"Card Removal","floor":2.0,"gold_loss":0.0,"damage_taken":7.0},{"damage_healed":0.0,"max_hp_gain":0.0,"max_hp_loss":0.0,"gold_gain":0.0,"event_name":"Match and Keep!","player_choice":"3 cards matched","floor":3.0,"gold_loss":0.0,"damage_taken":0.0,"cards_obtained":["Neutralize","Adrenaline","Quick Slash"]},{"damage_healed":0.0,"max_hp_gain":0.0,"max_hp_loss":0.0,"gold_gain":175.0,"event_name":"Liars Game","player_choice":"AGREE","floor":10.0,"gold_loss":0.0,"damage_taken":0.0,"cards_obtained":["Doubt"]},{"damage_healed":0.0,"max_hp_gain":0.0,"max_hp_loss":0.0,"gold_gain":0.0,"event_name":"Scrap Ooze","player_choice":"Success","floor":11.0,"gold_loss":0.0,"damage_taken":3.0,"relics_obtained":["Darkstone Periapt"]},{"damage_healed":0,"gold_gain":0,"player_choice":"Ignored","damage_taken":0,"max_hp_gain":0,"max_hp_loss":0,"event_name":"Ghosts","floor":19,"gold_loss":0},{"damage_healed":0,"gold_gain":0,"player_choice":"Joined the Cult","damage_taken":6,"max_hp_gain":0,"max_hp_loss":0,"event_name":"Nest","floor":20,"gold_loss":0,"cards_obtained":["RitualDagger"]},{"damage_healed":0,"gold_gain":0,"player_choice":"Trade","damage_taken":0,"relics_obtained":["FaceOfCleric"],"max_hp_gain":0,"max_hp_loss":0,"event_name":"FaceTrader","floor":21,"gold_loss":0},{"damage_healed":0,"gold_gain":0,"player_choice":"Paid","damage_taken":0,"relics_obtained":["Red Mask"],"max_hp_gain":0,"max_hp_loss":0,"event_name":"Tomb of Lord Red Mask","floor":48,"gold_loss":56}],"is_beta":false,"boss_relics":[{"not_picked":["Fusion Hammer","Empty Cage"],"picked":"Coffee Dripper"},{"not_picked":["SacredBark","Astrolabe"],"picked":"Runic Pyramid"}],"items_purged_floors":[14],"is_endless":false,"potions_floor_spawned":[4,7,8,16,22,29,30,33,35,38,40,42],"killed_by":"The Heart","ascension_level":3}}