{"host":"jwvz9sqego1wo43x","time":1612465624,"event":{"mods":["AchievementEnabler","BaseMod","Colored Map","Downfall","GifTheSpireLib","Minty Spire (QoL Compilation)","StSLib"],"gold_per_floor":[99,114,130,147,147,158,185,185,200,200,263,294,304,316,329,432,432,332,345,52,52,64,15,15,15,26,26,26,51,51,51,51,51],"floor_reached":31,"language":"ENG","playtime":4790,"items_purged":["Regret"],"score":307,"play_id":"6c1e2128-3a29-4da2-8cf7-c18829b74d73","local_time":"20210204190704","is_ascension_mode":false,"campfire_choices":[{"data":"hexamod:Float","floor":1,"key":"SMITH"},{"data":"hexamod:TimeWarp","floor":8,"key":"SMITH"},{"floor":18,"key":"RECALL"},{"data":"RitualDagger","floor":25,"key":"SMITH"},{"data":"hexamod:RadiantFlame","floor":28,"key":"SMITH"},{"floor":30,"key":"DIG"}],"circlet_count":0,"master_deck":["hexamod:Strike+1","hexamod:Strike","hexamod:Strike","hexamod:Strike","hexamod:Defend","hexamod:Defend","hexamod:Defend+1","hexamod:Defend+1","hexamod:Sear","hexamod:Float+1","hexamod:TimeWarp+1","hexamod:InspiringFlames","hexamod:Hexaguard","hexamod:WildfireWeapon","hexamod:Hexaguard+1","hexamod:AdvancingGuard","hexamod:ParanormalForm","hexamod:Hexaguard","hexamod:FlamesFromBeyond","hexamod:EmpoweredFlame","hexamod:SixthSeal","hexamod:Hexaguard","hexamod:FastForward+1","Sadistic Nature","hexamod:HauntingEcho","RitualDagger+1","hexamod:Incineration","hexamod:RadiantFlame+1","Pride","hexamod:GhostflameBarrier"],"relics":["hexamod:SpiritBrand","Darkstone Periapt","Toy Ornithopter","Singing Bowl","Blood Vial","Vajra","Sozu","downfall:HeartBlessingGreen","Molten Egg 2","Centennial Puzzle","Shovel","Guardian:GemstoneGun"],"acts_visited":["Exordium","TheCity"],"potions_floor_usage":[16,31],"damage_taken":[{"damage":0,"enemies":"Cultist","floor":2,"turns":3},{"damage":0,"enemies":"Small Slimes","floor":3,"turns":4},{"damage":1,"enemies":"2 Louse","floor":4,"turns":3},{"damage":2,"enemies":"Blue Slaver","floor":6,"turns":3},{"damage":0,"enemies":"2 Fungi Beasts","floor":9,"turns":3},{"damage":11,"enemies":"Gremlin Nob","floor":11,"turns":4},{"damage":36,"enemies":"Gremlin Nob","floor":12,"turns":6},{"damage":4,"enemies":"3 Louse","floor":13,"turns":4},{"damage":7,"enemies":"2 Fungi Beasts","floor":14,"turns":4},{"damage":4,"enemies":"Blue Slaver","floor":15,"turns":3},{"damage":6,"enemies":"SI_SHIV_ARCHETYPE","floor":16,"turns":7},{"damage":12,"enemies":"Chosen","floor":19,"turns":6},{"damage":2,"enemies":"downfall:FleeingMerchant","floor":20,"turns":4},{"damage":0,"enemies":"Spheric Guardian","floor":22,"turns":4},{"damage":1,"enemies":"downfall:FleeingMerchant","floor":23,"turns":4},{"damage":14,"enemies":"Snake Plant","floor":26,"turns":4},{"damage":27,"enemies":"Slavers","floor":29,"turns":5},{"damage":62,"enemies":"Gremlin Leader","floor":31,"turns":4}],"seed_played":"8605112067972023113","potions_obtained":[{"floor":6,"key":"Regen Potion"},{"floor":11,"key":"Regen Potion"},{"floor":12,"key":"Explosive Potion"},{"floor":13,"key":"Regen Potion"}],"is_trial":false,"path_per_floor":["R","M","M","M","T","M","T","R","M","?","?","E","M","M","M","B",null,"R","M","$","?","M","$","T","R","M","?","R","E","R","E"],"character_chosen":"THE_SPIRIT","items_purchased":["Sadistic Nature","hexamod:HauntingEcho","hexamod:Incineration"],"campfire_rested":0,"item_purchase_floors":[20,20,23],"current_hp_per_floor":[70,70,70,69,69,67,67,67,67,73,64,30,28,23,23,39,78,78,66,66,60,64,67,67,67,55,61,61,36,36,0,0,0],"gold":51,"neow_bonus":"ONE_RANDOM_RARE_CARD","is_daily":false,"chose_seed":false,"campfire_upgraded":4,"win_rate":0.0,"timestamp":1612465624,"path_taken":["R","M","M","?","?","M","T","R","M","?","?","E","M","M","M","BOSS","R","M","$","?","M","$","T","R","M","?","R","E","R","E"],"items_purchased_type":["Card","Card","Card"],"build_version":"2020-12-22","purchased_purges":1,"victory":false,"max_hp_per_floor":[70,70,70,70,70,70,70,70,70,76,76,76,76,76,78,78,78,78,78,78,78,80,82,82,82,82,88,88,88,88,88,88,88],"card_choices":[{"not_picked":["hexamod:BacktrackSmack","hexamod:SwordOfDarkness"],"picked":"hexamod:InspiringFlames","floor":2},{"not_picked":["hexamod:NecessarySacrifice","hexamod:InspiringFlames"],"picked":"hexamod:Hexaguard","floor":3},{"not_picked":["hexamod:FourthSeal","hexamod:BurningTouch"],"picked":"hexamod:WildfireWeapon","floor":4},{"not_picked":["hexamod:ThermalTransfer","hexamod:NightmareGuise"],"picked":"hexamod:Hexaguard","floor":6},{"not_picked":["hexamod:BacktrackSmack","hexamod:NightmareGuise"],"picked":"hexamod:AdvancingGuard","floor":9},{"not_picked":["hexamod:SpectersWail","hexamod:RecurringNightmare"],"picked":"hexamod:ParanormalForm","floor":11},{"not_picked":["hexamod:SwordOfDarkness","hexamod:SpectralAdrenaline"],"picked":"hexamod:Hexaguard","floor":12},{"not_picked":["hexamod:NightmareStrike","hexamod:SecondSeal"],"picked":"hexamod:FlamesFromBeyond","floor":13},{"not_picked":["hexamod:SpectralAdrenaline","hexamod:Firestarter"],"picked":"hexamod:EmpoweredFlame","floor":14},{"not_picked":["hexamod:FlamesFromBeyond","hexamod:GhostOfSpireFuture","hexamod:GhostOfSpirePast"],"picked":"Singing Bowl","floor":15},{"not_picked":["hexamod:TimeWarp","hexamod:GhostOfSpirePresent"],"picked":"hexamod:SixthSeal","floor":16},{"not_picked":["hexamod:Again","hexamod:Firestarter"],"picked":"hexamod:Hexaguard","floor":19},{"not_picked":["hexamod:ThermalTransfer+1","hexamod:Hexaguard"],"picked":"hexamod:FastForward+1","floor":20},{"not_picked":["hexamod:ShieldOfDarkness","hexamod:BacktrackSmack","hexamod:FlamesFromBeyond+1"],"picked":"Singing Bowl","floor":22},{"not_picked":["hexamod:Firestarter+1","hexamod:HeatMetal","hexamod:HeatCrush+1"],"picked":"Singing Bowl","floor":23},{"not_picked":["hexamod:RecurringNightmare","hexamod:AdvancingGuard"],"picked":"hexamod:RadiantFlame","floor":26},{"not_picked":["hexamod:RecurringNightmare","hexamod:GhostShield"],"picked":"hexamod:GhostflameBarrier","floor":29}],"player_experience":517560,"relics_obtained":[{"floor":5,"key":"Darkstone Periapt"},{"floor":7,"key":"Toy Ornithopter"},{"floor":12,"key":"Vajra"},{"floor":24,"key":"Molten Egg 2"},{"floor":29,"key":"Shovel"},{"floor":30,"key":"Guardian:GemstoneGun"}],"event_choices":[{"damage_healed":0,"gold_gain":0,"player_choice":"Box","damage_taken":0,"relics_obtained":["Singing Bowl"],"max_hp_gain":0,"max_hp_loss":0,"event_name":"Big Fish","floor":10,"gold_loss":0,"cards_obtained":["Regret"]},{"damage_healed":0,"gold_gain":0,"player_choice":"Stole Relic","damage_taken":0,"relics_obtained":["Centennial Puzzle"],"max_hp_gain":0,"max_hp_loss":0,"event_name":"Addict","floor":27,"gold_loss":0,"cards_obtained":["Pride"]}],"is_beta":false,"boss_relics":[{"not_picked":["Snecko Eye","hexamod:UnbrokenSoul"],"picked":"Sozu"}],"items_purged_floors":[20],"is_endless":false,"potions_floor_spawned":[6,11,12,13,26,29],"killed_by":"Gremlin Leader","ascension_level":0}}