{"host":"hry4lcefviisd2vw","time":1612431677,"event":{"mods":["BaseMod","Downfall","Highlight Path","Hubris","Jorbs\u0027s Wanderer Trilogy","Minty Spire (QoL Compilation)","Permanent Neow","Replay The Spire","Shop Mod","StSLib","The Cursed","The Servant 0.9.4"],"gold_per_floor":[0,11,25,17,34,134,160,160,183,32,32,43,43,80,108,108,108,108],"floor_reached":16,"language":"ENG","playtime":1952,"items_purged":[],"score":127,"play_id":"a79cb974-cc23-4e51-9986-26da9772e680","local_time":"20210204014117","is_ascension_mode":false,"campfire_choices":[{"floor":1,"key":"DIG"},{"data":"hexamod:Again","floor":8,"key":"SMITH"},{"data":"hexamod:EmpoweredFlame","floor":11,"key":"SMITH"}],"circlet_count":0,"master_deck":["hexamod:Strike","hexamod:Strike","hexamod:Strike","hexamod:Defend","hexamod:Defend","hexamod:Defend","hexamod:Sear","hexamod:Float","hexamod:ExtraCrispy","hexamod:EmpoweredFlame+1","hexamod:FirstSeal","hexamod:SecondSeal","hexamod:Again+1","hexamod:HeatShield","hexamod:FourthSeal","hexamod:SkipABeat","hexamod:CatchUp"],"relics":["hexamod:SpiritBrand","Sundial","Toy Ornithopter","hexamod:MatchstickCase","hubris:Icosahedron","Peace Pipe"],"acts_visited":["Exordium"],"potions_floor_usage":[15,16,16,16],"damage_taken":[{"damage":3,"enemies":"2 Louse","floor":2,"turns":2},{"damage":1,"enemies":"Jaw Worm","floor":3,"turns":4},{"damage":5,"enemies":"Small Slimes","floor":5,"turns":4},{"damage":15,"enemies":"Exordium Wildlife","floor":9,"turns":6},{"damage":0,"enemies":"downfall:FleeingMerchant","floor":10,"turns":4},{"damage":22,"enemies":"Large Slime","floor":12,"turns":7},{"damage":0,"enemies":"Lagavulin","floor":14,"turns":6},{"damage":8,"enemies":"Exordium Thugs","floor":15,"turns":5},{"damage":43,"enemies":"WA_ARCHETYPE_RETAIN","floor":16,"turns":7}],"seed_played":"4888353650145173296","potions_obtained":[{"floor":5,"key":"champ:CounterPotion"},{"floor":12,"key":"hexamod:DoubleChargePotion"},{"floor":14,"key":"Cursed Concoction"},{"floor":15,"key":"SkillPotion"},{"floor":15,"key":"Reflective Coating"}],"is_trial":false,"path_per_floor":["R","M","M","?","M","?","T","R","M","$","R","M","?","E","M","B"],"character_chosen":"THE_SPIRIT","items_purchased":["hexamod:MatchstickCase"],"campfire_rested":0,"item_purchase_floors":[10],"current_hp_per_floor":[70,67,66,59,54,54,54,54,46,53,53,31,31,31,28,0,0,0],"gold":108,"neow_bonus":"REMOVE_TWO","is_daily":false,"chose_seed":false,"campfire_upgraded":2,"win_rate":0.0,"timestamp":1612431677,"path_taken":["R","M","M","?","M","?","T","R","M","$","R","M","?","E","M","BOSS"],"items_purchased_type":["Relic"],"build_version":"2020-12-22","purchased_purges":0,"victory":false,"max_hp_per_floor":[70,70,70,70,70,70,70,70,70,70,70,70,70,70,70,70,70,70],"card_choices":[{"not_picked":["hexamod:NightmareStrike","hexamod:GhostOfSpireFuture"],"picked":"hexamod:ExtraCrispy","floor":2},{"not_picked":["hexamod:HeatMetal","hexamod:ThermalTransfer"],"picked":"hexamod:EmpoweredFlame","floor":3},{"not_picked":["hexamod:GhostShield","hexamod:GhostLash"],"picked":"hexamod:Again","floor":5},{"not_picked":["hexamod:EtherealExpedition","hexamod:SecondSeal"],"picked":"hexamod:HeatShield","floor":9},{"not_picked":["hexamod:GhostShield","hexamod:GhostOfSpireFuture"],"picked":"hexamod:FourthSeal","floor":10},{"not_picked":["hexamod:NecessarySacrifice","hexamod:Firestarter"],"picked":"hexamod:SkipABeat","floor":12},{"not_picked":["hexamod:AdvancingGuard","hexamod:ThermalTransfer"],"picked":"hexamod:CatchUp","floor":14},{"not_picked":["hexamod:Firestarter","hexamod:GhostShield","hexamod:RecurringNightmare"],"picked":"SKIP","floor":15}],"player_experience":521538,"relics_obtained":[{"floor":1,"key":"Sundial"},{"floor":7,"key":"Toy Ornithopter"},{"floor":14,"key":"Peace Pipe"}],"event_choices":[],"is_beta":false,"boss_relics":[],"items_purged_floors":[],"is_endless":false,"potions_floor_spawned":[5,14,15],"killed_by":"WA_ARCHETYPE_RETAIN","ascension_level":0}}