{"host":"6qo42zgaknezulyg","time":1612445908,"event":{"mods":["2.2 Compatiblity","BaseMod","Faster Ascension Climbing","Keyboard Shortcuts","Minty Spire (QoL Compilation)","Permanent Neow","Quick Restart","StSLib","SuperFastMode","The Bug Knight"],"gold_per_floor":[119,135,135,151,151,151,165,176,176,209,225,245,245,280,280,351,351,368,368,381,401,401,401,401,421,421,421,446,7,32,43,43,114,114,127,152,152,172,182,214,230,230,230,105,130,3,17,34,34,34,34],"floor_reached":52,"language":"ENG","playtime":3436,"items_purged":["HollowMod:FocusHealStart","HollowMod:NailStrikeStart"],"score":2007,"play_id":"4859175a-3452-44eb-ae6e-3af87ec854dd","local_time":"20210204223828","is_ascension_mode":true,"campfire_choices":[{"data":"HollowMod:MonarchWings","floor":6.0,"key":"SMITH"},{"data":"HollowMod:RecoilStrike","floor":13.0,"key":"SMITH"},{"data":"1","floor":15.0,"key":"LIFT"},{"data":"2","floor":23.0,"key":"LIFT"},{"data":"3","floor":27.0,"key":"LIFT"},{"data":"HollowMod:ZotesMagnificence","floor":32.0,"key":"SMITH"},{"data":"HollowMod:DashSlash","floor":42.0,"key":"SMITH"},{"data":"HollowMod:DashSlash","floor":49,"key":"SMITH"}],"circlet_count":0,"master_deck":["AscendersBane","HollowMod:NailStrikeStart","HollowMod:QuickDashStart+1","HollowMod:QuickDashStart+1","HollowMod:QuickDashStart","HollowMod:PogoStrike","HollowMod:MantisMark+1","HollowMod:MonarchWings+1","HollowMod:DashSlash+1","HollowMod:RecoilStrike+1","HollowMod:Hiveblood+1","HollowMod:CloakDash+1","HollowMod:CloakDash+1","HollowMod:LifebloodCore+1","HollowMod:DungDefenderAura+1","HollowMod:SoulSplash+1","HollowMod:DungDefenderAura+1","HollowMod:HuntersJournal+1","HollowMod:VoidDash+1","HollowMod:MantisMark+1","HollowMod:RecoilStrike+1","HollowMod:LifebloodCocoon+1","HollowMod:ZotesMagnificence+1","HollowMod:LifebloodCore+1","HollowMod:PerfectDash+1","HollowMod:SiblingsSouls+1","HollowMod:LifebloodCocoon+1","HollowMod:DashSlash+1","HollowMod:DoubleDash+1","HollowMod:GrimmsGift+1","HollowMod:PerfectDash+1","Blind+1","HollowMod:SiblingsSouls+1"],"relics":["HollowMod:VesselMask","Toxic Egg 2","MealTicket","Girya","Sozu","HollowMod:PaleOreRelic","HollowMod:StagPassRelic","DollysMirror","Thread and Needle","Black Star","Calipers","Question Card","Bird Faced Urn","HollowMod:LumaflyLanternRelic","War Paint","Frozen Egg 2"],"acts_visited":["Exordium","TheCity","TheBeyond"],"potions_floor_usage":[],"damage_taken":[{"damage":33.0,"enemies":"Jaw Worm","floor":1.0,"turns":6.0},{"damage":4.0,"enemies":"Small Slimes","floor":2.0,"turns":5.0},{"damage":7.0,"enemies":"Cultist","floor":4.0,"turns":4.0},{"damage":6.0,"enemies":"Exordium Wildlife","floor":7.0,"turns":4.0},{"damage":8.0,"enemies":"Looter","floor":8.0,"turns":3.0},{"damage":24.0,"enemies":"Gremlin Nob","floor":10.0,"turns":4.0},{"damage":30.0,"enemies":"Exordium Thugs","floor":11.0,"turns":8.0},{"damage":22.0,"enemies":"Large Slime","floor":12.0,"turns":6.0},{"damage":28.0,"enemies":"HollowMod:MossKnight","floor":14.0,"turns":7.0},{"damage":24.0,"enemies":"Slime Boss","floor":16.0,"turns":9.0},{"damage":0.0,"enemies":"HollowMod:HuskSentry","floor":18.0,"turns":8.0},{"damage":0.0,"enemies":"Chosen","floor":20.0,"turns":7.0},{"damage":28.0,"enemies":"Snake Plant","floor":21.0,"turns":4.0},{"damage":18.0,"enemies":"Centurion and Healer","floor":25.0,"turns":5.0},{"damage":0.0,"enemies":"HollowMod:Nosk","floor":28.0,"turns":6.0},{"damage":0.0,"enemies":"Gremlin Leader","floor":30.0,"turns":5.0},{"damage":0.0,"enemies":"Chosen and Byrds","floor":31.0,"turns":5.0},{"damage":31.0,"enemies":"HollowMod:NKGrimm","floor":33.0,"turns":7.0},{"damage":18.0,"enemies":"3 Shapes","floor":35.0,"turns":5.0},{"damage":0.0,"enemies":"Mind Bloom Boss Battle","floor":36.0,"turns":1.0},{"damage":14.0,"enemies":"Orb Walker","floor":38.0,"turns":3.0},{"damage":0.0,"enemies":"Maw","floor":39.0,"turns":7.0},{"damage":0.0,"enemies":"HollowMod:StalkingDevout","floor":40.0,"turns":7.0},{"damage":0.0,"enemies":"Jaw Worm Horde","floor":41.0,"turns":4.0},{"damage":19.0,"enemies":"Reptomancer","floor":45.0,"turns":8.0},{"damage":0.0,"enemies":"3 Darklings","floor":47.0,"turns":5.0},{"damage":0,"enemies":"Spire Growth","floor":48,"turns":3},{"damage":17,"enemies":"Donu and Deca","floor":50,"turns":14},{"damage":15,"enemies":"Awakened One","floor":51,"turns":18}],"seed_played":"731134823939290492","potions_obtained":[{"floor":1.0,"key":"LiquidBronze"},{"floor":7.0,"key":"SneckoOil"},{"floor":10.0,"key":"Energy Potion"},{"floor":11.0,"key":"FearPotion"}],"is_trial":false,"path_per_floor":["M","M","?","M","?","R","M","M","T","E","M","M","R","E","R","B",null,"M","?","M","M","?","R","?","M","T","R","E","$","E","M","R","B",null,"M","?","?","M","M","E","M","R","T","$","E","$","M","M","R","B","B",null],"character_chosen":"THE_BUGKNIGHT","items_purchased":["HollowMod:VoidDash+1","DollysMirror","HollowMod:RecoilStrike","HollowMod:DoubleDash+1","HollowMod:PerfectDash+1","Blind+1"],"campfire_rested":0,"item_purchase_floors":[29,29,29,44,46,46],"current_hp_per_floor":[41,43,43,42,42,42,42,40,40,26,35,44,44,47,47,57,65,68,49,73,63,63,63,63,73,73,73,73,73,73,73,73,69,72,73,73,73,72,72,72,72,72,72,73,73,73,73,73,73,73,73],"gold":34,"neow_bonus":"REMOVE_TWO","is_daily":false,"chose_seed":false,"campfire_upgraded":5,"win_rate":0.0,"timestamp":1612445908,"path_taken":["M","M","?","M","?","R","M","M","T","E","M","?","R","E","R","BOSS","M","?","M","M","?","R","?","M","T","R","E","$","E","M","R","BOSS","M","?","?","M","M","E","?","R","T","$","E","?","M","M","R","BOSS","BOSS"],"items_purchased_type":["Card","Relic","Card","Card","Card","Card"],"build_version":"2020-12-22","purchased_purges":2,"victory":true,"max_hp_per_floor":[68,68,68,68,68,68,68,68,68,68,68,68,68,68,68,68,68,68,73,73,73,73,73,73,73,73,73,73,73,73,73,73,73,73,73,73,73,73,73,73,73,73,73,73,73,73,73,73,73,73,73],"card_choices":[{"not_picked":["HollowMod:InfectedCysts","HollowMod:HowlingWraiths"],"picked":"HollowMod:MantisMark","floor":1.0},{"not_picked":["HollowMod:NewJinnsSoul","HollowMod:FastStrike"],"picked":"HollowMod:MonarchWings","floor":2.0},{"not_picked":["HollowMod:SharpenedNail","HollowMod:NewJinnsSoul","HollowMod:DesolateDive"],"picked":"SKIP","floor":4.0},{"not_picked":["HollowMod:NewJinnsSoul","HollowMod:LifebloodCocoon"],"picked":"HollowMod:DashSlash","floor":7.0},{"not_picked":["HollowMod:HeavyBlow","HollowMod:CornifersMapStart"],"picked":"HollowMod:RecoilStrike","floor":8.0},{"not_picked":["HollowMod:SoulSplash+1","HollowMod:SiblingsSouls+1"],"picked":"HollowMod:Hiveblood+1","floor":10.0},{"not_picked":["HollowMod:HeavyBlow","HollowMod:WraithStrike"],"picked":"HollowMod:CloakDash+1","floor":11.0},{"not_picked":["HollowMod:ShadowDash+1","HollowMod:WraithStrike","HollowMod:HeavyBlow"],"picked":"SKIP","floor":12.0},{"not_picked":["HollowMod:SiblingsShadow+1","HollowMod:DreamGate+1"],"picked":"HollowMod:CloakDash+1","floor":14.0},{"not_picked":["HollowMod:NewInfectedGuardian+1","HollowMod:ElderbugsWisdom"],"picked":"HollowMod:LifebloodCore+1","floor":16.0},{"not_picked":["HollowMod:LifebloodCocoon+1","HollowMod:DesolateDive"],"picked":"HollowMod:DungDefenderAura+1","floor":18.0},{"not_picked":["HollowMod:MonarchWings+1","HollowMod:NewLittleFool"],"picked":"HollowMod:SoulSplash+1","floor":20.0},{"not_picked":["HollowMod:NewGlowingWomb","HollowMod:CycloneSlash","HollowMod:CornifersMapStart+1"],"picked":"SKIP","floor":21.0},{"not_picked":["HollowMod:NewGlowingWomb","HollowMod:CycloneSlash","HollowMod:CornifersMapStart+1"],"picked":"SKIP","floor":21.0},{"not_picked":["HollowMod:InfectionAssault","HollowMod:WraithStrike+1"],"picked":"HollowMod:DungDefenderAura+1","floor":25.0},{"not_picked":["HollowMod:VengefulSpirit","HollowMod:DreamGate+1"],"picked":"HollowMod:HuntersJournal+1","floor":28.0},{"not_picked":["HollowMod:VengefulSpirit","HollowMod:BaldurShell"],"picked":"HollowMod:LifebloodCocoon+1","floor":30.0},{"not_picked":["HollowMod:SoulStrike","HollowMod:GoodIntentions+1"],"picked":"HollowMod:ZotesMagnificence","floor":31.0},{"not_picked":["HollowMod:ZotesMagnificence","HollowMod:theNailsmith+1"],"picked":"HollowMod:LifebloodCore+1","floor":33.0},{"not_picked":["HollowMod:InfectionAssault","HollowMod:WraithStrike","HollowMod:InfectedCysts"],"picked":"SKIP","floor":35.0},{"not_picked":["HollowMod:InfectedAttack+1","HollowMod:SoulStrike"],"picked":"HollowMod:PerfectDash+1","floor":36.0},{"not_picked":["HollowMod:SoulShaman+1","HollowMod:NewJinnsSoul+1","HollowMod:HowlingWraiths+1"],"picked":"SKIP","floor":38.0},{"not_picked":["HollowMod:DreamGate+1","HollowMod:SharpenedNail+1"],"picked":"HollowMod:SiblingsSouls+1","floor":39.0},{"not_picked":["HollowMod:DesolateDive","HollowMod:DreamGate+1"],"picked":"HollowMod:LifebloodCocoon+1","floor":40.0},{"not_picked":["HollowMod:WraithStrike","HollowMod:ShadowDash+1","HollowMod:InfectionAssault"],"picked":"HollowMod:DashSlash","floor":41.0},{"not_picked":["HollowMod:SharpenedNail","HollowMod:DoubleDash+1","HollowMod:BrokenVessel+1"],"picked":"HollowMod:GrimmsGift+1","floor":45.0},{"not_picked":["HollowMod:ChannelNail+1","HollowMod:NewInfectedGuardian+1","HollowMod:SoulVessel+1","HollowMod:LifebloodCocoon+1"],"picked":"SKIP","floor":47.0},{"not_picked":["HollowMod:SharpenedNail","HollowMod:ShadowDash+1","HollowMod:TaintedHusks+1"],"picked":"HollowMod:SiblingsSouls+1","floor":48}],"player_experience":734230,"relics_obtained":[{"floor":9.0,"key":"Toxic Egg 2"},{"floor":10.0,"key":"MealTicket"},{"floor":14.0,"key":"Girya"},{"floor":26.0,"key":"HollowMod:PaleOreRelic"},{"floor":28.0,"key":"HollowMod:StagPassRelic"},{"floor":30.0,"key":"Thread and Needle"},{"floor":36.0,"key":"Calipers"},{"floor":40.0,"key":"Question Card"},{"floor":40.0,"key":"Bird Faced Urn"},{"floor":43.0,"key":"HollowMod:LumaflyLanternRelic"},{"floor":45.0,"key":"War Paint"},{"floor":45.0,"key":"Frozen Egg 2"}],"event_choices":[{"damage_healed":0.0,"max_hp_gain":0.0,"max_hp_loss":0.0,"gold_gain":0.0,"event_name":"Living Wall","player_choice":"Grow","floor":3.0,"gold_loss":0.0,"damage_taken":0.0,"cards_upgraded":["HollowMod:MantisMark"]},{"cards_removed":["HollowMod:QuickDashStart"],"damage_healed":0.0,"max_hp_gain":0.0,"max_hp_loss":0.0,"gold_gain":0.0,"event_name":"Bonfire Elementals","player_choice":"Offered Basic","floor":5.0,"gold_loss":0.0,"damage_taken":0.0},{"damage_healed":0.0,"max_hp_gain":5.0,"max_hp_loss":0.0,"gold_gain":0.0,"event_name":"Forgotten Altar","player_choice":"Shed Blood","floor":19.0,"gold_loss":0.0,"damage_taken":24.0},{"damage_healed":0.0,"max_hp_gain":0.0,"max_hp_loss":0.0,"gold_gain":0.0,"event_name":"Ghosts","player_choice":"Ignored","floor":22.0,"gold_loss":0.0,"damage_taken":0.0},{"damage_healed":0.0,"max_hp_gain":0.0,"max_hp_loss":0.0,"gold_gain":0.0,"event_name":"Vampires","player_choice":"Ignored","floor":24.0,"gold_loss":0.0,"damage_taken":0.0},{"damage_healed":0.0,"max_hp_gain":0.0,"max_hp_loss":0.0,"gold_gain":0.0,"event_name":"MindBloom","player_choice":"Fight","floor":36.0,"gold_loss":0.0,"damage_taken":0.0}],"is_beta":false,"boss_relics":[{"not_picked":["Busted Crown","SlaversCollar"],"picked":"Sozu"},{"not_picked":["Velvet Choker","Astrolabe"],"picked":"Black Star"}],"items_purged_floors":[29,44],"is_endless":false,"potions_floor_spawned":[1,7,10,11,14,31,33,38,47,48],"ascension_level":20}}