{"host":"z9grmtg2w0nmz8n1","time":1612463036,"event":{"mods":["Aspiration","BaseMod","Better Altar","Better Match","Better Note","Better Sensory Stone","Better Skull","Better Third Choice","BetterRewards","CCEM2","Clawfect","Colored Map","Conspire","GifTheSpireLib","Halation","Highlight Path","Hubris","Hunter ??","Jedi Mod","Minty Spire (QoL Compilation)","Permanent Neow","Reliquary","Replay The Spire","Shop Mod","Spicy Shops","StSLib","Stuff the Spire","The Administrix","The Blackbeard","The Runesmith","The Servant 0.9.4"],"gold_per_floor":[117,129,49,59,59,92,92,108,108,108,123,136,156,191,191,191,191,191],"floor_reached":16,"language":"ENG","playtime":843,"items_purged":[],"score":114,"play_id":"d954ee91-4f27-4d34-a6e2-ef8cd2fb78e8","local_time":"20210204162356","is_ascension_mode":false,"campfire_choices":[{"floor":7,"key":"RECALL"},{"floor":10,"key":"REST"},{"floor":15,"key":"REST"}],"circlet_count":0,"master_deck":["blackbeard:BlackbeardStrike","blackbeard:BlackbeardStrike","blackbeard:BlackbeardStrike","blackbeard:BlackbeardStrike","blackbeard:IntimidatingStrike","blackbeard:BlackbeardDefend","blackbeard:BlackbeardDefend+1","blackbeard:BlackbeardDefend","blackbeard:BlackbeardDefend","blackbeard:Cutlass","Regret","blackbeard:FieryDefense","blackbeard:Boarding+1","blackbeard:GoldenCannonball","blackbeard:CloakAndCannonball","blackbeard:PirateHook","blackbeard:CloakAndCannonball"],"relics":["blackbeard:LoadTheCannons","CCEMRelics:D6","reliquary:PartyBalloon","Gremlin Food","hubris:64BitClover"],"acts_visited":["Exordium"],"potions_floor_usage":[1],"damage_taken":[{"damage":6,"enemies":"2 Louse","floor":1,"turns":4},{"damage":2,"enemies":"Cultist","floor":2,"turns":4},{"damage":5,"enemies":"Jaw Worm","floor":4,"turns":3},{"damage":36,"enemies":"3 Sentries","floor":6,"turns":5},{"damage":4,"enemies":"Blue Slaver","floor":8,"turns":3},{"damage":4,"enemies":"3 Louse","floor":11,"turns":3},{"damage":0,"enemies":"Lots of Slimes","floor":12,"turns":1},{"damage":0,"enemies":"Exordium Wildlife","floor":13,"turns":3},{"damage":36,"enemies":"Gremlin Nob","floor":14,"turns":5},{"damage":24,"enemies":"The Guardian","floor":16,"turns":6}],"seed_played":"7383725257332569257","potions_obtained":[{"floor":1,"key":"Fruit Juice"},{"floor":6,"key":"Ancient Potion"},{"floor":14,"key":"Energy Potion"}],"is_trial":false,"path_per_floor":["M","M","?","M","$","E","R","M","T","R","M","M","M","E","R","B"],"character_chosen":"BLACKBEARD_CLASS","items_purchased":[],"campfire_rested":2,"item_purchase_floors":[],"current_hp_per_floor":[74,72,72,67,67,31,31,27,27,51,47,47,47,11,35,11,11,11],"gold":191,"neow_bonus":"RANDOM_EVENT","is_daily":false,"chose_seed":false,"campfire_upgraded":0,"win_rate":0.0,"timestamp":1612463036,"path_taken":["M","M","?","?","$","E","R","M","T","R","M","M","M","E","R","BOSS"],"items_purchased_type":[],"build_version":"2020-12-22","purchased_purges":0,"victory":false,"max_hp_per_floor":[80,80,80,80,80,80,80,80,80,80,80,80,80,80,80,80,80,80],"card_choices":[{"not_picked":["blackbeard:TacticalRetreat","blackbeard:DeadlyArsenal"],"picked":"blackbeard:FieryDefense","floor":1},{"not_picked":["blackbeard:Rum","blackbeard:AgileStrike"],"picked":"blackbeard:Boarding","floor":2},{"not_picked":["blackbeard:BlindAttacks","blackbeard:Sharpening"],"picked":"blackbeard:GoldenCannonball","floor":4},{"not_picked":["blackbeard:DeadlyArsenal","blackbeard:Fencing"],"picked":"blackbeard:CloakAndCannonball","floor":6},{"not_picked":["blackbeard:DoubleBottom","blackbeard:Shrapnel"],"picked":"blackbeard:PirateHook","floor":8},{"not_picked":["blackbeard:Sharpening","blackbeard:BeatUp","blackbeard:DeadlyArsenal"],"picked":"SKIP","floor":11},{"not_picked":["blackbeard:TacticalRetreat","blackbeard:WiseDefense"],"picked":"blackbeard:CloakAndCannonball","floor":12},{"not_picked":["blackbeard:Upgrade","blackbeard:Sharpening","blackbeard:Toast"],"picked":"SKIP","floor":13},{"not_picked":["blackbeard:GoldenDefense","blackbeard:PirateEarring","blackbeard:CannonBarrage"],"picked":"SKIP","floor":14}],"player_experience":860357,"relics_obtained":[{"floor":6,"key":"Gremlin Food"},{"floor":14,"key":"hubris:64BitClover"}],"event_choices":[{"damage_healed":0,"gold_gain":0,"player_choice":"Box","damage_taken":0,"relics_obtained":["CCEMRelics:D6"],"max_hp_gain":0,"max_hp_loss":0,"event_name":"Big Fish","floor":0,"gold_loss":0,"cards_obtained":["Regret"]},{"damage_healed":0,"gold_gain":0,"player_choice":"Paid Gold","damage_taken":0,"relics_obtained":["reliquary:PartyBalloon"],"max_hp_gain":0,"max_hp_loss":0,"event_name":"WeMeetAgain","floor":3,"gold_loss":80}],"is_beta":false,"boss_relics":[],"items_purged_floors":[],"is_endless":false,"potions_floor_spawned":[1,2,6,14],"killed_by":"The Guardian","ascension_level":0}}