{"host":"dhlnk6yox2l1s6up","time":1612454221,"event":{"mods":["BaseMod","Bestiary","Colored Map","Highlight Path","Minty Spire (QoL Compilation)","Relic Stats","StSLib"],"gold_per_floor":[113,113,124,14,14,39,54,68,141,173,173,224,241,251,251,251,251],"floor_reached":16,"language":"ENG","playtime":522,"items_purged":["Strike_B"],"score":206,"play_id":"808ba2a7-7006-45d9-a7b6-0a6d5afff94e","local_time":"20210204095701","is_ascension_mode":true,"campfire_choices":[{"data":"Sweeping Beam","floor":11,"key":"SMITH"},{"data":"Streamline","floor":15,"key":"SMITH"}],"circlet_count":0,"master_deck":["AscendersBane","Strike_B","Strike_B","Defend_B","Defend_B","Defend_B","Defend_B","Zap","Dualcast","Sweeping Beam","Amplify","Streamline+1","Storm","Sweeping Beam+1","Capacitor","Conserve Battery","Core Surge"],"relics":["Cracked Core","NeowsBlessing","StoneCalendar","Pear","DataDisk","Happy Flower"],"acts_visited":["Exordium"],"potions_floor_usage":[8,16,16],"damage_taken":[{"damage":0,"enemies":"Jaw Worm","floor":1,"turns":1},{"damage":0,"enemies":"Cultist","floor":3,"turns":1},{"damage":0,"enemies":"3 Sentries","floor":6,"turns":1},{"damage":0,"enemies":"Small Slimes","floor":7,"turns":2},{"damage":15,"enemies":"Blue Slaver","floor":8,"turns":3},{"damage":23,"enemies":"Gremlin Nob","floor":10,"turns":4},{"damage":12,"enemies":"Exordium Thugs","floor":13,"turns":4},{"damage":0,"enemies":"Large Slime","floor":14,"turns":3},{"damage":28,"enemies":"Hexaghost","floor":16,"turns":4}],"seed_played":"-4750974884333349560","potions_obtained":[{"floor":3,"key":"ColorlessPotion"},{"floor":6,"key":"PowerPotion"},{"floor":13,"key":"SpeedPotion"},{"floor":14,"key":"SmokeBomb"}],"is_trial":false,"path_per_floor":["M","?","M","$","$","E","M","M","T","E","R","T","M","M","R","B"],"character_chosen":"DEFECT","items_purchased":["Storm"],"campfire_rested":0,"item_purchase_floors":[4],"current_hp_per_floor":[68,68,68,68,68,68,68,53,63,40,40,40,28,28,28,0,0],"gold":251,"neow_bonus":"THREE_ENEMY_KILL","is_daily":false,"chose_seed":false,"campfire_upgraded":2,"win_rate":0.0,"timestamp":1612454221,"path_taken":["M","?","?","?","$","E","?","M","T","E","R","?","M","?","R","BOSS"],"items_purchased_type":["Card"],"build_version":"2020-12-22","purchased_purges":1,"victory":false,"max_hp_per_floor":[75,75,75,75,75,75,75,75,85,85,85,85,85,85,85,85,85],"relic_stats":{"Happy Flower":[3],"counters":[9,23],"StoneCalendar":[0],"obtain_stats":[{"DataDisk":10,"Pear":9,"NeowsBlessing":0,"Happy Flower":12,"StoneCalendar":6,"Cracked Core":0},{"DataDisk":6,"Pear":5,"NeowsBlessing":0,"Happy Flower":6,"StoneCalendar":3,"Cracked Core":0},{"DataDisk":12,"Pear":8,"NeowsBlessing":0,"Happy Flower":12,"StoneCalendar":3,"Cracked Core":0}]},"card_choices":[{"not_picked":["Redo","Streamline"],"picked":"Sweeping Beam","floor":1},{"not_picked":["Skim","Glacier"],"picked":"Streamline","floor":3},{"not_picked":["Amplify","Double Energy","Rebound"],"picked":"SKIP","floor":6},{"not_picked":["Steam","Blizzard"],"picked":"Sweeping Beam","floor":7},{"not_picked":["Reinforced Body","Cold Snap"],"picked":"Capacitor","floor":8},{"not_picked":["Fusion","Compile Driver"],"picked":"Conserve Battery","floor":10},{"not_picked":["Auto Shields","Rebound"],"picked":"Core Surge","floor":13},{"not_picked":["Stack","Static Discharge","Gash"],"picked":"SKIP","floor":14}],"player_experience":6108135,"relics_obtained":[{"floor":6,"key":"StoneCalendar"},{"floor":9,"key":"Pear"},{"floor":10,"key":"DataDisk"},{"floor":12,"key":"Happy Flower"}],"event_choices":[{"damage_healed":0,"gold_gain":0,"cards_transformed":["Strike_B"],"player_choice":"Transformed","damage_taken":0,"max_hp_gain":0,"max_hp_loss":0,"event_name":"Transmorgrifier","floor":2,"gold_loss":0,"cards_obtained":["Amplify"]}],"is_beta":false,"boss_relics":[],"items_purged_floors":[4],"is_endless":false,"potions_floor_spawned":[3,6,13,14],"killed_by":"Hexaghost","ascension_level":10}}