{"host":"fff5e1uasnm04x18","time":1612462243,"event":{"mods":["BaseMod","Minty Spire (QoL Compilation)"],"gold_per_floor":[110,385,5,5,25,25,55,55,55,130,130,130,141,170,170,269,269,285,1,19,38,58,86,86,418,418,436,436,436],"floor_reached":28,"language":"ENG","playtime":1215,"items_purged":["Regret","Strike_B"],"score":329,"play_id":"0d164eaf-2df3-45e3-9100-80d8ff5cabf1","local_time":"20210204131043","is_ascension_mode":true,"campfire_choices":[{"data":"White Noise","floor":6,"key":"SMITH"},{"floor":8,"key":"REST"},{"data":"Zap","floor":11,"key":"SMITH"},{"floor":15,"key":"REST"},{"floor":24,"key":"REST"}],"circlet_count":0,"master_deck":["Strike_B","Strike_B","Defend_B","Defend_B","Defend_B","Defend_B","Zap+1","Dualcast","White Noise+1","Darkness","Meteor Strike","Defragment","Rainbow","Capacitor","Mayhem","Biased Cognition","Heatsinks","Sunder","Turbo+1"],"relics":["Cracked Core","Ice Cream","Nunchaku","Meat on the Bone","Mercury Hourglass","Philosopher\u0027s Stone","Pear","Old Coin","Bottled Flame"],"acts_visited":["Exordium","TheCity"],"potions_floor_usage":[16,22,22,22,28],"damage_taken":[{"damage":0,"enemies":"2 Louse","floor":1,"turns":2},{"damage":2,"enemies":"Cultist","floor":5,"turns":5},{"damage":25,"enemies":"Lagavulin","floor":7,"turns":8},{"damage":1,"enemies":"Jaw Worm","floor":13,"turns":3},{"damage":21,"enemies":"3 Sentries","floor":14,"turns":9},{"damage":29,"enemies":"Hexaghost","floor":16,"turns":7},{"damage":18,"enemies":"Shell Parasite","floor":18,"turns":4},{"damage":7,"enemies":"Chosen","floor":20,"turns":3},{"damage":43,"enemies":"Shelled Parasite and Fungi","floor":21,"turns":4},{"damage":27,"enemies":"Centurion and Healer","floor":22,"turns":6},{"damage":18,"enemies":"Gremlin Leader","floor":23,"turns":4},{"damage":62,"enemies":"Slavers","floor":25,"turns":4},{"damage":27,"enemies":"Sentry and Sphere","floor":27,"turns":5},{"damage":36,"enemies":"Book of Stabbing","floor":28,"turns":3}],"seed_played":"1278641260319222860","potions_obtained":[{"floor":5,"key":"Dexterity Potion"},{"floor":13,"key":"FocusPotion"},{"floor":14,"key":"SpeedPotion"},{"floor":16,"key":"Regen Potion"},{"floor":20,"key":"Regen Potion"},{"floor":21,"key":"Regen Potion"},{"floor":22,"key":"FearPotion"},{"floor":25,"key":"Dexterity Potion"}],"is_trial":false,"path_per_floor":["M","?","$","$","M","R","E","R","T","?","R","?","M","E","R","B",null,"M","$","M","M","M","E","R","E","T","M","E"],"character_chosen":"DEFECT","items_purchased":["Ice Cream","Mayhem"],"campfire_rested":3,"item_purchase_floors":[3,19],"current_hp_per_floor":[82,82,82,82,80,80,55,79,79,68,68,68,67,46,70,53,82,64,64,57,26,64,56,83,33,33,18,0,0],"gold":436,"neow_bonus":"TEN_PERCENT_HP_BONUS","is_daily":false,"chose_seed":false,"campfire_upgraded":2,"win_rate":0.0,"timestamp":1612462243,"path_taken":["M","?","?","$","M","R","E","R","T","?","R","?","M","E","R","BOSS","M","$","M","M","?","E","R","E","T","M","E"],"items_purchased_type":["Relic","Card"],"build_version":"2020-12-22","purchased_purges":2,"victory":false,"max_hp_per_floor":[82,82,82,82,82,82,82,82,82,82,82,82,82,82,82,82,82,82,82,82,82,82,92,92,92,92,92,92,92],"card_choices":[{"not_picked":["Beam Cell","Sweeping Beam"],"picked":"White Noise","floor":1},{"not_picked":["Cold Snap","Redo","Streamline"],"picked":"SKIP","floor":5},{"not_picked":["Turbo","Barrage","Conserve Battery"],"picked":"SKIP","floor":7},{"not_picked":["Undo","Defragment"],"picked":"Meteor Strike","floor":13},{"not_picked":["Doom and Gloom","Rip and Tear"],"picked":"Defragment","floor":14},{"not_picked":["Amplify","Multi-Cast"],"picked":"Rainbow","floor":16},{"not_picked":["Stack","Conserve Battery"],"picked":"Capacitor","floor":18},{"not_picked":["Streamline","Gash+1","Redo"],"picked":"SKIP","floor":20},{"not_picked":["Compile Driver","Stack"],"picked":"Biased Cognition","floor":21},{"not_picked":["Static Discharge+1","Rebound+1"],"picked":"Heatsinks","floor":22},{"not_picked":["Leap","Coolheaded","Streamline"],"picked":"SKIP","floor":23},{"not_picked":["Beam Cell","Hologram"],"picked":"Sunder","floor":25},{"not_picked":["Stack+1","Leap+1"],"picked":"Turbo+1","floor":27}],"player_experience":470127,"relics_obtained":[{"floor":7,"key":"Nunchaku"},{"floor":9,"key":"Meat on the Bone"},{"floor":14,"key":"Mercury Hourglass"},{"floor":23,"key":"Pear"},{"floor":25,"key":"Old Coin"},{"floor":26,"key":"Bottled Flame"}],"event_choices":[{"damage_healed":0,"gold_gain":275,"player_choice":"Desecrate","damage_taken":0,"max_hp_gain":0,"max_hp_loss":0,"event_name":"Golden Shrine","floor":2,"gold_loss":0,"cards_obtained":["Regret"]},{"damage_healed":0,"gold_gain":75,"player_choice":"Gather Gold","damage_taken":11,"max_hp_gain":0,"max_hp_loss":0,"event_name":"World of Goop","floor":10,"gold_loss":0},{"damage_healed":0,"gold_gain":0,"cards_transformed":["Strike_B"],"player_choice":"Transformed","damage_taken":0,"max_hp_gain":0,"max_hp_loss":0,"event_name":"Transmorgrifier","floor":12,"gold_loss":0,"cards_obtained":["Darkness"]}],"is_beta":false,"boss_relics":[{"not_picked":["Astrolabe","Sozu"],"picked":"Philosopher\u0027s Stone"}],"items_purged_floors":[3,19],"is_endless":false,"potions_floor_spawned":[5,13,14,16,20,21,22,25],"killed_by":"Book of Stabbing","ascension_level":1}}