{"host":"8by3m8mve9y2rhh4","time":1612477162,"event":{"mods":["BaseMod","Minty Spire (QoL Compilation)","Quick Restart"],"gold_per_floor":[119,119,139,39,59,85,85,100,147,159,171,188,213,233,233,329,329,346,346,346,346,346],"floor_reached":21,"language":"ENG","playtime":821,"items_purged":["Strike_G"],"score":228,"play_id":"9ae6673d-7455-4333-9c97-5e4c458dac3b","local_time":"20210204221922","is_ascension_mode":true,"campfire_choices":[{"floor":7,"key":"REST"},{"floor":15,"key":"REST"}],"circlet_count":0,"master_deck":["Strike_G+1","Strike_G+1","Strike_G+1","Strike_G+1","Defend_G+1","Defend_G+1","Defend_G+1","Defend_G+1","Defend_G+1","Survivor","Neutralize","Quick Slash","Noxious Fumes","Bane","Bouncing Flask","Footwork","Backflip","Deadly Poison","Leg Sweep","Burst","Poisoned Stab","After Image"],"relics":["Ring of the Snake","Blue Candle","Snake Skull","Omamori","Unceasing Top","SlaversCollar"],"acts_visited":["Exordium","TheCity"],"potions_floor_usage":[6,11,12,13,18,21],"damage_taken":[{"damage":2,"enemies":"2 Louse","floor":1,"turns":3},{"damage":0,"enemies":"Cultist","floor":3,"turns":3},{"damage":5,"enemies":"Jaw Worm","floor":5,"turns":5},{"damage":14,"enemies":"Gremlin Nob","floor":6,"turns":3},{"damage":2,"enemies":"Blue Slaver","floor":8,"turns":5},{"damage":2,"enemies":"2 Fungi Beasts","floor":10,"turns":3},{"damage":0,"enemies":"Exordium Thugs","floor":11,"turns":3},{"damage":5,"enemies":"Exordium Wildlife","floor":12,"turns":6},{"damage":20,"enemies":"3 Sentries","floor":13,"turns":6},{"damage":0,"enemies":"2 Fungi Beasts","floor":14,"turns":5},{"damage":26,"enemies":"The Guardian","floor":16,"turns":8},{"damage":13,"enemies":"3 Byrds","floor":18,"turns":5},{"damage":53,"enemies":"Masked Bandits","floor":21,"turns":5}],"seed_played":"4139661347895664104","potions_obtained":[{"floor":1,"key":"Strength Potion"},{"floor":3,"key":"DuplicationPotion"},{"floor":6,"key":"GamblersBrew"},{"floor":8,"key":"Fire Potion"},{"floor":10,"key":"Dexterity Potion"},{"floor":13,"key":"FearPotion"},{"floor":18,"key":"Fruit Juice"}],"is_trial":false,"path_per_floor":["M","?","M","$","M","E","R","M","T","M","M","M","E","M","R","B",null,"M","?","?","?"],"character_chosen":"THE_SILENT","items_purchased":["Bane"],"campfire_rested":2,"item_purchase_floors":[4],"current_hp_per_floor":[75,75,75,75,70,56,77,75,75,73,73,68,48,48,71,45,77,69,53,53,0,0],"gold":346,"neow_bonus":"TEN_PERCENT_HP_BONUS","is_daily":false,"chose_seed":false,"campfire_upgraded":0,"win_rate":0.0,"timestamp":1612477162,"path_taken":["M","?","?","$","M","E","R","M","T","M","?","M","E","M","R","BOSS","M","?","?","?"],"items_purchased_type":["Card"],"build_version":"2020-12-22","purchased_purges":1,"victory":false,"max_hp_per_floor":[77,77,77,77,77,77,77,77,77,77,77,77,77,77,77,77,77,82,87,87,87,87],"card_choices":[{"not_picked":["Predator","Sucker Punch"],"picked":"Quick Slash","floor":1},{"not_picked":["Poisoned Stab","Bane"],"picked":"Noxious Fumes","floor":3},{"not_picked":["Expertise","All Out Attack"],"picked":"Bouncing Flask","floor":5},{"not_picked":["Accuracy","Dagger Spray"],"picked":"Footwork","floor":6},{"not_picked":["Cloak And Dagger","Underhanded Strike"],"picked":"Backflip","floor":8},{"not_picked":["Outmaneuver","Heel Hook"],"picked":"Deadly Poison","floor":10},{"not_picked":["Acrobatics","Night Terror","Expertise"],"picked":"SKIP","floor":11},{"not_picked":["Bouncing Flask","Sucker Punch"],"picked":"Leg Sweep","floor":12},{"not_picked":["Escape Plan","Dodge and Roll"],"picked":"Burst","floor":13},{"not_picked":["Endless Agony","Blade Dance"],"picked":"Poisoned Stab","floor":14},{"not_picked":["Phantasmal Killer","Doppelganger"],"picked":"After Image","floor":16},{"not_picked":["Sucker Punch","Quick Slash+1","Riddle With Holes"],"picked":"SKIP","floor":18}],"player_experience":758678,"relics_obtained":[{"floor":6,"key":"Snake Skull"},{"floor":9,"key":"Omamori"},{"floor":13,"key":"Unceasing Top"}],"event_choices":[{"damage_healed":0,"gold_gain":0,"player_choice":"Gave Potion","damage_taken":0,"relics_obtained":["Blue Candle"],"max_hp_gain":0,"max_hp_loss":0,"event_name":"WeMeetAgain","floor":2,"gold_loss":0},{"damage_healed":0,"gold_gain":0,"player_choice":"Shed Blood","damage_taken":21,"max_hp_gain":5,"max_hp_loss":0,"event_name":"Forgotten Altar","floor":19,"gold_loss":0},{"damage_healed":0,"gold_gain":0,"player_choice":"Simplicity","damage_taken":0,"max_hp_gain":0,"max_hp_loss":0,"event_name":"Back to Basics","floor":20,"gold_loss":0,"cards_upgraded":["Strike_G","Strike_G","Strike_G","Strike_G","Defend_G","Defend_G","Defend_G","Defend_G","Defend_G"]},{"damage_healed":0,"gold_gain":0,"player_choice":"Fought Bandits","damage_taken":0,"max_hp_gain":0,"max_hp_loss":0,"event_name":"Masked Bandits","floor":21,"gold_loss":0}],"is_beta":false,"boss_relics":[{"not_picked":["Coffee Dripper","Busted Crown"],"picked":"SlaversCollar"}],"items_purged_floors":[4],"is_endless":false,"potions_floor_spawned":[1,3,6,8,10,13,18],"killed_by":"Masked Bandits","ascension_level":1}}