{"host":"zsnmfqgcm92hlreo","time":1612403246,"event":{"mods":["AchievementEnabler","Act Like it!","BaseMod","Bestiary","Block Reminder","Colored Map","Colored Powertips","Hermit","Jorbs\u0027s Wanderer Trilogy","Minty Spire (QoL Compilation)","Permanent Neow","Quick Restart","Relic Stats","StSLib","Weighted Paths"],"gold_per_floor":[19,35,0,10,27,27,54,54,128,158,187,212,253,275,287,375,387,417,429,24,39,39,74,74,101,101,118,150,150,165,176,176,255,255,267,319,198,1197,1212,1212,1224,1253,1306,1322,1342,961,961,979,979,979,979],"floor_reached":50,"language":"ENG","playtime":2531,"items_purged":["Normality"],"score":1262,"play_id":"f406f590-0668-4be5-aa90-55f897071a85","local_time":"20210203194726","is_ascension_mode":true,"campfire_choices":[{"data":"Glass Knife","floor":6.0,"key":"SMITH"},{"floor":8.0,"key":"REST"},{"floor":15.0,"key":"REST"},{"floor":29.0,"key":"REST"},{"floor":32.0,"key":"REST"},{"data":"Wraith Form v2","floor":40.0,"key":"SMITH"},{"floor":47,"key":"REST"},{"floor":49,"key":"RECALL"}],"circlet_count":0,"master_deck":["AscendersBane","Survivor","Neutralize","Glass Knife+1","Backflip","Dagger Spray","Dodge and Roll","Choke","Blade Dance","Cloak And Dagger","Wraith Form v2+1","Slice","Envenom","Phantasmal Killer","Endless Agony","Outmaneuver","Bullet Time","Dash","Leg Sweep","A Thousand Cuts","Escape Plan","Burst","Burst","Blade Dance","Decay","Riddle With Holes","Endless Agony","Acrobatics+1","Riddle With Holes","Backflip+1","Corpse Explosion+1","Leg Sweep+1","Normality","Infinite Blades+1","Blade Dance+1","PiercingWail+1","Slice+1","Caltrops","Cloak And Dagger+1"],"relics":["Ring of the Snake","Du-Vu Doll","Bottled Flame","MawBank","Ice Cream","Pandora\u0027s Box","Membership Card","Bronze Scales","TungstenRod","CaptainsWheel","HornCleat","Toxic Egg 2","Orichalcum","SlaversCollar","Juzu Bracelet","ClockworkSouvenir","Calipers","Regal Pillow","Pantograph","TheAbacus"],"acts_visited":["Exordium","TheCity","TheBeyond"],"potions_floor_usage":[50,50],"damage_taken":[{"damage":4.0,"enemies":"Small Slimes","floor":1.0,"turns":3.0},{"damage":1.0,"enemies":"2 Louse","floor":2.0,"turns":3.0},{"damage":0.0,"enemies":"Cultist","floor":4.0,"turns":3.0},{"damage":1.0,"enemies":"Red Slaver","floor":5.0,"turns":3.0},{"damage":46.0,"enemies":"Gremlin Nob","floor":7.0,"turns":5.0},{"damage":13.0,"enemies":"3 Sentries","floor":10.0,"turns":6.0},{"damage":6.0,"enemies":"Exordium Thugs","floor":11.0,"turns":2.0},{"damage":0.0,"enemies":"Blue Slaver","floor":12.0,"turns":1.0},{"damage":0.0,"enemies":"Gremlin Nob","floor":13.0,"turns":2.0},{"damage":1.0,"enemies":"Lots of Slimes","floor":14.0,"turns":4.0},{"damage":27.0,"enemies":"The Guardian","floor":16.0,"turns":15.0},{"damage":0.0,"enemies":"Chosen","floor":18.0,"turns":2.0},{"damage":0.0,"enemies":"3 Byrds","floor":21.0,"turns":2.0},{"damage":33.0,"enemies":"Slavers","floor":23.0,"turns":6.0},{"damage":0.0,"enemies":"Gremlin Leader","floor":25.0,"turns":3.0},{"damage":7.0,"enemies":"Snake Plant","floor":27.0,"turns":3.0},{"damage":7.0,"enemies":"Slavers","floor":28.0,"turns":3.0},{"damage":0.0,"enemies":"Cultist and Chosen","floor":30.0,"turns":3.0},{"damage":0.0,"enemies":"3 Cultists","floor":31.0,"turns":3.0},{"damage":28.0,"enemies":"Champ","floor":33.0,"turns":13.0},{"damage":0.0,"enemies":"3 Darklings","floor":35.0,"turns":2.0},{"damage":10.0,"enemies":"3 Shapes","floor":39.0,"turns":3.0},{"damage":20.0,"enemies":"Jaw Worm Horde","floor":41.0,"turns":3.0},{"damage":5.0,"enemies":"Giant Head","floor":42.0,"turns":8.0},{"damage":0.0,"enemies":"Transient","floor":44.0,"turns":6.0},{"damage":7,"enemies":"3 Darklings","floor":45,"turns":4},{"damage":4,"enemies":"4 Shapes","floor":48,"turns":4},{"damage":72,"enemies":"Awakened One","floor":50,"turns":7}],"seed_played":"3063131893982840790","potions_obtained":[{"floor":1.0,"key":"BlessingOfTheForge"},{"floor":5.0,"key":"Regen Potion"},{"floor":12.0,"key":"CunningPotion"},{"floor":14.0,"key":"Block Potion"},{"floor":16.0,"key":"DuplicationPotion"},{"floor":18.0,"key":"Explosive Potion"},{"floor":23.0,"key":"DistilledChaos"},{"floor":27.0,"key":"Energy Potion"},{"floor":30.0,"key":"GamblersBrew"},{"floor":42.0,"key":"Strength Potion"},{"floor":44.0,"key":"Fire Potion"}],"is_trial":false,"path_per_floor":["M","M","?","M","M","R","E","R","T","E","M","M","E","M","R","B",null,"M","?","$","M","?","E","?","E","T","M","E","R","M","M","R","B",null,"M","T","$","?","M","R","M","E","T","M","M","$","R","M","R","B"],"character_chosen":"THE_SILENT","items_purchased":["Membership Card","Bronze Scales","TungstenRod","LiquidMemories","ClockworkSouvenir","Regal Pillow","Caltrops","Pantograph","TheAbacus"],"campfire_rested":5,"item_purchase_floors":[20,20,20,37,37,46,46,46,46],"current_hp_per_floor":[55,54,66,66,65,65,19,38,38,25,19,19,19,18,37,10,52,52,52,52,52,52,19,19,19,19,12,5,24,24,24,43,15,53,53,53,53,53,43,43,23,18,18,18,11,11,45,41,41,0,0],"gold":979,"neow_bonus":"THREE_RARE_CARDS","is_daily":false,"chose_seed":false,"campfire_upgraded":2,"win_rate":0.0,"timestamp":1612403246,"path_taken":["M","M","?","M","M","R","E","R","T","E","M","M","E","M","R","BOSS","M","?","$","M","?","E","?","E","T","M","E","R","M","?","R","BOSS","M","?","$","?","M","R","M","E","T","M","M","$","R","M","R","BOSS"],"items_purchased_type":["Relic","Relic","Relic","Potion","Relic","Relic","Card","Relic","Relic"],"build_version":"2020-12-22","purchased_purges":1,"victory":false,"max_hp_per_floor":[66,66,66,66,66,66,66,66,66,66,66,66,66,66,66,66,66,66,66,66,66,66,66,66,66,66,66,66,66,66,66,66,66,66,66,66,66,66,66,66,66,66,66,66,66,66,66,66,66,66,66],"relic_stats":{"Regal Pillow":15,"TheAbacus":[6],"counters":[28,122],"Bronze Scales":[250],"Pantograph":25,"Pandora\u0027s Box":["Phantasmal Killer","Endless Agony","Outmaneuver","Bullet Time","Dash","Leg Sweep","A Thousand Cuts","Escape Plan","Burst","Burst"],"Juzu Bracelet":0,"Orichalcum":[78],"MawBank":120,"obtain_stats":[{"Ice Cream":13,"Regal Pillow":46,"Calipers":42,"Juzu Bracelet":36,"Orichalcum":28,"MawBank":10,"ClockworkSouvenir":37,"Du-Vu Doll":7,"SlaversCollar":34,"Bottled Flame":9,"CaptainsWheel":23,"HornCleat":25,"TheAbacus":46,"Bronze Scales":20,"Pantograph":46,"Pandora\u0027s Box":17,"Membership Card":20,"Toxic Egg 2":26,"TungstenRod":20,"Ring of the Snake":0},{"Ice Cream":9,"Regal Pillow":26,"Calipers":24,"Juzu Bracelet":21,"Orichalcum":17,"MawBank":6,"ClockworkSouvenir":21,"Du-Vu Doll":5,"SlaversCollar":20,"Bottled Flame":5,"CaptainsWheel":14,"HornCleat":15,"TheAbacus":26,"Bronze Scales":12,"Pantograph":26,"Pandora\u0027s Box":11,"Membership Card":12,"Toxic Egg 2":15,"TungstenRod":12,"Ring of the Snake":0},{"Ice Cream":28,"Regal Pillow":111,"Calipers":101,"Juzu Bracelet":87,"Orichalcum":66,"MawBank":23,"ClockworkSouvenir":87,"Du-Vu Doll":17,"SlaversCollar":85,"Bottled Flame":17,"CaptainsWheel":57,"HornCleat":60,"TheAbacus":111,"Bronze Scales":49,"Pantograph":111,"Pandora\u0027s Box":47,"Membership Card":49,"Toxic Egg 2":60,"TungstenRod":49,"Ring of the Snake":0}],"TungstenRod":29,"Ring of the Snake":[59]},"card_choices":[{"not_picked":["Wraith Form v2","A Thousand Cuts"],"picked":"Glass Knife","floor":0.0},{"not_picked":["Tactician","Prepared","Deflect"],"picked":"SKIP","floor":1.0},{"not_picked":["Cloak And Dagger","Envenom"],"picked":"Backflip","floor":2.0},{"not_picked":["Heel Hook","Deflect"],"picked":"Dagger Spray","floor":4.0},{"not_picked":["Dagger Throw","Bane","Deflect"],"picked":"SKIP","floor":5.0},{"not_picked":["Grand Finale","Bane"],"picked":"Dodge and Roll","floor":7.0},{"not_picked":["Outmaneuver","Distraction"],"picked":"Choke","floor":10.0},{"not_picked":["Slice","Deadly Poison"],"picked":"Blade Dance","floor":11.0},{"not_picked":["Crippling Poison","Finisher"],"picked":"Cloak And Dagger","floor":12.0},{"not_picked":["Dagger Throw","Flechettes"],"picked":"Wraith Form v2","floor":13.0},{"not_picked":["Flying Knee","Acrobatics"],"picked":"Slice","floor":14.0},{"not_picked":["Tools of the Trade","Doppelganger"],"picked":"Envenom","floor":16.0},{"not_picked":["Sucker Punch","Escape Plan","Outmaneuver"],"picked":"SKIP","floor":18.0},{"not_picked":["Sucker Punch","Quick Slash","Bane"],"picked":"SKIP","floor":21.0},{"not_picked":["Dagger Throw","Noxious Fumes"],"picked":"Riddle With Holes","floor":23.0},{"not_picked":["Underhanded Strike","Phantasmal Killer","Flechettes"],"picked":"SKIP","floor":25.0},{"not_picked":["Heel Hook","Tactician+1"],"picked":"Endless Agony","floor":27.0},{"not_picked":["Sucker Punch","Slice+1"],"picked":"Acrobatics+1","floor":28.0},{"not_picked":["Infinite Blades","Outmaneuver+1"],"picked":"Riddle With Holes","floor":30.0},{"not_picked":["Quick Slash","Masterful Stab"],"picked":"Backflip+1","floor":31.0},{"not_picked":["Night Terror+1","Bullet Time+1"],"picked":"Corpse Explosion+1","floor":33.0},{"not_picked":["PiercingWail+1","Deadly Poison+1"],"picked":"Leg Sweep+1","floor":35.0},{"not_picked":["Reflex+1","Poisoned Stab","Deflect+1"],"picked":"SKIP","floor":39.0},{"not_picked":["Acrobatics+1","Bouncing Flask+1"],"picked":"Infinite Blades+1","floor":41.0},{"not_picked":["Dash","Flying Knee"],"picked":"Blade Dance+1","floor":42.0},{"not_picked":["Flying Knee","Dagger Spray"],"picked":"PiercingWail+1","floor":44.0},{"not_picked":["Well Laid Plans+1","Tactician+1"],"picked":"Slice+1","floor":45},{"not_picked":["Backstab","Glass Knife"],"picked":"Cloak And Dagger+1","floor":48}],"player_experience":1013358,"relics_obtained":[{"floor":7.0,"key":"Du-Vu Doll"},{"floor":9.0,"key":"Bottled Flame"},{"floor":10.0,"key":"MawBank"},{"floor":13.0,"key":"Ice Cream"},{"floor":23.0,"key":"CaptainsWheel"},{"floor":25.0,"key":"HornCleat"},{"floor":26.0,"key":"Toxic Egg 2"},{"floor":28.0,"key":"Orichalcum"},{"floor":36.0,"key":"Juzu Bracelet"},{"floor":42.0,"key":"Calipers"}],"event_choices":[{"damage_healed":16.0,"max_hp_gain":0.0,"max_hp_loss":0.0,"gold_gain":0.0,"event_name":"The Cleric","player_choice":"Healed","floor":3.0,"gold_loss":35.0,"damage_taken":0.0},{"damage_healed":0.0,"max_hp_gain":0.0,"max_hp_loss":0.0,"gold_gain":0.0,"event_name":"The Library","player_choice":"Read","floor":19.0,"gold_loss":0.0,"damage_taken":0.0,"cards_obtained":["Blade Dance"]},{"damage_healed":0.0,"max_hp_gain":0.0,"max_hp_loss":0.0,"gold_gain":0.0,"event_name":"Forgotten Altar","player_choice":"Smashed Altar","floor":22.0,"gold_loss":0.0,"damage_taken":0.0,"cards_obtained":["Decay"]},{"damage_healed":0.0,"max_hp_gain":0.0,"max_hp_loss":0.0,"gold_gain":0.0,"event_name":"Purifier","player_choice":"Ignored","floor":24.0,"gold_loss":0.0,"damage_taken":0.0},{"damage_healed":0.0,"max_hp_gain":0.0,"max_hp_loss":0.0,"gold_gain":999.0,"event_name":"MindBloom","player_choice":"Gold","floor":38.0,"gold_loss":0.0,"damage_taken":0.0,"cards_obtained":["Normality","Normality"]}],"is_beta":false,"boss_relics":[{"not_picked":["Ring of the Serpent","Ectoplasm"],"picked":"Pandora\u0027s Box"},{"not_picked":["Runic Pyramid","Astrolabe"],"picked":"SlaversCollar"}],"items_purged_floors":[46],"is_endless":false,"potions_floor_spawned":[1,5,12,14,16,18,23,27,30,42,44,48],"killed_by":"Awakened One","ascension_level":20}}