{"host":"hoz3ngw650fbea07","time":1612427622,"event":{"mods":["AchievementEnabler","BaseMod","CCEM2","Colored Map","Downfall","GifTheSpireLib","Minty Spire (QoL Compilation)","Permanent Neow","StSLib","Waifu the Spire"],"gold_per_floor":[99,549,562,620,634,149,202,36,21,35,35,47,47,76,86,185,185,185,197,282,302,313,313,336,336,349,7,7,20,20,31,47,142,142,142,152,165,178,178,38,106,106,118,135,135,153,53,58,58,58,58,58],"floor_reached":50,"language":"ENG","playtime":2654,"items_purged":["downfall:Icky","downfall:Icky","downfall:Icky"],"score":545,"play_id":"0c7bfcf3-038a-4b8f-84bd-b63c1f902215","local_time":"20210204013342","is_ascension_mode":true,"campfire_choices":[{"data":"Guardian:TwinSlam","floor":1,"key":"SMITH"},{"floor":11,"key":"REST"},{"floor":13,"key":"REST"},{"floor":18,"key":"RECALL"},{"floor":30,"key":"REST"},{"data":"Guardian:CompilePackage","floor":35,"key":"SMITH"},{"floor":47,"key":"REST"},{"floor":49,"key":"REST"}],"circlet_count":0,"master_deck":["Guardian:Strike_Guardian","Guardian:Strike_Guardian","Guardian:Strike_Guardian","Guardian:Defend_Guardian","Guardian:Defend_Guardian","Guardian:TwinSlam+1","Guardian:BaubleBeam","Guardian:CrystalBeam","Guardian:VentSteam","Guardian:Planning","Guardian:DonusPower","Guardian:BronzeOrb","Guardian:CompilePackage+1","Guardian:FierceBash","Guardian:StasisStrike","Guardian:SpikerProtocol+1","Guardian:SentryBeam+1","Guardian:FloatingOrbs","Guardian:TemporalShield","Guardian:EvasiveProtocol","Guardian:ConstructionForm","Guardian:VentSteam+1","Guardian:BronzeArmor","Guardian:BronzeOrb+1"],"relics":["Guardian:ModeShifter","Pen Nib","Gremlin Horn","Akabeko","Orrery","CCEMRelics:GlassOfMilk","Astrolabe","Ancient Tea Set","GremlinMask","PreservedInsect","CCEMRelics:EnergeticInfuser","downfall:HeartBlessingRed","CCEMRelics:FiftyFTOfRope"],"acts_visited":["Exordium","TheCity","TheBeyond"],"potions_floor_usage":[6,14,15,16,27,33,33,33,36,37,44,50,50],"damage_taken":[{"damage":11,"enemies":"Jaw Worm","floor":3,"turns":5},{"damage":21,"enemies":"Gremlin Nob","floor":4,"turns":5},{"damage":6,"enemies":"2 Louse","floor":5,"turns":3},{"damage":0,"enemies":"downfall:FleeingMerchant","floor":6,"turns":4},{"damage":10,"enemies":"downfall:FleeingMerchant","floor":8,"turns":4},{"damage":20,"enemies":"downfall:FleeingMerchant","floor":9,"turns":4},{"damage":0,"enemies":"Small Slimes","floor":10,"turns":1},{"damage":0,"enemies":"2 Fungi Beasts","floor":12,"turns":3},{"damage":9,"enemies":"3 Sentries","floor":14,"turns":3},{"damage":3,"enemies":"Red Slaver","floor":15,"turns":2},{"damage":11,"enemies":"SI_SHIV_ARCHETYPE","floor":16,"turns":6},{"damage":0,"enemies":"Chosen","floor":19,"turns":4},{"damage":1,"enemies":"Centurion and Healer","floor":21,"turns":5},{"damage":5,"enemies":"Snake Plant","floor":22,"turns":3},{"damage":10,"enemies":"Snecko","floor":26,"turns":4},{"damage":15,"enemies":"downfall:FleeingMerchant","floor":27,"turns":4},{"damage":2,"enemies":"Chosen and Byrds","floor":29,"turns":4},{"damage":6,"enemies":"Shelled Parasite and Fungi","floor":31,"turns":4},{"damage":0,"enemies":"Centurion and Healer","floor":32,"turns":8},{"damage":5,"enemies":"IC_MUSHROOM_ARCHETYPE","floor":33,"turns":7},{"damage":3,"enemies":"3 Darklings","floor":36,"turns":5},{"damage":4,"enemies":"3 Shapes","floor":37,"turns":4},{"damage":0,"enemies":"Sphere and 2 Shapes","floor":38,"turns":5},{"damage":8,"enemies":"downfall:FleeingMerchant","floor":40,"turns":4},{"damage":11,"enemies":"3 Darklings","floor":43,"turns":5},{"damage":19,"enemies":"Writhing Mass","floor":44,"turns":5},{"damage":0,"enemies":"Jaw Worm Horde","floor":46,"turns":4},{"damage":5,"enemies":"downfall:FleeingMerchant","floor":48,"turns":2},{"damage":91,"enemies":"WA_ARCHETYPE_DIVINITY","floor":50,"turns":11}],"seed_played":"-1264757492318223153","potions_obtained":[{"floor":4,"key":"Guardian:BlockOnCardUsePotion"},{"floor":10,"key":"Fire Potion"},{"floor":14,"key":"Regen Potion"},{"floor":15,"key":"LiquidBronze"},{"floor":16,"key":"Dexterity Potion"},{"floor":23,"key":"CultistPotion"},{"floor":29,"key":"Ancient Potion"},{"floor":32,"key":"BlessingOfTheForge"},{"floor":33,"key":"AttackPotion"},{"floor":36,"key":"DistilledChaos"},{"floor":43,"key":"PowerPotion"},{"floor":46,"key":"bronze:BurnAndBuffPotion"}],"is_trial":false,"path_per_floor":["R","?","M","?","M","$","T","$","$","M","R","M","R","E","M","B",null,"R","M","?","M","M","?","T","?","M","$","?","M","R","M","M","B",null,"R","M","M","M","?","$","T","?","M","M","?","M","R","$","R","B"],"character_chosen":"GUARDIAN","items_purchased":["Guardian:DonusPower","Guardian:BronzeOrb","Gremlin Horn","Orrery","Guardian:Gem_White","PreservedInsect","CCEMRelics:FiftyFTOfRope","BlessingOfTheForge","Ancient Potion"],"campfire_rested":5,"item_purchase_floors":[6,6,6,8,27,27,48,48,48],"current_hp_per_floor":[80,80,69,48,42,42,42,32,12,12,36,36,60,51,53,42,80,80,80,64,63,58,58,58,58,48,33,33,31,55,49,49,44,80,80,77,73,73,73,65,65,65,54,35,35,35,59,54,78,0,0,0],"gold":58,"neow_bonus":"ONE_RANDOM_RARE_CARD","is_daily":false,"chose_seed":false,"campfire_upgraded":2,"win_rate":0.0,"timestamp":1612427622,"path_taken":["R","?","M","?","M","$","T","?","$","M","R","M","R","E","M","BOSS","R","M","?","M","M","?","T","?","?","?","?","?","R","M","M","BOSS","R","M","M","M","?","$","T","?","M","?","?","?","R","$","R","BOSS"],"items_purchased_type":["Card","Card","Relic","Relic","Card","Relic","Relic","Potion","Potion"],"build_version":"2020-12-22","purchased_purges":3,"victory":false,"max_hp_per_floor":[80,80,80,80,80,80,80,80,80,80,80,80,80,80,80,80,80,80,80,80,80,80,80,80,80,80,80,80,80,80,80,80,80,80,80,80,80,80,80,80,80,80,80,80,80,80,80,80,80,80,80,80],"card_choices":[{"not_picked":["Guardian:Incinerate","Guardian:DecasProtection"],"picked":"Guardian:CrystalBeam","floor":3},{"not_picked":["Guardian:ArmoredProtocol","Guardian:ShieldCharger"],"picked":"Guardian:VentSteam","floor":4},{"not_picked":["Guardian:CrystalBeam","Guardian:TemporalStrike"],"picked":"Guardian:Planning","floor":5},{"not_picked":["Guardian:GatlingBeam","Guardian:Suspension","Guardian:RollAttack"],"picked":"SKIP","floor":6},{"not_picked":["Guardian:TemporalStrike","Guardian:Gem_Lightblue"],"picked":"Guardian:Gem_Purple","floor":8},{"not_picked":["Guardian:Gem_Orange","Guardian:ChargeUp"],"picked":"Guardian:Gem_Cyan","floor":8},{"not_picked":["Guardian:Incinerate","Guardian:Gem_Lightblue"],"picked":"Guardian:Gem_Green","floor":8},{"not_picked":["Guardian:Gem_Purple","Guardian:Gem_Lightblue"],"picked":"Guardian:Gem_Red","floor":8},{"not_picked":["Guardian:ChargeCore","Guardian:WalkerClaw"],"picked":"Guardian:CompilePackage","floor":9},{"not_picked":["Guardian:DecasProtection","Guardian:ShieldSpikes","Guardian:Reroute"],"picked":"SKIP","floor":10},{"not_picked":["Guardian:TemporalShield","Guardian:FuturePlans"],"picked":"Guardian:Gem_Green","floor":12},{"not_picked":["Guardian:Incinerate","Guardian:Clone"],"picked":"Guardian:FierceBash","floor":14},{"not_picked":["Guardian:ShieldSpikes","Guardian:CrystalBeam","Guardian:Reroute"],"picked":"SKIP","floor":15},{"not_picked":["Guardian:FierceBash","Guardian:CompilePackage"],"picked":"Guardian:StasisStrike","floor":16},{"not_picked":["Guardian:RollAttack","Guardian:VentSteam"],"picked":"Guardian:Gem_Green","floor":19},{"not_picked":["Guardian:TemporalShield","Guardian:VentSteam","Guardian:ChargeCore+1"],"picked":"SKIP","floor":21},{"not_picked":["Guardian:PolyBeam","Guardian:CrystalBeam","Guardian:PrimingBeam"],"picked":"SKIP","floor":22},{"not_picked":["Guardian:ArmoredProtocol","Guardian:PrimingBeam"],"picked":"Guardian:FloatingOrbs","floor":26},{"not_picked":["Guardian:PrimingBeam+1","Guardian:TemporalShield","Guardian:GuardianWhirl"],"picked":"SKIP","floor":27},{"not_picked":["Guardian:FuturePlans","Guardian:Planning"],"picked":"Guardian:EvasiveProtocol","floor":29},{"not_picked":["Guardian:Reroute+1","Guardian:PiercingHide","Guardian:TemporalStrike"],"picked":"SKIP","floor":31},{"not_picked":["Guardian:GuardianWhirl+1","Guardian:TemporalStrike"],"picked":"Guardian:Gem_Yellow","floor":32},{"not_picked":["Guardian:FierceBash","Guardian:GemFinder"],"picked":"Guardian:ConstructionForm","floor":33},{"not_picked":["Guardian:VentSteam","Guardian:Planning","Guardian:Gem_Green"],"picked":"SKIP","floor":36},{"not_picked":["Guardian:Gem_Purple","Guardian:Recover+1"],"picked":"Guardian:Gem_Fragmented","floor":37},{"not_picked":["Guardian:Emergency+1","Guardian:TemporalStrike"],"picked":"Guardian:VentSteam+1","floor":38},{"not_picked":["Guardian:WalkerClaw","Guardian:Recover"],"picked":"Guardian:BronzeArmor","floor":40},{"not_picked":["Guardian:Incinerate","Guardian:Gem_Red","Guardian:Suspension+1"],"picked":"SKIP","floor":43},{"not_picked":["Guardian:DecasProtection+1","Guardian:DonusPower"],"picked":"Guardian:BronzeOrb+1","floor":44},{"not_picked":["Guardian:Gem_Green","Guardian:Gem_White","Guardian:FuturePlans+1"],"picked":"SKIP","floor":46},{"not_picked":["Guardian:Suspension","Guardian:ChargeCore+1","Guardian:StasisField"],"picked":"SKIP","floor":48}],"player_experience":129189,"relics_obtained":[{"floor":4,"key":"Pen Nib"},{"floor":7,"key":"Akabeko"},{"floor":14,"key":"CCEMRelics:GlassOfMilk"},{"floor":24,"key":"Ancient Tea Set"},{"floor":42,"key":"CCEMRelics:EnergeticInfuser"}],"event_choices":[{"damage_healed":0,"gold_gain":0,"player_choice":"Trade","damage_taken":0,"relics_obtained":["GremlinMask"],"max_hp_gain":0,"max_hp_loss":0,"event_name":"FaceTrader","floor":25,"gold_loss":0},{"cards_removed":["Guardian:Defend_Guardian"],"damage_healed":0,"gold_gain":0,"player_choice":"Removed Skill","damage_taken":0,"max_hp_gain":0,"max_hp_loss":0,"event_name":"Falling","floor":39,"gold_loss":0},{"damage_healed":0,"gold_gain":0,"player_choice":"Ignored","damage_taken":0,"max_hp_gain":0,"max_hp_loss":0,"event_name":"NoteForYourself","floor":45,"gold_loss":0}],"is_beta":false,"boss_relics":[{"not_picked":["Sozu","Velvet Choker"],"picked":"Astrolabe"},{"not_picked":["Runic Pyramid","Calling Bell","CCEMRelics:GreenEgg"]}],"items_purged_floors":[6,27,40],"is_endless":false,"potions_floor_spawned":[4,10,14,15,16,29,32,33,36,43,46],"killed_by":"WA_ARCHETYPE_DIVINITY","ascension_level":1}}