{"host":"chv1qanoipyt46jc","time":1612477772,"event":{"mods":["2.2 Compatiblity","AchievementEnabler","BaseMod","BetterRewards","CapriCore","Card Filter","Evolution","Gold Saver","Grow up Mod","Minty Spire (QoL Compilation)","Rare Cards Sparkle","Relic Filter","Remove Card Discount Mod","Reorder Act Four","StSLib","The Poker Player"],"gold_per_floor":[909,928,940,910,926,956,956,968,995,917,930,965,965,983,983,1078,1078,1098,1098,1111,1124,782,782,794,794,794,806,806,806,806,826,826,923,923,936,952,952,964,984,984,984,984,1037,1037,1048,1065,1047,1080,1080,1080,1080,1078,1078,1112,1112],"floor_reached":56,"language":"ENG","playtime":2740,"items_purged":["PokerPlayerMod:Diamond1","PokerPlayerMod:Spade1","PokerPlayerMod:TrumpStrike","PokerPlayerMod:BadJoker","PokerPlayerMod:Diamond2","PokerPlayerMod:Diamond3","PokerPlayerMod:Spade2","PokerPlayerMod:Spade3","PokerPlayerMod:CardBurn","PokerPlayerMod:Spade4","PokerPlayerMod:Spade4","PokerPlayerMod:Club1","PokerPlayerMod:Diamond4","PokerPlayerMod:Diamond4","PokerPlayerMod:Mulligan","PokerPlayerMod:Diamond5","PokerPlayerMod:Diamond5","PokerPlayerMod:Club3","PokerPlayerMod:Club2","PokerPlayerMod:Club4","PokerPlayerMod:Club4","PokerPlayerMod:Spade6","PokerPlayerMod:Diamond6","PokerPlayerMod:Diamond8","PokerPlayerMod:Raise+1"],"score":1593,"play_id":"200aeca3-52d7-49ff-b13f-372024b59186","local_time":"20210204162932","is_ascension_mode":false,"metric_token":1042,"campfire_choices":[{"data":"PokerPlayerMod:Raise","floor":7,"key":"SMITH"},{"data":"PokerPlayerMod:Club1","floor":15,"key":"SMITH"},{"data":"PokerPlayerMod:Club2","floor":23,"key":"SMITH"},{"data":"PokerPlayerMod:Club8","floor":25,"key":"SMITH"},{"data":"PokerPlayerMod:Club9","floor":28,"key":"SMITH"},{"data":"PokerPlayerMod:Club3","floor":30,"key":"SMITH"},{"floor":32,"key":"RECALL"},{"data":"PokerPlayerMod:Club5","floor":40,"key":"SMITH"},{"data":"PokerPlayerMod:Club6","floor":42,"key":"SMITH"},{"data":"PokerPlayerMod:Club7","floor":44,"key":"SMITH"},{"data":"PokerPlayerMod:Club8","floor":49,"key":"SMITH"},{"data":"PokerPlayerMod:Club9","floor":53,"key":"SMITH"}],"circlet_count":0,"master_deck":["PokerPlayerMod:Raise+1","PokerPlayerMod:Spade7","PokerPlayerMod:Club10+","PokerPlayerMod:Spade10+","PokerPlayerMod:Spade7","PokerPlayerMod:Club10+"],"relics":["PokerPlayerMod:DeckCase","EVO:Axolotl","TheAbacus","Frozen Egg 2","Potion Belt","Turnip","PokerPlayerMod:EnergeticBat","Shuriken","SlaversCollar","Medical Kit","Question Card","StoneCalendar","Coffee Dripper","Pen Nib","Calipers","PokerPlayerMod:FairLicense"],"acts_visited":["Exordium","TheCity","TheBeyond","TheEnding"],"potions_floor_usage":[55,55,55,55],"damage_taken":[{"damage":0,"enemies":"2 Louse","floor":1,"turns":2},{"damage":4,"enemies":"Jaw Worm","floor":2,"turns":4},{"damage":0,"enemies":"Cultist","floor":3,"turns":4},{"damage":4,"enemies":"Looter","floor":4,"turns":4},{"damage":6,"enemies":"3 Louse","floor":5,"turns":3},{"damage":2,"enemies":"3 Sentries","floor":6,"turns":4},{"damage":0,"enemies":"2 Fungi Beasts","floor":8,"turns":3},{"damage":8,"enemies":"Exordium Thugs","floor":11,"turns":4},{"damage":14,"enemies":"Gremlin Nob","floor":12,"turns":5},{"damage":0,"enemies":"Lots of Slimes","floor":14,"turns":2},{"damage":9,"enemies":"The Guardian","floor":16,"turns":7},{"damage":0,"enemies":"3 Byrds","floor":18,"turns":4},{"damage":2,"enemies":"Chosen","floor":20,"turns":3},{"damage":6,"enemies":"3 Cultists","floor":21,"turns":6},{"damage":13,"enemies":"Snake Plant","floor":24,"turns":4},{"damage":0,"enemies":"Shelled Parasite and Fungi","floor":27,"turns":6},{"damage":0,"enemies":"Sentry and Sphere","floor":31,"turns":3},{"damage":32,"enemies":"Collector","floor":33,"turns":8},{"damage":4,"enemies":"Orb Walker","floor":35,"turns":4},{"damage":0,"enemies":"3 Darklings","floor":36,"turns":5},{"damage":0,"enemies":"Jaw Worm Horde","floor":38,"turns":3},{"damage":14,"enemies":"Spire Growth","floor":39,"turns":4},{"damage":17,"enemies":"Maw","floor":45,"turns":8},{"damage":20,"enemies":"Transient","floor":46,"turns":5},{"damage":0,"enemies":"Nemesis","floor":48,"turns":5},{"damage":0,"enemies":"Time Eater","floor":50,"turns":10},{"damage":0,"enemies":"Shield and Spear","floor":54,"turns":3},{"damage":3,"enemies":"The Heart","floor":55,"turns":9}],"seed_played":"-5761565404096481356","potions_obtained":[{"floor":2,"key":"Weak Potion"},{"floor":6,"key":"SteroidPotion"},{"floor":11,"key":"PowerPotion"},{"floor":12,"key":"Energy Potion"},{"floor":18,"key":"PowerPotion"},{"floor":27,"key":"GamblersBrew"},{"floor":38,"key":"LiquidBronze"},{"floor":54,"key":"BlessingOfTheForge"}],"is_trial":false,"path_per_floor":["M","M","M","M","M","E","R","M","T","$","M","E","?","M","R","B",null,"M","?","M","M","$","R","M","R","T","M","R","?","R","M","R","B",null,"M","M","?","M","M","R","?","R","T","R","M","M","$","E","R","B",null,"$","R","E","B",null],"character_chosen":"THE_POKER_PLAYER","items_purchased":["TheAbacus","Frozen Egg 2","Potion Belt","Turnip","PokerPlayerMod:Diamond6","Medical Kit","PokerPlayerMod:Spade10+"],"campfire_rested":0,"item_purchase_floors":[0,0,0,0,10,22,22],"current_hp_per_floor":[42,50,68,78,84,95,105,119,129,139,143,143,153,163,173,178,232,242,252,260,266,276,286,286,296,306,318,328,338,348,358,368,348,402,410,420,430,440,436,446,461,471,481,491,484,474,484,494,504,514,572,582,592,602,609],"gold":1112,"neow_bonus":"","is_daily":false,"chose_seed":false,"campfire_upgraded":11,"win_rate":0.0,"timestamp":1612477772,"path_taken":["M","M","M","M","M","E","R","M","T","$","M","E","?","M","R","BOSS","M","?","M","M","$","R","M","R","T","?","R","?","R","M","R","BOSS","M","M","?","M","M","R","?","R","T","R","M","M","$","E","R","BOSS","$","R","E","BOSS"],"items_purchased_type":["Relic","Relic","Relic","Relic","Card","Relic","Undefined"],"build_version":"2020-12-22","purchased_purges":25,"victory":true,"max_hp_per_floor":[72,82,92,102,112,122,132,142,152,162,172,182,192,202,212,222,232,242,252,262,272,282,292,302,312,322,332,342,352,362,372,382,392,402,412,422,432,442,452,462,472,482,492,502,512,522,532,542,552,562,572,582,592,602,612],"card_choices":[{"not_picked":["PokerPlayerMod:Spade5","PokerPlayerMod:Spade2"],"picked":"PokerPlayerMod:Raise","floor":1},{"not_picked":["PokerPlayerMod:Heart3","PokerPlayerMod:Spade5"],"picked":"PokerPlayerMod:Raise","floor":2},{"not_picked":["PokerPlayerMod:Diamond4","PokerPlayerMod:ClubsClub"],"picked":"PokerPlayerMod:Club1","floor":3},{"not_picked":["PokerPlayerMod:CloakAndDiamond","PokerPlayerMod:Heart3","PokerPlayerMod:Configure"],"picked":"SKIP","floor":4},{"not_picked":["PokerPlayerMod:Trickery","PokerPlayerMod:Fold","PokerPlayerMod:Configure"],"picked":"SKIP","floor":5},{"not_picked":["PokerPlayerMod:MagicTrick","PokerPlayerMod:Sharpen+1"],"picked":"PokerPlayerMod:Spade4","floor":6},{"not_picked":["PokerPlayerMod:MagicTrick","PokerPlayerMod:Spade3"],"picked":"PokerPlayerMod:Diamond4","floor":8},{"not_picked":["PokerPlayerMod:Trickery","PokerPlayerMod:Fold","PokerPlayerMod:Overdeal"],"picked":"SKIP","floor":11},{"not_picked":["PokerPlayerMod:Fold","PokerPlayerMod:Spade1","PokerPlayerMod:Configure"],"picked":"SKIP","floor":12},{"not_picked":["PokerPlayerMod:Heart3","PokerPlayerMod:FakeSymbols+1","PokerPlayerMod:Heart2"],"picked":"SKIP","floor":14},{"not_picked":["PokerPlayerMod:WasteCollection","PokerPlayerMod:Promotion"],"picked":"PokerPlayerMod:Spade7","floor":16},{"not_picked":["PokerPlayerMod:Configure+1","PokerPlayerMod:DamnStraight+1"],"picked":"PokerPlayerMod:Club7","floor":18},{"not_picked":["PokerPlayerMod:Diamond2","PokerPlayerMod:MagicTrick"],"picked":"PokerPlayerMod:Diamond5","floor":20},{"not_picked":["PokerPlayerMod:Club1","PokerPlayerMod:RiskyBet"],"picked":"PokerPlayerMod:CardBurn","floor":21},{"not_picked":["PokerPlayerMod:Spade4","PokerPlayerMod:DiamondStrike+1"],"picked":"PokerPlayerMod:Club3","floor":24},{"not_picked":["PokerPlayerMod:Diamond4","PokerPlayerMod:FillThePot","PokerPlayerMod:Heart1","PokerPlayerMod:SpadeStrike"],"picked":"SKIP","floor":27},{"not_picked":["PokerPlayerMod:FlyingCard","PokerPlayerMod:ClubsClub+1","PokerPlayerMod:Sharpen+1"],"picked":"PokerPlayerMod:Club4","floor":31},{"not_picked":["PokerPlayerMod:TheDieIsCast","PokerPlayerMod:Promotion","PokerPlayerMod:WasteCollection"],"picked":"PokerPlayerMod:Spade7","floor":33},{"not_picked":["PokerPlayerMod:CardBurn","PokerPlayerMod:ClubsClub+1","PokerPlayerMod:ClubShade+1"],"picked":"PokerPlayerMod:Spade6","floor":35},{"not_picked":["PokerPlayerMod:Harden+1","PokerPlayerMod:Spade2","PokerPlayerMod:Spade1","PokerPlayerMod:Diamond2"],"picked":"SKIP","floor":36},{"not_picked":["PokerPlayerMod:HotShotCut","PokerPlayerMod:ClubShade+1","PokerPlayerMod:Configure","PokerPlayerMod:Club4"],"picked":"SKIP","floor":38},{"not_picked":["PokerPlayerMod:Diamond4","PokerPlayerMod:Heart4","PokerPlayerMod:Diamond2"],"picked":"PokerPlayerMod:Club5","floor":39},{"not_picked":["PokerPlayerMod:Fold+1","PokerPlayerMod:DartThrow","PokerPlayerMod:MagicTrick+1","PokerPlayerMod:Configure+1"],"picked":"SKIP","floor":45},{"not_picked":["PokerPlayerMod:ClubDance","PokerPlayerMod:Fold+1","PokerPlayerMod:Diamond5"],"picked":"PokerPlayerMod:Diamond8","floor":46},{"not_picked":["PokerPlayerMod:Club3","PokerPlayerMod:DamnStraight+1","PokerPlayerMod:HeartStrike+1","PokerPlayerMod:SecondChance+1"],"picked":"SKIP","floor":48},{"not_picked":["PokerPlayerMod:Spade5","PokerPlayerMod:Manipulation+1","PokerPlayerMod:Heart8","PokerPlayerMod:Heart7"],"picked":"SKIP","floor":54}],"player_experience":354650,"relics_obtained":[{"floor":6,"key":"PokerPlayerMod:EnergeticBat"},{"floor":12,"key":"Shuriken"},{"floor":26,"key":"Question Card"},{"floor":43,"key":"Pen Nib"},{"floor":48,"key":"Calipers"},{"floor":54,"key":"PokerPlayerMod:FairLicense"}],"event_choices":[{"damage_healed":0,"gold_gain":0,"player_choice":"Grow","damage_taken":0,"max_hp_gain":0,"max_hp_loss":0,"event_name":"Living Wall","floor":13,"gold_loss":0,"cards_upgraded":["PokerPlayerMod:Raise"]},{"damage_healed":0,"gold_gain":0,"player_choice":"Forge","damage_taken":0,"max_hp_gain":0,"max_hp_loss":0,"event_name":"Accursed Blacksmith","floor":19,"gold_loss":0,"cards_upgraded":["PokerPlayerMod:Club8"]},{"damage_healed":0,"gold_gain":0,"player_choice":"Opened","damage_taken":0,"relics_obtained":["StoneCalendar"],"max_hp_gain":0,"max_hp_loss":0,"event_name":"The Mausoleum","floor":29,"gold_loss":0},{"damage_healed":0,"gold_gain":0,"player_choice":"Ignored","damage_taken":0,"max_hp_gain":0,"max_hp_loss":0,"event_name":"Tomb of Lord Red Mask","floor":37,"gold_loss":0},{"cards_removed":["PokerPlayerMod:Heart2"],"damage_healed":5,"gold_gain":0,"player_choice":"Offered Special","damage_taken":0,"max_hp_gain":0,"max_hp_loss":0,"event_name":"Bonfire Elementals","floor":41,"gold_loss":0}],"is_beta":false,"boss_relics":[{"not_picked":["Tiny House","Sozu"],"picked":"SlaversCollar"},{"not_picked":["Empty Cage","Busted Crown"],"picked":"Coffee Dripper"}],"items_purged_floors":[0,0,0,0,0,10,10,10,22,22,22,22,22,22,22,47,47,47,47,47,47,47,47,47,52],"is_endless":false,"potions_floor_spawned":[2,6,11,12,18,21,24,27,38,39,54],"ascension_level":0}}