{"host":"lp6boqf0kvb82b8p","time":1612412950,"event":{"mods":["100% Spire Juice","A Magickal Journey","AchievementEnabler","Act Like it!","Ascension Reborn","Aspiration","Bartender","BaseMod","Bestiary","Better Altar","Better Match","Better Note","Better Sensory Stone","Better Silent Start","Better Skull","Better Third Choice","Better Vampires","BetterRewards","Block Reminder","CapriCore","Challenge The Spire","Chen","Colored Powertips","Conspire","DeckTracker","Downfall","Duelist Mod","Elementarium","Gensokyo","GifTheSpireLib","Glutton Mod","Hallownest","Hermit","Hero for Fun","Highlight Path","HololiveMod","Hubris","Infinite Spire","KinomotoSakuraMod(????)","Koishi","LagranYue(???·?)","Lobotomy","LobotomyExtend","Luminous","Mad Scientist","Mari Mod (Legacy)","Mari\u0027s V1 Patch","Marisa????????","Marked Mod","Melee Mod","Minty Spire (QoL Compilation)","Nova Terra(??·??)","Prisma Mod","Railgun Mod","Rare Cards Sparkle","Relic Stats","Remilia_Scarlet Moed?????·?????3.3.5","Remilia??????","Replay The Spire","Reworked Bosses","RumiaBox-????????","StSLib","Stuff the Spire","The Administrix","The Alterego","The Blue Laboratory","The Bug Knight","The Construct","The Cursed","The Disciple","The Fake Hero","The Immortal","The Jungle","The Necromancer","The Poker Player","The Runesmith","The Sage","The Senshi","The Wild Card","TheBandit","TheHeartMod","TheHero","TheSwordswoman","Uncapped","Wandering Minibosses","WarShipGirlsR/????R mod","Yakumo Yukari mod","Youmu??????","Yuyuko","[IsaacMod]????","??????REMEMod"],"gold_per_floor":[109,141,141,141,156,184,56,71,71,85,51,51,97,107,107,211,211,211,211],"floor_reached":18,"language":"ENG","playtime":1638,"items_purged":[],"score":185,"play_id":"5a1f2c43-cf81-4698-bf45-7f60d692afe0","local_time":"20210203202910","is_ascension_mode":true,"campfire_choices":[{"floor":12,"key":"REST"},{"floor":15,"key":"REST"}],"circlet_count":0,"master_deck":["Moonworks:Strike","Moonworks:Strike","Moonworks:Strike","Moonworks:Strike","Moonworks:Defend","Moonworks:Defend","Moonworks:Defend","Moonworks:Defend","Moonworks:Ambush","Moonworks:LongDistanceShot","theDuelist:FishDepthCharge","VoidDream","Moonworks:Assault","OSAHOGD","Moonworks:MiracleWalker","Voices","theWildCard:Loki","Wellcheers","Moonworks:Assault","RedShoes","Moonworks:ImOnFire","Moonworks:RocketCannon","Moonworks:IndiscriminateFireSupport","Scorched","Moonworks:Bloodlust","UniverseFragment","Moonworks:HolyNight","Moonworks:BigMagnum","Moonworks:BigMagnum","Moonworks:ExtendedPhotonRifle","CherryBlossoms","MeatLantern","Moonworks:ReflectiveShell"],"relics":["Moonworks:BrokenBomb","Moonworks:Homemark","HushsDoor","REME_ComplimentaryCards","BelialBook","LagranYue:RandomDrawCardRelic","CogitoBucket","LetterFromLob","AddBug","SecretRecord","SecretRecord"],"acts_visited":["Exordium","Exordium"],"potions_floor_usage":[],"damage_taken":[{"damage":1,"enemies":"Cultist","floor":1,"turns":3},{"damage":8,"enemies":"conspire:MimicChest","floor":2,"turns":5},{"damage":7,"enemies":"2 Louse","floor":5,"turns":2},{"damage":0,"enemies":"Gremlin Nob","floor":6,"turns":2},{"damage":6,"enemies":"conspire:RoseBush","floor":8,"turns":3},{"damage":4,"enemies":"3 Louse","floor":10,"turns":1},{"damage":28,"enemies":"Gremlin Gang","floor":14,"turns":3},{"damage":34,"enemies":"Fading Forest","floor":16,"turns":11},{"damage":72,"enemies":"theJungle:5_Spyders","floor":18,"turns":4}],"seed_played":"-3561883228982497070","potions_obtained":[{"floor":1,"key":"blueLaboratory:LouseDecoction"},{"floor":5,"key":"LiquidBronze"},{"floor":10,"key":"blueLaboratory:NullPotion"}],"is_trial":false,"path_per_floor":["M","?","?","?","M","E","$","M","T","M","$","R","T","M","R","B",null,"M"],"character_chosen":"THE_STARBREAKER","items_purchased":["Moonworks:RocketCannon","Moonworks:IndiscriminateFireSupport","Moonworks:BigMagnum"],"campfire_rested":2,"item_purchase_floors":[7,7,11],"current_hp_per_floor":[59,51,51,51,44,44,44,41,41,40,40,58,58,36,54,38,60,0,0],"gold":211,"neow_bonus":"","is_daily":false,"chose_seed":false,"campfire_upgraded":0,"win_rate":0.0,"timestamp":1612412950,"path_taken":["M","?","?","?","M","E","$","?","T","M","?","R","?","M","R","BOSS","M"],"items_purchased_type":["Card","Card","Card"],"build_version":"2020-12-22","purchased_purges":0,"victory":false,"max_hp_per_floor":[60,60,60,60,60,60,60,60,60,60,60,60,60,60,60,60,60,60,60],"relic_stats":{"counters":[10,35],"obtain_stats":[{"KeepersGift":0,"CogitoBucket":0,"LagranYue:RandomDrawCardRelic":0,"Moonworks:Homemark":0,"BelialBook":0,"AddBug":1,"SecretRecord":1,"LetterFromLob":1,"HushsDoor":0,"Moonworks:BrokenBomb":0,"REME_ComplimentaryCards":0},{"KeepersGift":0,"CogitoBucket":0,"LagranYue:RandomDrawCardRelic":0,"Moonworks:Homemark":0,"BelialBook":0,"AddBug":1,"SecretRecord":1,"LetterFromLob":1,"HushsDoor":0,"Moonworks:BrokenBomb":0,"REME_ComplimentaryCards":0},{"KeepersGift":0,"CogitoBucket":0,"LagranYue:RandomDrawCardRelic":0,"Moonworks:Homemark":0,"BelialBook":0,"AddBug":3,"SecretRecord":3,"LetterFromLob":3,"HushsDoor":0,"Moonworks:BrokenBomb":0,"REME_ComplimentaryCards":0}]},"card_choices":[{"not_picked":["BeautyBeast","OldLady"],"picked":"VoidDream","floor":1},{"not_picked":["Moonworks:BindingChains","Moonworks:AngelHand"],"picked":"Moonworks:Assault","floor":1},{"not_picked":["WallGazer","UniverseFragment"],"picked":"OSAHOGD","floor":2},{"not_picked":["Moonworks:IndiscriminateFireSupport","Moonworks:CrystalBarrier"],"picked":"Moonworks:MiracleWalker","floor":2},{"not_picked":["Scorched","PunishingBird","FairyFestival"],"picked":"Singing Bowl","floor":5},{"not_picked":["QueenOfHatred","Scorched"],"picked":"Wellcheers","floor":5},{"not_picked":["Moonworks:JonathanRush","Bomb"],"picked":"Moonworks:Assault","floor":5},{"not_picked":["UniverseFragment","BeautyBeast"],"picked":"RedShoes","floor":6},{"not_picked":["Moonworks:CloudOfSeagulls","Moonworks:RedAndBlue"],"picked":"Moonworks:ImOnFire","floor":6},{"not_picked":["DespairKnight","BeautyBeast"],"picked":"Scorched","floor":8},{"not_picked":["Moonworks:DeployBits","Bomb"],"picked":"Moonworks:Bloodlust","floor":8},{"not_picked":["BeautyBeast","FairyFestival"],"picked":"UniverseFragment","floor":10},{"not_picked":["Moonworks:LulusLuckyEgg","Bomb"],"picked":"Moonworks:HolyNight","floor":10},{"not_picked":["Moonworks:MiracleRedBeanIceCream","Bomb"],"picked":"Moonworks:ExtendedPhotonRifle","floor":14},{"not_picked":["OldLady","MHz"],"picked":"CherryBlossoms","floor":14},{"not_picked":["SnowQueen","BigBadWolf"],"picked":"MeatLantern","floor":16},{"not_picked":["Moonworks:PlushieMaster","Moonworks:HolyNight"],"picked":"Moonworks:ReflectiveShell","floor":16}],"player_experience":27685,"relics_obtained":[{"floor":1,"key":"LetterFromLob"},{"floor":1,"key":"AddBug"},{"floor":2,"key":"Hololive_LightStick"},{"floor":3,"key":"ReplayTheSpireMod:Ring of Challenge"},{"floor":6,"key":"aspiration:FetidBarrel"},{"floor":9,"key":"Eternal Feather"},{"floor":10,"key":"SecretRecord"},{"floor":13,"key":"Strawberry"}],"event_choices":[],"is_beta":false,"boss_relics":[{"not_picked":["Astrolabe","REME_LowDesire"],"picked":"SlaversCollar"},{"not_picked":[]}],"items_purged_floors":[],"is_endless":false,"potions_floor_spawned":[1,5,10,16],"killed_by":"theJungle:5_Spyders","ascension_level":0}}