{"host":"4mwxwqvoirj3cq7x","time":1612419992,"event":{"mods":["BaseMod","KinomotoSakuraMod(Ä¾Ö®±¾Ó£)","Minty Spire (QoL Compilation)","StSLib"],"gold_per_floor":[113,113,124,45,109,109,137,155,179,255,255,287,337,352,352,423,423,439,489,427,438,453,453,785,855,855,855,356,367,367,383,383,460,460,471,485,535,617,83,117,117,145,168,193,243,269,283,296,296,296],"floor_reached":51,"language":"ZHS","playtime":2302,"items_purged":["ClowCardTheSword","ClowCardTheSword"],"score":1741,"play_id":"67fc1cee-1bbb-446f-a606-b3def101a7a2","local_time":"20210204142632","is_ascension_mode":true,"campfire_choices":[{"data":"ClowCardTheFirey","floor":6.0,"key":"SMITH"},{"data":"ClowCardTheWindy","floor":11.0,"key":"SMITH"},{"data":"ClowCardTheWatery","floor":15.0,"key":"SMITH"},{"floor":23.0,"key":"REST"},{"floor":27.0,"key":"REST"},{"data":"ClowCardTheBig","floor":30.0,"key":"SMITH"},{"data":"ClowCardTheFly","floor":32.0,"key":"SMITH"},{"floor":41.0,"key":"REST"},{"floor":49.0,"key":"REST"}],"circlet_count":0,"master_deck":["SakuraCardTheSword+","SakuraCardTheShield+","SakuraCardTheFloat+","AscendersBane","ClowCardTheShield","SpellCardSeal+1","SpellCardRelease","ClowCardTheFirey+1","ClowCardTheWindy+1","ClowCardTheFly+1","ClowCardTheFreeze+1","ClowCardTheWatery+1","ClowCardTheLight","RitualDagger","ClowCardTheBig+1","ClowCardTheChange+1","ClowCardTheGlow+1","ClowCardTheVoice+1","ClowCardTheNothing","ClowCardTheEarthy+1","ClowCardTheSnow+1","ClowCardTheBubbles+1"],"relics":["KSMOD_SealedBook","KSMOD_StarWand","NeowsBlessing","SsserpentHead","Potion Belt","KSMOD_TeddyBear","Odd Mushroom","Strawberry","KSMOD_DarknessWand","Matryoshka","Old Coin","StrikeDummy","Bottled Tornado","KSMOD_SwordJade","Toxic Egg 2","ClockworkSouvenir","Molten Egg 2","Du-Vu Doll","Omamori","Nunchaku","Whetstone","Pear","Ginger"],"acts_visited":["Exordium","TheCity","TheBeyond"],"potions_floor_usage":[50],"damage_taken":[{"damage":0.0,"enemies":"2 Louse","floor":1.0,"turns":1.0},{"damage":0.0,"enemies":"Cultist","floor":3.0,"turns":1.0},{"damage":0.0,"enemies":"Jaw Worm","floor":5.0,"turns":1.0},{"damage":13.0,"enemies":"3 Sentries","floor":7.0,"turns":6.0},{"damage":17.0,"enemies":"Blue Slaver","floor":8.0,"turns":4.0},{"damage":6.0,"enemies":"The Mushroom Lair","floor":10.0,"turns":3.0},{"damage":13.0,"enemies":"Gremlin Nob","floor":12.0,"turns":4.0},{"damage":5.0,"enemies":"Lots of Slimes","floor":14.0,"turns":4.0},{"damage":12.0,"enemies":"The Guardian","floor":16.0,"turns":11.0},{"damage":0.0,"enemies":"Spheric Guardian","floor":18.0,"turns":3.0},{"damage":11.0,"enemies":"2 Thieves","floor":21.0,"turns":3.0},{"damage":11.0,"enemies":"Snecko","floor":22.0,"turns":5.0},{"damage":19.0,"enemies":"Book of Stabbing","floor":24.0,"turns":3.0},{"damage":11.0,"enemies":"Chosen and Byrds","floor":25.0,"turns":7.0},{"damage":0.0,"enemies":"Centurion and Healer","floor":29.0,"turns":5.0},{"damage":0.0,"enemies":"Sentry and Sphere","floor":31.0,"turns":4.0},{"damage":0.0,"enemies":"Automaton","floor":33.0,"turns":9.0},{"damage":20.0,"enemies":"3 Shapes","floor":35.0,"turns":9.0},{"damage":0.0,"enemies":"Orb Walker","floor":36.0,"turns":4.0},{"damage":27.0,"enemies":"KSMOD_TheNothingMonster","floor":38.0,"turns":7.0},{"damage":15.0,"enemies":"Nemesis","floor":40.0,"turns":5.0},{"damage":16.0,"enemies":"Reptomancer","floor":42.0,"turns":3.0},{"damage":0.0,"enemies":"Giant Head","floor":44.0,"turns":5.0},{"damage":0.0,"enemies":"Reptomancer","floor":46.0,"turns":2.0},{"damage":0.0,"enemies":"Transient","floor":47.0,"turns":5.0},{"damage":0.0,"enemies":"4 Shapes","floor":48.0,"turns":4.0},{"damage":30,"enemies":"Awakened One","floor":50,"turns":11}],"seed_played":"-3425616500760231833","potions_obtained":[{"floor":1.0,"key":"Energy Potion"},{"floor":8.0,"key":"Regen Potion"},{"floor":12.0,"key":"Strength Potion"},{"floor":14.0,"key":"Block Potion"},{"floor":21.0,"key":"Dexterity Potion"},{"floor":24.0,"key":"PowerPotion"},{"floor":25.0,"key":"SpeedPotion"},{"floor":38.0,"key":"CultistPotion"},{"floor":44.0,"key":"Fire Potion"}],"is_trial":false,"path_per_floor":["M","?","M","$","M","R","E","M","T","?","R","E","?","M","R","B",null,"M","?","?","M","M","R","E","M","T","R","$","M","R","M","R","B",null,"M","M","?","?","$","E","R","E","T","E","?","E","M","M","R","B",null],"character_chosen":"KINOMOTOSAKURA","items_purchased":["ClowCardTheFirey","KSMOD_SwordJade","Toxic Egg 2","ClockworkSouvenir","Molten Egg 2"],"campfire_rested":4,"item_purchase_floors":[4,28,28,39,39],"current_hp_per_floor":[59,59,59,59,59,59,46,29,29,32,32,26,26,21,21,9,56,56,50,50,39,28,49,30,19,19,40,40,40,40,40,40,40,64,44,44,44,17,17,2,23,7,7,17,17,17,17,17,41,11],"gold":296,"neow_bonus":"THREE_ENEMY_KILL","is_daily":false,"chose_seed":false,"campfire_upgraded":5,"win_rate":0.0,"timestamp":1612419992,"path_taken":["M","?","M","$","?","R","E","M","T","?","R","E","?","M","R","BOSS","M","?","?","M","M","R","E","?","T","R","$","M","R","M","R","BOSS","M","M","?","?","$","E","R","E","T","E","?","E","M","M","R","BOSS"],"items_purchased_type":["Card","Relic","Relic","Relic","Relic"],"build_version":"2020-12-22","purchased_purges":2,"victory":true,"max_hp_per_floor":[65,65,65,65,65,65,65,65,65,65,65,72,72,72,72,72,72,72,72,72,72,72,72,72,72,72,72,72,72,72,72,72,72,72,72,72,72,72,72,72,72,72,72,82,82,82,82,82,82,82],"card_choices":[{"not_picked":["ClowCardTheSleep","ClowCardTheSand","ClowCardTheErase"],"picked":"SKIP","floor":1.0},{"not_picked":["ClowCardTheLock","ClowCardTheErase"],"picked":"ClowCardTheFloat","floor":3.0},{"not_picked":["ClowCardThePower","ClowCardTheIllusion"],"picked":"ClowCardTheWindy","floor":5.0},{"not_picked":["ClowCardTheSong","ClowCardTheSilent"],"picked":"ClowCardTheFly","floor":7.0},{"not_picked":["ClowCardTheLoop","ClowCardTheLibra"],"picked":"ClowCardTheFreeze","floor":8.0},{"not_picked":["ClowCardTheLibra","ClowCardTheFlower"],"picked":"ClowCardTheWatery","floor":12.0},{"not_picked":["ClowCardTheFirey","ClowCardTheMirror","ClowCardTheLibra"],"picked":"SKIP","floor":14.0},{"not_picked":["ClowCardTheTime","ClowCardTheReturn"],"picked":"ClowCardTheLight","floor":16.0},{"not_picked":["ClowCardTheLock+1","ClowCardTheWood","ClowCardTheWatery"],"picked":"SKIP","floor":18.0},{"not_picked":["ClowCardTheCloud","ClowCardTheErase","ClowCardTheLittle"],"picked":"SKIP","floor":21.0},{"not_picked":["ClowCardTheFly","ClowCardTheMist"],"picked":"ClowCardTheBig","floor":22.0},{"not_picked":["ClowCardTheBig","ClowCardTheArrow","ClowCardTheFreeze"],"picked":"SKIP","floor":24.0},{"not_picked":["ClowCardTheIllusion","ClowCardTheCloud","ClowCardTheBig"],"picked":"SKIP","floor":25.0},{"not_picked":["ClowCardTheMist+1","ClowCardTheBig","ClowCardTheWindy+1"],"picked":"SKIP","floor":29.0},{"not_picked":["ClowCardTheSilent+1","ClowCardThePower"],"picked":"ClowCardTheChange+1","floor":31.0},{"not_picked":["ClowCardTheTime+1","ClowCardTheFight"],"picked":"ClowCardTheThunder","floor":33.0},{"not_picked":["ClowCardTheLock+1","ClowCardTheChange+1"],"picked":"ClowCardTheGlow+1","floor":35.0},{"not_picked":["ClowCardTheSong+1","ClowCardTheSilent+1"],"picked":"ClowCardTheVoice+1","floor":36.0},{"not_picked":["ClowCardTheEarthy+1","ClowCardTheShot+1","ClowCardTheIllusion+1"],"picked":"SKIP","floor":40.0},{"not_picked":["ClowCardTheReturn","ClowCardTheLight"],"picked":"ClowCardTheEarthy+1","floor":42.0},{"not_picked":["ClowCardTheIllusion+1","ClowCardTheLock+1","ClowCardTheGlow+1"],"picked":"SKIP","floor":44.0},{"not_picked":["ClowCardTheCloud+1","ClowCardTheIllusion+1"],"picked":"ClowCardTheSnow+1","floor":46.0},{"not_picked":["ClowCardTheLittle","ClowCardTheIllusion+1"],"picked":"ClowCardTheBubbles+1","floor":47.0},{"not_picked":["ClowCardTheLock+1","ClowCardTheChange+1","ClowCardTheSilent+1"],"picked":"SKIP","floor":48.0}],"player_experience":628921,"relics_obtained":[{"floor":7.0,"key":"Potion Belt"},{"floor":9.0,"key":"KSMOD_TeddyBear"},{"floor":10.0,"key":"Odd Mushroom"},{"floor":12.0,"key":"Strawberry"},{"floor":24.0,"key":"Old Coin"},{"floor":26.0,"key":"StrikeDummy"},{"floor":26.0,"key":"Bottled Tornado"},{"floor":40.0,"key":"Du-Vu Doll"},{"floor":42.0,"key":"Omamori"},{"floor":43.0,"key":"Nunchaku"},{"floor":43.0,"key":"Whetstone"},{"floor":44.0,"key":"Pear"},{"floor":46.0,"key":"Ginger"}],"event_choices":[{"damage_healed":0.0,"max_hp_gain":0.0,"max_hp_loss":0.0,"gold_gain":0.0,"event_name":"FaceTrader","player_choice":"Trade","floor":2.0,"gold_loss":0.0,"damage_taken":0.0,"relics_obtained":["SsserpentHead"]},{"damage_healed":0.0,"max_hp_gain":0.0,"max_hp_loss":0.0,"gold_gain":0.0,"event_name":"Mushrooms","player_choice":"Fought Mushrooms","floor":10.0,"gold_loss":0.0,"damage_taken":0.0},{"damage_healed":0.0,"max_hp_gain":0.0,"max_hp_loss":0.0,"gold_gain":0.0,"event_name":"Liars Game","player_choice":"Ignored","floor":13.0,"gold_loss":0.0,"damage_taken":0.0},{"damage_healed":0.0,"max_hp_gain":0.0,"max_hp_loss":0.0,"gold_gain":0.0,"event_name":"Nest","player_choice":"Joined the Cult","floor":19.0,"gold_loss":0.0,"damage_taken":6.0,"cards_obtained":["RitualDagger"]},{"damage_healed":0.0,"max_hp_gain":0.0,"max_hp_loss":0.0,"gold_gain":0.0,"event_name":"WeMeetAgain","player_choice":"Paid Gold","floor":20.0,"gold_loss":112.0,"damage_taken":0.0,"relics_obtained":["Matryoshka"]},{"damage_healed":0.0,"max_hp_gain":0.0,"max_hp_loss":0.0,"gold_gain":0.0,"event_name":"Mysterious Sphere","player_choice":"Ignored","floor":37.0,"gold_loss":0.0,"damage_taken":0.0},{"damage_healed":0.0,"max_hp_gain":0.0,"max_hp_loss":0.0,"gold_gain":0.0,"event_name":"Tomb of Lord Red Mask","player_choice":"Ignored","floor":45.0,"gold_loss":0.0,"damage_taken":0.0}],"is_beta":false,"boss_relics":[{"not_picked":["Astrolabe","Runic Dome"],"picked":"KSMOD_DarknessWand"},{"not_picked":["Pandora\u0027s Box","SacredBark"],"picked":"KSMOD_StarWand"}],"items_purged_floors":[28,39],"is_endless":false,"potions_floor_spawned":[1,8,12,14,21,24,25,38,44],"ascension_level":16}}