{"host":"raai0vtvcfkt8csp","time":1612446713,"event":{"mods":["2.2 Compatiblity","BaseMod","Beaked The Cultist","Block Reminder","Booster Modes","Clockwork Mod","Custom Start","DeckTracker","Defective Defect","Defuse TimeMaze Blight","Dio Mod","GifTheSpireLib","Infinite Spire","Minty Spire (QoL Compilation)","Quick Restart","Random Character Button","Rare Cards Sparkle","StSLib","The Marked","Unceasing Turn Reminder"],"gold_per_floor":[114,114,133,152,75,103,103,116,142,172,188,207,238,249,249,345,345,345,88,88,3,3,3,3,3,3,3,3,3,3,3,3,3,3,3,3,0,0,0,0,0,0,0,0,0,0,0,0,0,0],"floor_reached":51,"language":"ENG","playtime":2789,"items_purged":[],"score":1217,"play_id":"626b6b06-7dc3-43bc-8767-6bd489be62df","local_time":"20210204145153","is_ascension_mode":true,"campfire_choices":[{"data":"dioMod:Regeneration","floor":7,"key":"SMITH"},{"data":"dioMod:MudaMudaMuda","floor":15,"key":"SMITH"},{"data":"dioMod:TheWalk","floor":24,"key":"SMITH"},{"data":"dioMod:Regeneration","floor":27,"key":"SMITH"},{"data":"dioMod:Minions","floor":32,"key":"SMITH"},{"data":"infinitespire:Starlight","floor":41,"key":"SMITH"},{"data":"dioMod:UltimateSacrifice","floor":46,"key":"SMITH"},{"data":"dioMod:MudaMudaMuda","floor":49,"key":"SMITH"}],"circlet_count":0,"master_deck":["dioMod:MudaMudaMuda+1","dioMod:Muda","dioMod:Muda","dioMod:Muda","dioMod:Muda","dioMod:ComboFever","dioMod:Muda","dioMod:SlashThroughTime","dioMod:Regeneration+1","dioMod:DaggerToss","dioMod:BloodTransfusion","dioMod:CoffinBath","dioMod:Hiss","dioMod:VengefulMuda","dioMod:Regeneration+1","dioMod:DarkRebirth","dioMod:TheWalk+1","dioMod:Muda","dioMod:HeavyLifting+1","dioMod:GoodbyeJojo","dioMod:DarkRebirth+1","dioMod:Minions+1","dioMod:BlendIn+1","dioMod:MudaMudaMuda+1","dioMod:DominatingPresence+1","Madness","Madness+1","dioMod:BlendIn+1","infinitespire:Starlight+1","dioMod:SecretPlan","dioMod:DoubleTime+1","dioMod:UltimateSacrifice+1","dioMod:BloodTransfusion+1","dioMod:SecretPlan+1"],"relics":["dioMod:VampireBlood","Dead Branch","CultistMask","Potion Belt","Akabeko","Strawberry","Ancient Tea Set","Ectoplasm","Mummified Hand","Vajra","StoneCalendar","CeramicFish","infinitespire:Beetle Shell","Regal Pillow","Smiling Mask","Eternal Feather","Sozu","Red Mask","infinitespire:Eraser","Bag of Preparation","War Paint","Dream Catcher","Nunchaku"],"acts_visited":["Exordium","TheCity","TheBeyond"],"potions_floor_usage":[33,50],"damage_taken":[{"damage":0,"enemies":"Jaw Worm","floor":1,"turns":1},{"damage":0,"enemies":"Cultist","floor":3,"turns":1},{"damage":0,"enemies":"Small Slimes","floor":4,"turns":1},{"damage":0,"enemies":"Lagavulin","floor":6,"turns":2},{"damage":0,"enemies":"2 Fungi Beasts","floor":8,"turns":1},{"damage":2,"enemies":"Gremlin Nob","floor":10,"turns":1},{"damage":0,"enemies":"3 Louse","floor":11,"turns":1},{"damage":0,"enemies":"Blue Slaver","floor":12,"turns":1},{"damage":2,"enemies":"Lagavulin","floor":13,"turns":2},{"damage":0,"enemies":"Large Slime","floor":14,"turns":2},{"damage":2,"enemies":"Slime Boss","floor":16,"turns":3},{"damage":0,"enemies":"Spheric Guardian","floor":18,"turns":1},{"damage":0,"enemies":"3 Byrds","floor":20,"turns":1},{"damage":0,"enemies":"Gremlin Leader","floor":23,"turns":1},{"damage":0,"enemies":"Slavers","floor":25,"turns":1},{"damage":2,"enemies":"Gremlin Leader","floor":28,"turns":2},{"damage":2,"enemies":"Book of Stabbing","floor":30,"turns":2},{"damage":0,"enemies":"Snecko","floor":31,"turns":1},{"damage":26,"enemies":"Automaton","floor":33,"turns":7},{"damage":2,"enemies":"Orb Walker","floor":35,"turns":1},{"damage":9,"enemies":"3 Darklings","floor":39,"turns":2},{"damage":48,"enemies":"Nightmare","floor":40,"turns":6},{"damage":13,"enemies":"beaked:SuperParasite","floor":42,"turns":2},{"damage":0,"enemies":"Giant Head","floor":44,"turns":1},{"damage":16,"enemies":"Writhing Mass","floor":45,"turns":2},{"damage":20,"enemies":"Nemesis","floor":48,"turns":3},{"damage":27,"enemies":"Time Eater","floor":50,"turns":4}],"seed_played":"-3408710958684282594","potions_obtained":[{"floor":1,"key":"Dexterity Potion"},{"floor":4,"key":"SpeedPotion"},{"floor":10,"key":"PowerPotion"},{"floor":13,"key":"SkillPotion"},{"floor":14,"key":"PowerPotion"}],"is_trial":true,"path_per_floor":["M","?","M","M","$","E","R","M","T","E","M","M","E","M","R","B",null,"M","$","M","?","?","E","R","E","T","R","E","?","E","M","R","B",null,"M","$","?","?","M","NM","R","E","T","E","M","R","?","E","R","B",null],"character_chosen":"THE_DEFAULT","items_purchased":["dioMod:Regeneration","Mummified Hand"],"campfire_rested":0,"item_purchase_floors":[5,19],"current_hp_per_floor":[75,75,75,75,75,75,75,75,75,82,82,82,82,82,82,82,82,82,82,82,82,82,82,82,82,82,82,82,66,78,81,87,80,87,87,87,87,76,87,87,87,87,87,87,87,87,87,83,87,87],"gold":0,"neow_bonus":"","is_daily":false,"chose_seed":false,"campfire_upgraded":8,"win_rate":0.0,"timestamp":1612446713,"path_taken":["M","?","M","?","$","E","R","M","T","E","M","M","E","M","R","BOSS","M","$","M","?","?","E","R","E","T","R","E","?","E","M","R","BOSS","M","$","?","?","M","NM","R","E","T","E","M","R","?","E","R","BOSS"],"items_purchased_type":["Card","Relic"],"build_version":"2020-12-22","purchased_purges":0,"victory":true,"max_hp_per_floor":[75,75,75,75,75,75,75,75,75,82,82,82,82,82,82,82,82,82,82,82,82,82,82,82,82,82,82,82,87,87,87,87,87,87,87,87,87,87,87,87,87,87,87,87,87,87,87,87,87,87],"card_choices":[{"not_picked":["dioMod:SlashThroughTime","dioMod:VengefulMuda"],"picked":"dioMod:ComboFever","floor":1},{"not_picked":["dioMod:DisarmingVoice","dioMod:WRYYY"],"picked":"dioMod:Muda","floor":3},{"not_picked":["dioMod:BlendIn","dioMod:Roundabout"],"picked":"dioMod:SlashThroughTime","floor":4},{"not_picked":["dioMod:CutDeep","dioMod:SadisticLaugh"],"picked":"dioMod:DaggerToss","floor":6},{"not_picked":["dioMod:Hiss","dioMod:HeavyLifting"],"picked":"dioMod:BloodTransfusion","floor":8},{"not_picked":["dioMod:LaserVision","dioMod:Freeze"],"picked":"dioMod:CoffinBath","floor":10},{"not_picked":["dioMod:Roundabout","dioMod:StreetSign"],"picked":"dioMod:Hiss","floor":11},{"not_picked":["dioMod:DaggerSpree","dioMod:Diversion"],"picked":"dioMod:VengefulMuda","floor":12},{"not_picked":["dioMod:DaggerToss","dioMod:SlashThroughTime"],"picked":"dioMod:Regeneration","floor":13},{"not_picked":["dioMod:LaserVision","dioMod:BloodShield"],"picked":"dioMod:DarkRebirth","floor":14},{"not_picked":["dioMod:UltimateSacrifice","dioMod:Despair"],"picked":"dioMod:TheWalk","floor":16},{"not_picked":["dioMod:Roundabout+1","dioMod:BloodSplash"],"picked":"dioMod:Muda","floor":18},{"not_picked":["dioMod:DaggerToss+1","dioMod:WRYYY"],"picked":"dioMod:HeavyLifting+1","floor":20},{"not_picked":["dioMod:DominatingPresence","dioMod:DaggerToss"],"picked":"dioMod:GoodbyeJojo","floor":23},{"not_picked":["dioMod:ComposedMuda+1","dioMod:Hiss"],"picked":"dioMod:DarkRebirth+1","floor":25},{"not_picked":["dioMod:SlashThroughTime+1","dioMod:Muda"],"picked":"dioMod:Minions","floor":28},{"not_picked":["dioMod:PhantomBlood","dioMod:FlyAway"],"picked":"dioMod:Pluck","floor":30},{"not_picked":["dioMod:StreetSign+1","dioMod:Diversion"],"picked":"dioMod:BlendIn","floor":31},{"not_picked":["dioMod:Regeneration","dioMod:TheWalk"],"picked":"dioMod:MudaMudaMuda","floor":33},{"not_picked":["dioMod:DaggerSpree+1","dioMod:CautiousMuda"],"picked":"dioMod:DominatingPresence+1","floor":35},{"not_picked":["dioMod:WRYYY","dioMod:BloodSplash+1"],"picked":"dioMod:BlendIn+1","floor":39},{"not_picked":["infinitespire:FinalStrike","infinitespire:FutureSight"],"picked":"infinitespire:Starlight","floor":40},{"not_picked":["dioMod:ComboFever+1","dioMod:CautiousMuda"],"picked":"dioMod:SecretPlan","floor":40},{"not_picked":["dioMod:TripleThreat","dioMod:Minions"],"picked":"dioMod:DoubleTime+1","floor":42},{"not_picked":["dioMod:Freeze+1","dioMod:TripleThreat"],"picked":"dioMod:UltimateSacrifice","floor":44},{"not_picked":["dioMod:FlyAway","dioMod:CautiousMuda"],"picked":"dioMod:BloodTransfusion+1","floor":45},{"not_picked":["dioMod:WRYYY","dioMod:DaggerSpree"],"picked":"dioMod:SecretPlan+1","floor":48}],"player_experience":950579,"relics_obtained":[{"floor":6,"key":"Potion Belt"},{"floor":9,"key":"Akabeko"},{"floor":10,"key":"Strawberry"},{"floor":13,"key":"Ancient Tea Set"},{"floor":23,"key":"CeramicFish"},{"floor":25,"key":"infinitespire:Beetle Shell"},{"floor":26,"key":"Regal Pillow"},{"floor":28,"key":"Smiling Mask"},{"floor":30,"key":"Eternal Feather"},{"floor":40,"key":"infinitespire:Eraser"},{"floor":42,"key":"Bag of Preparation"},{"floor":43,"key":"War Paint"},{"floor":44,"key":"Dream Catcher"},{"floor":48,"key":"Nunchaku"}],"event_choices":[{"damage_healed":0,"gold_gain":0,"player_choice":"Trade","damage_taken":0,"relics_obtained":["CultistMask"],"max_hp_gain":0,"max_hp_loss":0,"event_name":"FaceTrader","floor":2,"gold_loss":0},{"damage_healed":0,"gold_gain":0,"player_choice":"Obtained Relic","damage_taken":0,"relics_obtained":["Vajra"],"max_hp_gain":0,"max_hp_loss":0,"event_name":"Addict","floor":21,"gold_loss":85},{"damage_healed":0,"gold_gain":0,"player_choice":"Opened","damage_taken":0,"relics_obtained":["StoneCalendar"],"max_hp_gain":0,"max_hp_loss":0,"event_name":"The Mausoleum","floor":22,"gold_loss":0},{"damage_healed":0,"gold_gain":0,"player_choice":"Shed Blood","damage_taken":21,"max_hp_gain":5,"max_hp_loss":0,"event_name":"Forgotten Altar","floor":29,"gold_loss":0},{"damage_healed":0,"gold_gain":0,"player_choice":"Paid","damage_taken":0,"relics_obtained":["Red Mask"],"max_hp_gain":0,"max_hp_loss":0,"event_name":"Tomb of Lord Red Mask","floor":37,"gold_loss":3},{"damage_healed":0,"gold_gain":0,"player_choice":"Embrace Madness","damage_taken":11,"max_hp_gain":0,"max_hp_loss":0,"event_name":"Winding Halls","floor":38,"gold_loss":0,"cards_obtained":["Madness","Madness"]},{"cards_removed":["dioMod:Pluck"],"damage_healed":0,"gold_gain":0,"player_choice":"Removed Power","damage_taken":0,"max_hp_gain":0,"max_hp_loss":0,"event_name":"Falling","floor":47,"gold_loss":0}],"is_beta":false,"boss_relics":[{"not_picked":["infinitespire:Cupcake","Pandora\u0027s Box"],"picked":"Ectoplasm"},{"not_picked":["Astrolabe","Snecko Eye"],"picked":"Sozu"}],"items_purged_floors":[],"is_endless":false,"potions_floor_spawned":[1,4,10,13,14,23,25,28,30,31,40,42,44,48],"ascension_level":1}}