{"host":"s24sb66hw4a4sfft","time":1612413079,"event":{"mods":["AchievementEnabler","BaseMod","Colored Map","Colored Powertips","Googly Eyes","Hermit","Hubris","Minty Spire (QoL Compilation)","Quick Restart","Shop Mod","StSLib","The Poker Player"],"gold_per_floor":[118,118,68,83,83,115,135,167,192,4,4,36,63,87,87,190,240,257,257,272,25,43,72,184,109,109,109,139,139,154,188,188,292,292,309,362,150,0,18,53,53,53,77,77,102,150,150,14,14,14],"floor_reached":51,"language":"ENG","playtime":4386,"items_purged":["PokerPlayerMod:ClubsClub","PokerPlayerMod:Club1","PokerPlayerMod:Diamond1"],"score":1050,"play_id":"38f622c7-08b6-48ef-b1af-a132625b5936","local_time":"20210203233119","is_ascension_mode":false,"metric_token":786,"campfire_choices":[{"floor":11,"key":"REST"},{"floor":15,"key":"REST"},{"data":"PokerPlayerMod:Sharpen","floor":27,"key":"SMITH"},{"data":"PokerPlayerMod:CloakAndDiamond","floor":29,"key":"SMITH"},{"data":"PokerPlayerMod:CardPrinter","floor":32,"key":"SMITH"},{"floor":41,"key":"DIG"},{"floor":44,"key":"DIG"},{"floor":47,"key":"DIG"},{"floor":49,"key":"DIG"}],"circlet_count":0,"master_deck":["PokerPlayerMod:Diamond4","PokerPlayerMod:Diamond3","PokerPlayerMod:Diamond4","PokerPlayerMod:Diamond6","PokerPlayerMod:Spade2","PokerPlayerMod:Spade3","PokerPlayerMod:Spade4","PokerPlayerMod:Club2","PokerPlayerMod:TrumpStrike+1","PokerPlayerMod:BadJoker+1","PokerPlayerMod:Mulligan","PokerPlayerMod:Diamond5","PokerPlayerMod:Trickery+1","PokerPlayerMod:Heart4","PokerPlayerMod:Sharpen+1","PokerPlayerMod:Diamond4","PokerPlayerMod:Trickery+1","PokerPlayerMod:Spade10+","PokerPlayerMod:Club10+","PokerPlayerMod:MagicTrick","PokerPlayerMod:DartThrow+1","PokerPlayerMod:Trickery+1","PokerPlayerMod:SecondChance+1","PokerPlayerMod:Club8","PokerPlayerMod:Diamond5","PokerPlayerMod:CloakAndDiamond+1","PokerPlayerMod:CardPrinter+1","PokerPlayerMod:Diamond4","PokerPlayerMod:Diamond8","PokerPlayerMod:SpadeStrike+1","PokerPlayerMod:SpadeStrike+1","Finesse+1","PokerPlayerMod:Heart10+","PokerPlayerMod:Diamond7","PokerPlayerMod:DamnStraight"],"relics":["PokerPlayerMod:DeckCase","NeowsBlessing","Pen Nib","Boot","Omamori","Toy Ornithopter","Odd Mushroom","PreservedInsect","Tiny House","hubris:Icosahedron","Whetstone","hubris:CrystalStatue","Ornamental Fan","Oddly Smooth Stone","Ancient Tea Set","Calling Bell","Bronze Scales","Eternal Feather","Shovel","FossilizedHelix","Red Mask","Orichalcum","Pear","hubris:Towel","Vajra","Bag of Marbles","Potion Belt","War Paint","Lantern","Sundial"],"acts_visited":["Exordium","TheCity","TheBeyond"],"potions_floor_usage":[16,16,30,33,49,50,50],"damage_taken":[{"damage":0,"enemies":"Jaw Worm","floor":1,"turns":1},{"damage":0,"enemies":"Small Slimes","floor":4,"turns":1},{"damage":0,"enemies":"Lagavulin","floor":6,"turns":1},{"damage":0,"enemies":"Cultist","floor":7,"turns":2},{"damage":20,"enemies":"Gremlin Nob","floor":8,"turns":4},{"damage":12,"enemies":"Lagavulin","floor":12,"turns":4},{"damage":7,"enemies":"The Mushroom Lair","floor":13,"turns":3},{"damage":15,"enemies":"The Guardian","floor":16,"turns":8},{"damage":0,"enemies":"2 Thieves","floor":18,"turns":3},{"damage":6,"enemies":"Chosen","floor":20,"turns":4},{"damage":3,"enemies":"Snake Plant","floor":22,"turns":3},{"damage":7,"enemies":"Book of Stabbing","floor":23,"turns":3},{"damage":0,"enemies":"Centurion and Healer","floor":24,"turns":4},{"damage":0,"enemies":"Slavers","floor":28,"turns":2},{"damage":3,"enemies":"Shelled Parasite and Fungi","floor":30,"turns":4},{"damage":0,"enemies":"Book of Stabbing","floor":31,"turns":2},{"damage":61,"enemies":"Automaton","floor":33,"turns":10},{"damage":18,"enemies":"3 Darklings","floor":35,"turns":4},{"damage":11,"enemies":"2 Orb Walkers","floor":36,"turns":2},{"damage":10,"enemies":"3 Shapes","floor":39,"turns":3},{"damage":0,"enemies":"Nemesis","floor":40,"turns":3},{"damage":0,"enemies":"Reptomancer","floor":45,"turns":5},{"damage":71,"enemies":"Donu and Deca","floor":50,"turns":9}],"seed_played":"-5475201243017558488","potions_obtained":[{"floor":1,"key":"FearPotion"},{"floor":7,"key":"PowerPotion"},{"floor":13,"key":"Fruit Juice"},{"floor":17,"key":"Energy Potion"},{"floor":18,"key":"PowerPotion"},{"floor":30,"key":"BlessingOfTheForge"},{"floor":39,"key":"CultistPotion"}],"is_trial":false,"path_per_floor":["M","?","?","M","?","E","M","E","T","$","R","E","?","T","R","B",null,"M","?","M","$","M","E","M","?","T","R","E","R","M","E","R","B",null,"M","?","$","?","M","E","R","?","T","R","E","T","R","$","R","B",null],"character_chosen":"THE_POKER_PLAYER","items_purchased":["PokerPlayerMod:Sharpen","PokerPlayerMod:Diamond4","Whetstone","Finesse","PokerPlayerMod:DamnStraight","Fruit Juice"],"campfire_rested":2,"item_purchase_floors":[10,10,21,37,48,48],"current_hp_per_floor":[52,52,52,52,42,42,42,22,22,22,37,31,29,29,44,49,62,62,62,61,61,58,55,60,60,60,60,62,62,62,62,62,3,62,44,41,41,41,31,41,69,69,69,72,72,72,72,72,77,30],"gold":14,"neow_bonus":"THREE_ENEMY_KILL","is_daily":false,"chose_seed":false,"campfire_upgraded":3,"win_rate":0.0,"timestamp":1612413079,"path_taken":["M","?","?","M","?","E","?","E","T","?","R","E","?","?","R","BOSS","M","?","M","$","M","E","M","?","T","R","E","R","M","E","R","BOSS","M","?","$","?","M","E","R","?","T","R","E","?","R","?","R","BOSS"],"items_purchased_type":["Card","Card","Relic","Card","Card","Potion"],"build_version":"2020-12-22","purchased_purges":3,"victory":true,"max_hp_per_floor":[52,52,52,52,52,52,52,52,52,52,52,52,52,52,52,57,62,62,62,62,62,62,62,62,62,62,62,62,62,62,62,62,62,62,62,62,62,62,62,62,72,72,72,72,72,72,72,72,77,77],"card_choices":[{"not_picked":["PokerPlayerMod:Overdeal","PokerPlayerMod:DartThrow"],"picked":"PokerPlayerMod:Diamond5","floor":1},{"not_picked":["PokerPlayerMod:Spade2","PokerPlayerMod:Fold"],"picked":"PokerPlayerMod:Trickery","floor":4},{"not_picked":["PokerPlayerMod:Heart1","PokerPlayerMod:Manipulation"],"picked":"PokerPlayerMod:ClubsClub","floor":6},{"not_picked":["PokerPlayerMod:Fold","PokerPlayerMod:Club1","PokerPlayerMod:Spade2"],"picked":"SKIP","floor":7},{"not_picked":["PokerPlayerMod:Spade4","PokerPlayerMod:CardBurn"],"picked":"PokerPlayerMod:Heart4","floor":8},{"not_picked":["PokerPlayerMod:Diamond4","PokerPlayerMod:CardBurn"],"picked":"PokerPlayerMod:Trickery","floor":12},{"not_picked":["PokerPlayerMod:Spade3","PokerPlayerMod:CloakAndDiamond"],"picked":"PokerPlayerMod:Spade10+","floor":13},{"not_picked":["PokerPlayerMod:Spade10+","PokerPlayerMod:FakeSymbols"],"picked":"PokerPlayerMod:Club10+","floor":16},{"not_picked":["PokerPlayerMod:Club2","PokerPlayerMod:DartThrow"],"picked":"PokerPlayerMod:MagicTrick","floor":17},{"not_picked":["PokerPlayerMod:ClubShade","PokerPlayerMod:MagicTrick"],"picked":"PokerPlayerMod:DartThrow+1","floor":18},{"not_picked":["PokerPlayerMod:Diamond2","PokerPlayerMod:HiddenCard"],"picked":"PokerPlayerMod:Trickery+1","floor":20},{"not_picked":["PokerPlayerMod:SpadeStrike","PokerPlayerMod:Spade4"],"picked":"PokerPlayerMod:SecondChance+1","floor":22},{"not_picked":["PokerPlayerMod:Configure","PokerPlayerMod:CardBurn"],"picked":"PokerPlayerMod:Club8","floor":23},{"not_picked":["PokerPlayerMod:Spade7","PokerPlayerMod:MagicTrick"],"picked":"PokerPlayerMod:Diamond5","floor":24},{"not_picked":["PokerPlayerMod:Club2","PokerPlayerMod:MagicTrick"],"picked":"PokerPlayerMod:CloakAndDiamond","floor":28},{"not_picked":["PokerPlayerMod:Club4","PokerPlayerMod:Diamond3"],"picked":"PokerPlayerMod:CardPrinter","floor":30},{"not_picked":["PokerPlayerMod:Club3","PokerPlayerMod:Club1"],"picked":"PokerPlayerMod:Diamond4","floor":31},{"not_picked":["PokerPlayerMod:Diamond7","PokerPlayerMod:Promotion"],"picked":"PokerPlayerMod:Diamond8","floor":33},{"not_picked":["PokerPlayerMod:Club4","PokerPlayerMod:Spade1"],"picked":"PokerPlayerMod:SpadeStrike+1","floor":35},{"not_picked":["PokerPlayerMod:CardBurn+1","PokerPlayerMod:Trickery+1"],"picked":"PokerPlayerMod:SpadeStrike+1","floor":36},{"not_picked":["PokerPlayerMod:Club2","PokerPlayerMod:Diamond1","PokerPlayerMod:Diamond2"],"picked":"SKIP","floor":39},{"not_picked":["PokerPlayerMod:Configure","PokerPlayerMod:Diamond3"],"picked":"PokerPlayerMod:Heart10+","floor":40},{"not_picked":["PokerPlayerMod:Diamond3","PokerPlayerMod:Diamond1"],"picked":"PokerPlayerMod:Diamond7","floor":45}],"player_experience":576600,"relics_obtained":[{"floor":6,"key":"Pen Nib"},{"floor":8,"key":"Boot"},{"floor":9,"key":"Omamori"},{"floor":12,"key":"Toy Ornithopter"},{"floor":13,"key":"Odd Mushroom"},{"floor":14,"key":"PreservedInsect"},{"floor":23,"key":"hubris:CrystalStatue"},{"floor":26,"key":"Ornamental Fan"},{"floor":28,"key":"Oddly Smooth Stone"},{"floor":31,"key":"Ancient Tea Set"},{"floor":34,"key":"Bronze Scales"},{"floor":34,"key":"Eternal Feather"},{"floor":34,"key":"Shovel"},{"floor":36,"key":"FossilizedHelix"},{"floor":40,"key":"Orichalcum"},{"floor":41,"key":"Pear"},{"floor":43,"key":"Vajra"},{"floor":44,"key":"Bag of Marbles"},{"floor":45,"key":"Potion Belt"},{"floor":46,"key":"War Paint"},{"floor":47,"key":"Lantern"},{"floor":49,"key":"Sundial"}],"event_choices":[{"cards_removed":["PokerPlayerMod:Heart2"],"damage_healed":0,"gold_gain":0,"player_choice":"Card Removal","damage_taken":0,"max_hp_gain":0,"max_hp_loss":0,"event_name":"The Cleric","floor":3,"gold_loss":50},{"damage_healed":0,"gold_gain":0,"player_choice":"Entered Light","damage_taken":10,"max_hp_gain":0,"max_hp_loss":0,"event_name":"Shining Light","floor":5,"gold_loss":0,"cards_upgraded":["PokerPlayerMod:Diamond6","PokerPlayerMod:Diamond3"]},{"damage_healed":0,"gold_gain":0,"player_choice":"Fought Mushrooms","damage_taken":0,"max_hp_gain":0,"max_hp_loss":0,"event_name":"Mushrooms","floor":13,"gold_loss":0},{"cards_removed":["PokerPlayerMod:Spade1"],"damage_healed":0,"gold_gain":0,"player_choice":"Gave Gold","damage_taken":0,"max_hp_gain":0,"max_hp_loss":0,"event_name":"Beggar","floor":25,"gold_loss":75},{"damage_healed":0,"gold_gain":0,"player_choice":"Fight","damage_taken":0,"max_hp_gain":0,"max_hp_loss":0,"event_name":"Mysterious Sphere","floor":36,"gold_loss":0},{"damage_healed":0,"gold_gain":0,"player_choice":"Paid","damage_taken":0,"relics_obtained":["Red Mask"],"max_hp_gain":0,"max_hp_loss":0,"event_name":"Tomb of Lord Red Mask","floor":38,"gold_loss":150}],"is_beta":false,"boss_relics":[{"not_picked":["SacredBark","Ectoplasm"],"picked":"Tiny House"},{"not_picked":["hubris:CrackedHourglass","Sozu"],"picked":"Calling Bell"}],"items_purged_floors":[10,21,37],"is_endless":false,"potions_floor_spawned":[1,7,13,18,20,23,30,39],"ascension_level":0}}