{"host":"ceheqh86fk4eo7wc","time":1612459854,"event":{"mods":["Aspiration","BaseMod","BetterRewards","Conspire","Downfall","Hermit","Hubris","Infinite Spire","Marisa????????","Minty Spire (QoL Compilation)","READ ME - Snecko Mod","Replay The Spire","StSLib","The Administrix","The Animator","The Cursed","The Poker Player","The Servant 0.9.4","slay the spire mod where everything is the same but ironclad has a cowboy hat"],"gold_per_floor":[119,1,1,20,40,40,40,40],"floor_reached":6,"language":"ENG","playtime":139,"items_purged":[],"score":36,"play_id":"2b79e313-17b0-485a-b8e8-ac6cc8e112ba","local_time":"20210204093054","is_ascension_mode":false,"metric_token":1234,"campfire_choices":[],"circlet_count":0,"master_deck":["PokerPlayerMod:Diamond1","PokerPlayerMod:Diamond2","PokerPlayerMod:Diamond3","PokerPlayerMod:Diamond4","PokerPlayerMod:Diamond5","PokerPlayerMod:Spade1","PokerPlayerMod:Spade2","PokerPlayerMod:Spade3","PokerPlayerMod:Spade4","PokerPlayerMod:Club1","PokerPlayerMod:Club2","PokerPlayerMod:Heart2","PokerPlayerMod:Club6","PokerPlayerMod:Club8","Backstab","Concentrate","Night Terror","PokerPlayerMod:Diamond4","PokerPlayerMod:Diamond3"],"relics":["PokerPlayerMod:DeckCase","NeowsBlessing"],"acts_visited":["Exordium"],"potions_floor_usage":[6,6],"damage_taken":[{"damage":0,"enemies":"Cultist","floor":1,"turns":1},{"damage":0,"enemies":"Small Slimes","floor":4,"turns":1},{"damage":0,"enemies":"2 Louse","floor":5,"turns":1},{"damage":60,"enemies":"Gremlin Nob","floor":6,"turns":4}],"seed_played":"-2601626671710564842","potions_obtained":[{"floor":4,"key":"SpeedPotion"},{"floor":5,"key":"Adrenaline Potion"}],"is_trial":false,"path_per_floor":["M","$","?","M","M","E"],"character_chosen":"THE_POKER_PLAYER","items_purchased":["PokerPlayerMod:Club8"],"campfire_rested":0,"item_purchase_floors":[2],"current_hp_per_floor":[52,52,52,52,52,0,0,0],"gold":40,"neow_bonus":"THREE_ENEMY_KILL","is_daily":false,"chose_seed":false,"campfire_upgraded":0,"win_rate":0.0,"timestamp":1612459854,"path_taken":["M","$","?","?","M","E"],"items_purchased_type":["Card"],"build_version":"2020-12-22","purchased_purges":0,"victory":false,"max_hp_per_floor":[52,52,52,52,52,52,52,52],"card_choices":[{"not_picked":["PokerPlayerMod:HeartStrike","PokerPlayerMod:Raise"],"picked":"PokerPlayerMod:Club6","floor":1},{"not_picked":["PokerPlayerMod:Heart1","PokerPlayerMod:Diamond3"],"picked":"PokerPlayerMod:Diamond4","floor":4},{"not_picked":["PokerPlayerMod:ClubsClub","PokerPlayerMod:Heart3"],"picked":"PokerPlayerMod:Diamond3","floor":5}],"player_experience":59518,"relics_obtained":[],"event_choices":[],"is_beta":false,"boss_relics":[],"items_purged_floors":[],"is_endless":false,"potions_floor_spawned":[4,5],"killed_by":"Gremlin Nob","ascension_level":0}}