{"host":"06e3yyzgn8o619wl","time":1612452226,"event":{"mods":["BaseMod","Block Reminder","Colored Map","Colored Powertips","DeckTracker","Minty Spire (QoL Compilation)","Permanent Neow","Relic Stats","StSLib"],"gold_per_floor":[113,113,127,147,158,158,184,184,184,184,198,226,226,242,242,339,339,351,31,31,51,61,86,185,197,197,231,36,36,49,66,66,165,165,185,185,135,155,105,105,117,117,140,140,0,100,112,122,122,122],"floor_reached":51,"language":"JPN","playtime":5834,"items_purged":["Strike_P","Strike_P","Strike_P","Strike_P"],"score":1049,"play_id":"583a0277-24d1-4469-a137-869067e9816e","local_time":"20210205002346","is_ascension_mode":true,"campfire_choices":[{"data":"Vigilance","floor":6.0,"key":"SMITH"},{"data":"CarveReality","floor":8.0,"key":"SMITH"},{"data":"ThirdEye","floor":10.0,"key":"SMITH"},{"data":"BowlingBash","floor":15,"key":"SMITH"},{"floor":29,"key":"REST"},{"floor":32,"key":"REST"},{"floor":40,"key":"REST"},{"floor":42,"key":"REST"},{"floor":49,"key":"REST"}],"circlet_count":0,"master_deck":["Defend_P","Eruption","Vigilance+1","DeceiveReality","Meditate","ThirdEye+1","CarveReality+1","Swivel","BowlingBash+1","Vault+1","ThirdEye+1","Omniscience+1","CutThroughFate","Adaptation","WheelKick","Vault+1","SandsOfTime+1","EmptyMind+1","ConjureBlade+1"],"relics":["Snecko Eye","Regal Pillow","Potion Belt","Toxic Egg 2","Fusion Hammer","Sling","Smiling Mask","Lantern","Darkstone Periapt","Happy Flower","Philosopher\u0027s Stone","Akabeko","Shuriken","Red Mask"],"acts_visited":["Exordium","TheCity","TheBeyond"],"potions_floor_usage":[21,48,50],"damage_taken":[{"damage":9.0,"enemies":"Jaw Worm","floor":1.0,"turns":5.0},{"damage":0.0,"enemies":"2 Louse","floor":3.0,"turns":2.0},{"damage":0.0,"enemies":"Small Slimes","floor":4.0,"turns":4.0},{"damage":5.0,"enemies":"Gremlin Gang","floor":5.0,"turns":5.0},{"damage":3.0,"enemies":"Lagavulin","floor":7.0,"turns":7.0},{"damage":0.0,"enemies":"Exordium Thugs","floor":11.0,"turns":2.0},{"damage":10,"enemies":"3 Sentries","floor":12,"turns":6},{"damage":0,"enemies":"2 Fungi Beasts","floor":14,"turns":2},{"damage":3,"enemies":"Hexaghost","floor":16,"turns":7},{"damage":2,"enemies":"Chosen","floor":18,"turns":3},{"damage":0,"enemies":"2 Thieves","floor":21,"turns":2},{"damage":0,"enemies":"3 Cultists","floor":22,"turns":3},{"damage":0,"enemies":"Slavers","floor":23,"turns":3},{"damage":0,"enemies":"Snake Plant","floor":25,"turns":2},{"damage":0,"enemies":"Book of Stabbing","floor":27,"turns":3},{"damage":4,"enemies":"Centurion and Healer","floor":30,"turns":3},{"damage":0,"enemies":"Shelled Parasite and Fungi","floor":31,"turns":2},{"damage":0,"enemies":"Automaton","floor":33,"turns":7},{"damage":0,"enemies":"3 Shapes","floor":35,"turns":3},{"damage":0,"enemies":"3 Darklings","floor":38,"turns":2},{"damage":0,"enemies":"Spire Growth","floor":41,"turns":3},{"damage":0,"enemies":"Sphere and 2 Shapes","floor":47,"turns":1},{"damage":0,"enemies":"Maw","floor":48,"turns":6},{"damage":28,"enemies":"Awakened One","floor":50,"turns":6}],"seed_played":"-7017245182500013022","potions_obtained":[{"floor":4.0,"key":"Fruit Juice"},{"floor":7.0,"key":"GamblersBrew"},{"floor":12,"key":"PowerPotion"},{"floor":14,"key":"Block Potion"},{"floor":16,"key":"GamblersBrew"},{"floor":21,"key":"Weak Potion"},{"floor":35,"key":"Fruit Juice"},{"floor":48,"key":"LiquidBronze"}],"is_trial":false,"path_per_floor":["M","?","M","M","M","R","E","R","T","R","M","E","?","M","R","B",null,"M","$","?","M","M","E","?","M","T","E","$","R","M","M","R","B",null,"M","?","$","M","$","R","M","R","T","T","?","?","M","M","R","B",null],"character_chosen":"WATCHER","items_purchased":["CutThroughFate","Adaptation","Sling","Happy Flower"],"campfire_rested":5,"item_purchase_floors":[19,19,19,28],"current_hp_per_floor":[56,49,49,49,44,44,41,41,41,41,41,31,31,31,31,28,61,59,59,59,64,64,64,64,64,64,64,64,77,73,73,77,77,77,77,77,77,77,77,77,77,77,77,77,77,77,77,82,82,54],"gold":122,"neow_bonus":"BOSS_RELIC","is_daily":false,"chose_seed":false,"campfire_upgraded":4,"win_rate":0.0,"timestamp":1612452226,"path_taken":["M","?","M","M","M","R","E","R","T","R","M","E","?","M","R","BOSS","M","$","?","M","M","E","?","M","T","E","$","R","M","M","R","BOSS","M","?","$","M","$","R","?","R","T","?","?","?","M","M","R","BOSS"],"items_purchased_type":["Card","Card","Relic","Relic"],"build_version":"2020-12-22","purchased_purges":4,"victory":true,"max_hp_per_floor":[72,72,72,72,72,72,72,72,72,72,72,72,72,72,72,72,72,72,72,72,77,77,77,77,77,77,77,77,77,77,77,77,77,77,77,77,77,77,77,77,77,77,77,77,77,77,77,82,82,82],"relic_stats":{"Darkstone Periapt":0,"Regal Pillow":0,"Happy Flower":[11],"counters":[24,89],"Shuriken":[7],"Snecko Eye":[181,168,185,158],"Smiling Mask":225,"obtain_stats":[{"Potion Belt":9,"Darkstone Periapt":27,"Regal Pillow":7,"Lantern":26,"Happy Flower":28,"Sling":19,"Smiling Mask":23,"Akabeko":43,"Shuriken":44,"Snecko Eye":0,"Philosopher\u0027s Stone":34,"Fusion Hammer":17,"Red Mask":45,"PureWater":0,"Toxic Egg 2":12},{"Potion Belt":5,"Darkstone Periapt":15,"Regal Pillow":5,"Lantern":14,"Happy Flower":15,"Sling":10,"Smiling Mask":13,"Akabeko":21,"Shuriken":21,"Snecko Eye":0,"Philosopher\u0027s Stone":18,"Fusion Hammer":9,"Red Mask":21,"PureWater":0,"Toxic Egg 2":7},{"Potion Belt":23,"Darkstone Periapt":56,"Regal Pillow":23,"Lantern":53,"Happy Flower":56,"Sling":43,"Smiling Mask":51,"Akabeko":76,"Shuriken":76,"Snecko Eye":0,"Philosopher\u0027s Stone":68,"Fusion Hammer":40,"Red Mask":76,"PureWater":0,"Toxic Egg 2":31}]},"card_choices":[{"not_picked":["Halt","JustLucky"],"picked":"DeceiveReality","floor":1.0},{"not_picked":["BattleHymn","FlurryOfBlows"],"picked":"Meditate","floor":3.0},{"not_picked":["PathToVictory","Halt"],"picked":"ThirdEye","floor":4.0},{"not_picked":["Study","SashWhip"],"picked":"CarveReality","floor":5.0},{"not_picked":["FollowUp","SashWhip"],"picked":"Swivel","floor":7.0},{"not_picked":["EmptyFist","CrushJoints"],"picked":"BowlingBash","floor":11},{"not_picked":["Blasphemy+1","EmptyBody+1"],"picked":"Vault+1","floor":12},{"not_picked":["Evaluate+1","Collect+1"],"picked":"ThirdEye+1","floor":14},{"not_picked":["MasterReality","Establishment"],"picked":"Omniscience+1","floor":16},{"not_picked":["ThirdEye+1","Evaluate+1","Crescendo+1"],"picked":"SKIP","floor":18},{"not_picked":["ConjureBlade+1","Weave"],"picked":"WheelKick","floor":21},{"not_picked":["BowlingBash","EmptyBody+1","Prostrate+1"],"picked":"SKIP","floor":22},{"not_picked":["ThirdEye+1","InnerPeace+1","EmptyBody+1"],"picked":"SKIP","floor":23},{"not_picked":["FlurryOfBlows+1","PathToVictory+1"],"picked":"Vault+1","floor":25},{"not_picked":["Prostrate+1","CrushJoints"],"picked":"SandsOfTime+1","floor":27},{"not_picked":["CutThroughFate+1","FollowUp","PathToVictory+1"],"picked":"SKIP","floor":30},{"not_picked":["CutThroughFate","FlurryOfBlows"],"picked":"EmptyMind+1","floor":31},{"not_picked":["ThirdEye+1","BowlingBash","PathToVictory+1"],"picked":"SKIP","floor":35},{"not_picked":["Sanctity+1","Weave","Consecrate+1"],"picked":"SKIP","floor":38},{"not_picked":["CrushJoints","WaveOfTheHand+1","ClearTheMind+1"],"picked":"SKIP","floor":41},{"not_picked":["JustLucky","ReachHeaven+1","Wireheading+1"],"picked":"SKIP","floor":47},{"not_picked":["Halt+1","JustLucky"],"picked":"ConjureBlade+1","floor":48}],"player_experience":156932,"relics_obtained":[{"floor":7.0,"key":"Regal Pillow"},{"floor":9.0,"key":"Potion Belt"},{"floor":12,"key":"Toxic Egg 2"},{"floor":23,"key":"Smiling Mask"},{"floor":26,"key":"Lantern"},{"floor":27,"key":"Darkstone Periapt"},{"floor":43,"key":"Akabeko"},{"floor":44,"key":"Shuriken"}],"event_choices":[{"cards_removed":["Defend_P"],"damage_healed":0.0,"max_hp_gain":0.0,"max_hp_loss":0.0,"gold_gain":0.0,"event_name":"Golden Wing","player_choice":"Card Removal","floor":2.0,"gold_loss":0.0,"damage_taken":7.0},{"damage_healed":0,"gold_gain":0,"player_choice":"Ignored","damage_taken":0,"max_hp_gain":0,"max_hp_loss":0,"event_name":"Liars Game","floor":13,"gold_loss":0},{"cards_removed":["Defend_P"],"damage_healed":0,"gold_gain":0,"player_choice":"Elegance","damage_taken":0,"max_hp_gain":0,"max_hp_loss":0,"event_name":"Back to Basics","floor":20,"gold_loss":0},{"damage_healed":0,"gold_gain":99,"player_choice":"Stole From Cult","damage_taken":0,"max_hp_gain":0,"max_hp_loss":0,"event_name":"Nest","floor":24,"gold_loss":0},{"cards_removed":["Defend_P"],"damage_healed":0,"gold_gain":0,"player_choice":"Purged","damage_taken":0,"max_hp_gain":0,"max_hp_loss":0,"event_name":"Purifier","floor":36,"gold_loss":0},{"damage_healed":0,"gold_gain":0,"player_choice":"Paid","damage_taken":0,"relics_obtained":["Red Mask"],"max_hp_gain":0,"max_hp_loss":0,"event_name":"Tomb of Lord Red Mask","floor":45,"gold_loss":140},{"damage_healed":0,"gold_gain":100,"player_choice":"Pray","damage_taken":0,"max_hp_gain":0,"max_hp_loss":0,"event_name":"Golden Shrine","floor":46,"gold_loss":0}],"is_beta":false,"boss_relics":[{"not_picked":["Ectoplasm","Runic Pyramid"],"picked":"Fusion Hammer"},{"not_picked":["Cursed Key","Empty Cage"],"picked":"Philosopher\u0027s Stone"}],"items_purged_floors":[19,28,37,39],"is_endless":false,"potions_floor_spawned":[4,7,12,14,16,21,25,30,35,48],"ascension_level":8}}