{"host":"g2yp6paluzgljz05","time":1612443164,"event":{"mods":["BaseMod","Bestiary","Colored Powertips","DeckTracker","Highlight Path","Minty Spire (QoL Compilation)","Quick Restart"],"gold_per_floor":[119,37,37,112,130,130,163,338,407,135,155,155,176,76,76,197,197,197,197],"floor_reached":18,"language":"ENG","playtime":519,"items_purged":["Doubt","Strike_R"],"score":275,"play_id":"33922d1f-c0a2-4a32-8006-529c1adb5c5f","local_time":"20210204235244","is_ascension_mode":true,"campfire_choices":[{"data":"Shockwave","floor":6.0,"key":"SMITH"},{"data":"Mayhem","floor":12.0,"key":"SMITH"},{"data":"True Grit","floor":15,"key":"SMITH"}],"circlet_count":0,"master_deck":["AscendersBane","Strike_R","Strike_R","Strike_R","Strike_R","Defend_R","Defend_R","Defend_R","Defend_R","Bash","Shockwave+1","Flash of Steel","True Grit+1","Mayhem+1","Headbutt","Fiend Fire"],"relics":["Burning Blood","NeowsBlessing","Golden Idol","Letter Opener","Blue Candle","SacredBark"],"acts_visited":["Exordium","TheCity"],"potions_floor_usage":[16],"damage_taken":[{"damage":0.0,"enemies":"Cultist","floor":1.0,"turns":1.0},{"damage":0.0,"enemies":"Small Slimes","floor":5.0,"turns":2.0},{"damage":0.0,"enemies":"Lagavulin","floor":7.0,"turns":2.0},{"damage":9.0,"enemies":"Jaw Worm","floor":11.0,"turns":3.0},{"damage":9.0,"enemies":"Looter","floor":13.0,"turns":4.0},{"damage":31,"enemies":"Hexaghost","floor":16,"turns":11},{"damage":0,"enemies":"3 Byrds","floor":18,"turns":1}],"seed_played":"5408644696577262357","potions_obtained":[{"floor":1.0,"key":"AttackPotion"},{"floor":5.0,"key":"Dexterity Potion"},{"floor":13.0,"key":"SpeedPotion"}],"is_trial":false,"path_per_floor":["M","$","?","?","M","R","E","?","T","$","M","R","M","$","R","B",null,"M"],"character_chosen":"IRONCLAD","items_purchased":["Flash of Steel","Mayhem"],"campfire_rested":0,"item_purchase_floors":[2,10],"current_hp_per_floor":[78,78,58,47,53,53,59,59,59,59,56,56,53,53,53,28,67,67,67],"gold":197,"neow_bonus":"THREE_ENEMY_KILL","is_daily":false,"chose_seed":false,"campfire_upgraded":3,"win_rate":0.0,"timestamp":1612443164,"path_taken":["M","?","?","?","M","R","E","?","T","$","M","R","M","?","R","BOSS","M"],"items_purchased_type":["Card","Card"],"build_version":"2020-12-22","purchased_purges":2,"victory":false,"max_hp_per_floor":[80,80,80,80,80,80,80,80,80,80,80,80,80,80,80,80,80,80,80],"card_choices":[{"not_picked":["Infernal Blade","Twin Strike"],"picked":"Shockwave","floor":1.0},{"not_picked":["Spot Weakness","Blood for Blood","Seeing Red"],"picked":"SKIP","floor":5.0},{"not_picked":["Cleave","Clash"],"picked":"True Grit","floor":7.0},{"not_picked":["Clothesline","Cleave","Iron Wave"],"picked":"SKIP","floor":11.0},{"not_picked":["Infernal Blade","Clothesline"],"picked":"Headbutt","floor":13.0},{"not_picked":["Brutality","Reaper"],"picked":"Fiend Fire","floor":16}],"player_experience":330397,"relics_obtained":[{"floor":7.0,"key":"Letter Opener"},{"floor":9.0,"key":"Blue Candle"}],"event_choices":[{"damage_healed":0.0,"max_hp_gain":0.0,"max_hp_loss":0.0,"gold_gain":0.0,"event_name":"Golden Idol","player_choice":"Take Damage","floor":3.0,"gold_loss":0.0,"damage_taken":20.0,"relics_obtained":["Golden Idol"]},{"damage_healed":0.0,"max_hp_gain":0.0,"max_hp_loss":0.0,"gold_gain":75.0,"event_name":"World of Goop","player_choice":"Gather Gold","floor":4.0,"gold_loss":0.0,"damage_taken":11.0},{"damage_healed":0.0,"max_hp_gain":0.0,"max_hp_loss":0.0,"gold_gain":175.0,"event_name":"Liars Game","player_choice":"AGREE","floor":8.0,"gold_loss":0.0,"damage_taken":0.0,"cards_obtained":["Doubt"]}],"is_beta":false,"boss_relics":[{"not_picked":["Astrolabe","Black Star"],"picked":"SacredBark"}],"items_purged_floors":[10,14],"is_endless":false,"potions_floor_spawned":[1,5,13],"killed_by":"3 Byrds","ascension_level":10}}