{"host":"ceheqh86fk4eo7wc","time":1612474911,"event":{"mods":["Aspiration","BaseMod","BetterRewards","Conspire","Downfall","Hermit","Hubris","Infinite Spire","Marisa????????","Minty Spire (QoL Compilation)","READ ME - Snecko Mod","Replay The Spire","StSLib","The Administrix","The Animator","The Cursed","The Poker Player","The Servant 0.9.4","slay the spire mod where everything is the same but ironclad has a cowboy hat"],"gold_per_floor":[119,135,26,26,26,26,46,56,56,104,104,29,29,29,29,127,127,145,145,145,164,164,164,180,180,180,180,194,194,210,40,40,40],"floor_reached":32,"language":"ENG","playtime":787,"items_purged":["ReplayTheSpireMod:Splinters"],"score":253,"play_id":"8e3f0f85-2b02-43e8-8eda-a2bbc6abf57e","local_time":"20210204134151","is_ascension_mode":false,"campfire_choices":[{"data":"Wild Strike","floor":6,"key":"SMITH"},{"data":"Perfected Strike","floor":11,"key":"SMITH"},{"data":"ReplayTheSpireMod:LeadingStrike","floor":13,"key":"SMITH"},{"data":"Clothesline","floor":15,"key":"SMITH"},{"floor":23,"key":"REST"},{"data":"hubris:InfiniteBlow","floor":25,"key":"SMITH"},{"data":"hubris:InfiniteBlow+1","floor":29,"key":"SMITH"}],"circlet_count":0,"master_deck":["Strike_R","Strike_R","Strike_R","Strike_R","Strike_R","Defend_R","Defend_R","Defend_R","Defend_R","Bash","Offering","Wild Strike","animator:HigakiRinne","Good Instincts","Clothesline","Perfected Strike","animator:HigakiRinne","Offering","Pommel Strike","Defy Death","Searing Blow","Searing Blow","conspire:Charge","animator:HigakiRinne"],"relics":["animator:TheWolleyCore"],"acts_visited":["Exordium","TheCity"],"potions_floor_usage":[16,16,16,21,21,28],"damage_taken":[{"damage":10,"enemies":"Cultist","floor":1,"turns":4},{"damage":2,"enemies":"2 Louse","floor":2,"turns":2},{"damage":5,"enemies":"Small Slimes","floor":7,"turns":3},{"damage":10,"enemies":"Gremlin Gang","floor":8,"turns":4},{"damage":30,"enemies":"Hexaghost","floor":16,"turns":5},{"damage":5,"enemies":"Chosen","floor":18,"turns":3},{"damage":24,"enemies":"2 Thieves","floor":21,"turns":3},{"damage":45,"enemies":"Shelled Parasite and Fungi","floor":24,"turns":5},{"damage":24,"enemies":"Centurion and Healer","floor":28,"turns":4},{"damage":21,"enemies":"Snake Plant","floor":30,"turns":3}],"seed_played":"-2197362246013700173","potions_obtained":[{"floor":1,"key":"SteroidPotion"},{"floor":2,"key":"BlessingOfTheForge"},{"floor":8,"key":"Elixir"},{"floor":10,"key":"hexamod:SoulburnPotion"},{"floor":16,"key":"SkillPotion"},{"floor":18,"key":"Explosive Potion"},{"floor":24,"key":"Block Potion"},{"floor":30,"key":"sneckomod:MuddlingPotion"}],"is_trial":false,"path_per_floor":["M","M","$","?","?","R","M","M","T","?","R","$","R","$","R","B",null,"M","?","?","M","?","R","M","R","T","?","M","R","M","$","R"],"character_chosen":"IRONCLAD","items_purchased":["hubris:ReadiedAction","Good Instincts","infinitespire:Chaos","Bag of Preparation"],"campfire_rested":1,"item_purchase_floors":[3,3,31,31],"current_hp_per_floor":[76,80,80,85,85,85,85,81,81,81,81,81,81,81,81,57,85,85,85,68,50,29,54,15,15,15,43,37,37,34,107,107,107],"gold":40,"neow_bonus":"ONE_RANDOM_RARE_CARD","is_daily":false,"chose_seed":false,"campfire_upgraded":6,"win_rate":0.0,"timestamp":1612474911,"path_taken":["M","?","$","?","?","R","?","M","T","?","R","$","R","?","R","BOSS","M","?","?","M","?","R","?","R","T","?","M","R","M","$","R"],"items_purchased_type":["Card","Card","Relic","Relic"],"build_version":"2020-12-22","purchased_purges":1,"victory":false,"max_hp_per_floor":[80,80,80,85,85,85,85,85,85,85,85,85,85,85,85,85,85,85,85,85,85,85,85,85,85,85,85,85,85,85,107,107,107],"card_choices":[{"not_picked":["Headbutt","Uppercut"],"picked":"Wild Strike","floor":1},{"not_picked":["Dual Wield","Headbutt","Inflame"],"picked":"SKIP","floor":2},{"not_picked":["hubris:ReadiedAction","Evolve"],"picked":"Clothesline","floor":7},{"not_picked":["Uppercut","Blood for Blood"],"picked":"Perfected Strike","floor":8},{"not_picked":["Headbutt","Body Slam"],"picked":"ReplayTheSpireMod:LeadingStrike","floor":10},{"not_picked":["Demonic Infusion","Limit Break"],"picked":"Offering","floor":16},{"not_picked":["Clothesline","hubris:ReadiedAction"],"picked":"Pommel Strike","floor":18},{"not_picked":["Sword Boomerang","Warcry"],"picked":"Defy Death","floor":21},{"not_picked":["ReplayTheSpireMod:Haul","infinitespire:SevenWalls"],"picked":"hubris:InfiniteBlow","floor":22},{"not_picked":["Run Through","Flex"],"picked":"Searing Blow+1","floor":24},{"not_picked":["Sword Boomerang","Run Through"],"picked":"conspire:Charge+1","floor":28},{"not_picked":["ReplayTheSpireMod:Muscle Training","Demonic Infusion"],"picked":"infinitespire:OneForAll","floor":30}],"player_experience":68507,"relics_obtained":[{"floor":9,"key":"infinitespire:Satchel"},{"floor":26,"key":"Meat on the Bone"}],"event_choices":[{"damage_healed":0,"gold_gain":0,"player_choice":"Donut","damage_taken":0,"max_hp_gain":5,"max_hp_loss":0,"event_name":"Big Fish","floor":4,"gold_loss":0},{"damage_healed":28,"gold_gain":0,"player_choice":"Heal","damage_taken":0,"max_hp_gain":0,"max_hp_loss":0,"event_name":"The Library","floor":27,"gold_loss":0}],"is_beta":false,"boss_relics":[{"not_picked":["ChewingGum","Painkiller Herb"],"picked":"hubris:Stopwatch"}],"items_purged_floors":[12],"is_endless":false,"potions_floor_spawned":[1,2,8,16,18,24,30],"ascension_level":0}}