{"host":"mai03x2ekbjy4059","time":1612468560,"event":{"mods":["2.2 Compatiblity","BaseMod","Colored Map","DeckTracker","Keyboard Shortcuts","Minty Spire (QoL Compilation)","Permanent Neow","Quick Restart","SuperFastMode","everything is the same but u backflip on backflip"],"gold_per_floor":[20,36,111,111,42,67,67,100,100,130,130,130,149,179,191,305,317,343,355,380,404,416,455,467,490,581,693,735,747,791,819,831,938,950,982,1006,1018,1048,1080,1127,1139,1184,1242,1284,1316,1328,1340,1368,1380,1392,1404,1416,774,803,803],"floor_reached":56,"language":"KOR","playtime":1400,"items_purged":["Catalyst"],"score":1660,"play_id":"c1b87e3a-0804-451d-b43a-72c4f7cfdc75","local_time":"20210205045600","is_ascension_mode":true,"campfire_choices":[{"data":"Cloak And Dagger","floor":7.0,"key":"SMITH"},{"data":"Accuracy","floor":12.0,"key":"SMITH"},{"data":"Finisher","floor":15.0,"key":"SMITH"},{"data":"Blade Dance","floor":24.0,"key":"SMITH"},{"data":"Blade Dance","floor":32.0,"key":"SMITH"},{"data":"After Image","floor":41,"key":"SMITH"},{"data":"Cloak And Dagger","floor":47,"key":"SMITH"},{"floor":49,"key":"RECALL"},{"data":"Storm of Steel","floor":52,"key":"SMITH"}],"circlet_count":0,"master_deck":["Survivor","Neutralize","Accuracy+1","Escape Plan","Cloak And Dagger+1","Finisher+1","Accuracy+1","Adrenaline","Blade Dance+1","Terror+1","Cloak And Dagger+1","Blade Dance+1","Accuracy+1","After Image+1","Dagger Throw+1","Blur","Infinite Blades","Storm of Steel+1","Predator+1","Backstab","Accuracy+1","Infinite Blades","Footwork","Accuracy+1"],"relics":["Ring of the Snake","White Beast Statue","Bronze Scales","Akabeko","MawBank","WristBlade","Oddly Smooth Stone","Blue Candle","Lizard Tail","Bottled Flame","TungstenRod","Ancient Tea Set","Pandora\u0027s Box","Vajra","Bottled Tornado","Whetstone","CaptainsWheel","Shuriken","Art of War","Toolbox","Lantern"],"acts_visited":["Exordium","TheCity","TheBeyond","TheEnding"],"potions_floor_usage":[55,55,55],"damage_taken":[{"damage":2.0,"enemies":"Cultist","floor":1.0,"turns":5.0},{"damage":0.0,"enemies":"Jaw Worm","floor":2.0,"turns":6.0},{"damage":8.0,"enemies":"3 Sentries","floor":6.0,"turns":9.0},{"damage":14.0,"enemies":"Gremlin Nob","floor":8.0,"turns":3.0},{"damage":15.0,"enemies":"Lagavulin","floor":10.0,"turns":5.0},{"damage":0.0,"enemies":"2 Louse","floor":13.0,"turns":2.0},{"damage":6.0,"enemies":"3 Sentries","floor":14.0,"turns":5.0},{"damage":0.0,"enemies":"Slime Boss","floor":16.0,"turns":5.0},{"damage":0.0,"enemies":"Spheric Guardian","floor":18.0,"turns":3.0},{"damage":0.0,"enemies":"2 Thieves","floor":20.0,"turns":1.0},{"damage":6.0,"enemies":"3 Cultists","floor":21.0,"turns":3.0},{"damage":0.0,"enemies":"Book of Stabbing","floor":23.0,"turns":3.0},{"damage":0.0,"enemies":"Snake Plant","floor":25.0,"turns":2.0},{"damage":0.0,"enemies":"Colosseum Slavers","floor":27.0,"turns":1.0},{"damage":3.0,"enemies":"Colosseum Nobs","floor":27.0,"turns":2.0},{"damage":0.0,"enemies":"Gremlin Leader","floor":28.0,"turns":2.0},{"damage":0.0,"enemies":"Slavers","floor":30.0,"turns":3.0},{"damage":0.0,"enemies":"Snecko","floor":31.0,"turns":1.0},{"damage":0.0,"enemies":"Automaton","floor":33.0,"turns":5.0},{"damage":0,"enemies":"3 Darklings","floor":35,"turns":2},{"damage":0,"enemies":"Orb Walker","floor":36,"turns":1},{"damage":9,"enemies":"Jaw Worm Horde","floor":38,"turns":3},{"damage":0,"enemies":"Writhing Mass","floor":39,"turns":1},{"damage":0,"enemies":"Giant Head","floor":40,"turns":4},{"damage":0,"enemies":"Nemesis","floor":42,"turns":3},{"damage":0,"enemies":"Giant Head","floor":44,"turns":4},{"damage":0,"enemies":"Sphere and 2 Shapes","floor":45,"turns":3},{"damage":8,"enemies":"3 Darklings","floor":48,"turns":3},{"damage":20,"enemies":"Time Eater","floor":50,"turns":3},{"damage":3,"enemies":"Shield and Spear","floor":54,"turns":3},{"damage":60,"enemies":"The Heart","floor":55,"turns":5}],"seed_played":"1036239241920621516","potions_obtained":[{"floor":2.0,"key":"SteroidPotion"},{"floor":8.0,"key":"Energy Potion"},{"floor":10.0,"key":"Strength Potion"},{"floor":13.0,"key":"BlessingOfTheForge"},{"floor":16.0,"key":"PowerPotion"},{"floor":18.0,"key":"Weak Potion"},{"floor":23.0,"key":"Explosive Potion"},{"floor":27.0,"key":"Strength Potion"}],"is_trial":false,"path_per_floor":["M","M","?","?","$","E","R","E","T","E","?","R","M","E","R","B",null,"M","?","M","M","?","E","R","M","T","?","E","?","E","M","R","B",null,"M","M","?","M","M","E","R","E","T","E","M","?","R","M","R","B",null,"R","$","E","B",null],"character_chosen":"THE_SILENT","items_purchased":["Accuracy","Shuriken","Art of War","Toolbox","Footwork"],"campfire_rested":0,"item_purchase_floors":[5,53,53,53,53],"current_hp_per_floor":[68,68,57,62,62,54,54,40,40,25,25,25,25,19,19,19,75,75,75,75,69,69,69,69,69,69,66,66,53,53,53,53,53,80,80,80,76,67,67,67,67,67,67,67,67,67,67,59,59,39,76,76,76,73,13],"gold":803,"neow_bonus":"TRANSFORM_TWO_CARDS","is_daily":false,"chose_seed":false,"campfire_upgraded":8,"win_rate":0.0,"timestamp":1612468560,"path_taken":["M","M","?","?","$","E","R","E","T","E","?","R","M","E","R","BOSS","M","?","?","M","?","E","R","M","T","?","E","?","E","M","R","BOSS","M","M","?","M","M","E","R","E","T","E","M","?","R","?","R","BOSS","R","$","E","BOSS"],"items_purchased_type":["Card","Relic","Relic","Relic","Card"],"build_version":"2020-12-22","purchased_purges":1,"victory":true,"max_hp_per_floor":[70,70,70,75,75,75,75,75,75,75,75,75,75,75,75,75,75,75,75,75,75,75,75,75,75,75,75,75,80,80,80,80,80,80,80,80,76,76,76,76,76,76,76,76,76,76,76,76,76,76,76,76,76,76,76],"card_choices":[{"not_picked":["Poisoned Stab","Slice"],"picked":"Cloak And Dagger","floor":1.0},{"not_picked":["Dagger Throw","Dodge and Roll"],"picked":"Finisher","floor":2.0},{"not_picked":["Backflip","Eviscerate"],"picked":"Adrenaline","floor":6.0},{"not_picked":["Riddle With Holes","Flying Knee","Corpse Explosion"],"picked":"SKIP","floor":8.0},{"not_picked":["Heel Hook","Dodge and Roll","Deadly Poison"],"picked":"SKIP","floor":10.0},{"not_picked":["Backflip","Dagger Throw","Setup"],"picked":"SKIP","floor":13.0},{"not_picked":["Caltrops","Slice","Noxious Fumes"],"picked":"SKIP","floor":14.0},{"not_picked":["Underhanded Strike","Deflect"],"picked":"Blade Dance","floor":18.0},{"not_picked":["Noxious Fumes","Dodge and Roll"],"picked":"Terror+1","floor":20.0},{"not_picked":["Bane+1","Flying Knee"],"picked":"Cloak And Dagger","floor":21.0},{"not_picked":["Outmaneuver","Dagger Throw","Riddle With Holes"],"picked":"SKIP","floor":23.0},{"not_picked":["Underhanded Strike","Dash"],"picked":"Blade Dance","floor":25.0},{"not_picked":["Blade Dance","Sucker Punch+1"],"picked":"Accuracy+1","floor":28.0},{"not_picked":["Masterful Stab","Dagger Throw","Burst"],"picked":"SKIP","floor":30.0},{"not_picked":["Poisoned Stab+1","Bouncing Flask+1","Slice"],"picked":"SKIP","floor":31.0},{"not_picked":["Glass Knife","Burst"],"picked":"After Image","floor":33.0},{"not_picked":["Outmaneuver+1","Slice+1","Crippling Poison"],"picked":"SKIP","floor":35},{"not_picked":["Sucker Punch","Finisher+1","Bouncing Flask"],"picked":"SKIP","floor":36},{"not_picked":["Riddle With Holes","Heel Hook","Deflect"],"picked":"SKIP","floor":38},{"not_picked":["Terror+1","Blade Dance+1"],"picked":"Accuracy","floor":39},{"not_picked":["All Out Attack+1","Venomology","Choke"],"picked":"SKIP","floor":40},{"not_picked":["Flying Knee+1","Deadly Poison","Quick Slash"],"picked":"SKIP","floor":42},{"not_picked":["Deadly Poison","Setup+1","Flechettes"],"picked":"SKIP","floor":44},{"not_picked":["Dodge and Roll+1","Catalyst"],"picked":"Infinite Blades","floor":45},{"not_picked":["Leg Sweep","Acrobatics","Sucker Punch"],"picked":"SKIP","floor":48},{"not_picked":["Masterful Stab+1","Blade Dance+1"],"picked":"Accuracy+1","floor":54}],"player_experience":1172010,"relics_obtained":[{"floor":6.0,"key":"White Beast Statue"},{"floor":8.0,"key":"Bronze Scales"},{"floor":10.0,"key":"Akabeko"},{"floor":14.0,"key":"MawBank"},{"floor":23.0,"key":"Oddly Smooth Stone"},{"floor":26.0,"key":"Blue Candle"},{"floor":27.0,"key":"Lizard Tail"},{"floor":27.0,"key":"Bottled Flame"},{"floor":28.0,"key":"TungstenRod"},{"floor":30.0,"key":"Ancient Tea Set"},{"floor":40,"key":"Vajra"},{"floor":42,"key":"Bottled Tornado"},{"floor":43,"key":"Whetstone"},{"floor":44,"key":"CaptainsWheel"},{"floor":54,"key":"Lantern"}],"event_choices":[{"damage_healed":0.0,"max_hp_gain":0.0,"max_hp_loss":0.0,"gold_gain":75.0,"event_name":"World of Goop","player_choice":"Gather Gold","floor":3.0,"gold_loss":0.0,"damage_taken":11.0},{"damage_healed":0.0,"max_hp_gain":5.0,"max_hp_loss":0.0,"gold_gain":0.0,"event_name":"Big Fish","player_choice":"Donut","floor":4.0,"gold_loss":0.0,"damage_taken":0.0},{"damage_healed":0.0,"max_hp_gain":0.0,"max_hp_loss":0.0,"gold_gain":0.0,"event_name":"Living Wall","player_choice":"Grow","floor":11.0,"gold_loss":0.0,"damage_taken":0.0,"cards_upgraded":["Accuracy"]},{"cards_removed":["Strike_G"],"damage_healed":0.0,"max_hp_gain":0.0,"max_hp_loss":0.0,"gold_gain":0.0,"event_name":"Wheel of Change","player_choice":"Card Removal","floor":19.0,"gold_loss":0.0,"damage_taken":0.0},{"damage_healed":0.0,"max_hp_gain":0.0,"max_hp_loss":0.0,"gold_gain":0.0,"event_name":"Cursed Tome","player_choice":"Ignored","floor":22.0,"gold_loss":0.0,"damage_taken":0.0},{"damage_healed":0.0,"max_hp_gain":0.0,"max_hp_loss":0.0,"gold_gain":0.0,"event_name":"Colosseum","player_choice":"Fight","floor":27.0,"gold_loss":0.0,"damage_taken":0.0},{"damage_healed":0.0,"max_hp_gain":0.0,"max_hp_loss":0.0,"gold_gain":0.0,"event_name":"Colosseum","player_choice":"Fought Nobs","floor":27.0,"gold_loss":0.0,"damage_taken":0.0},{"damage_healed":0.0,"max_hp_gain":5.0,"max_hp_loss":0.0,"gold_gain":0.0,"event_name":"Forgotten Altar","player_choice":"Shed Blood","floor":29.0,"gold_loss":0.0,"damage_taken":19.0},{"damage_healed":0,"gold_gain":0,"player_choice":"Max HP","damage_taken":0,"max_hp_gain":0,"max_hp_loss":4,"event_name":"Winding Halls","floor":37,"gold_loss":0},{"damage_healed":0,"gold_gain":0,"player_choice":"Upgraded","damage_taken":0,"max_hp_gain":0,"max_hp_loss":0,"event_name":"Upgrade Shrine","floor":46,"gold_loss":0,"cards_upgraded":["Accuracy"]}],"is_beta":false,"boss_relics":[{"not_picked":["Astrolabe","Fusion Hammer"],"picked":"WristBlade"},{"not_picked":["Philosopher\u0027s Stone","Calling Bell"],"picked":"Pandora\u0027s Box"}],"items_purged_floors":[53],"is_endless":false,"potions_floor_spawned":[2,8,10,13,14,16,18,20,21,23,25,27,27,28,30,31,33,35,36,38,39,40,42,44,45,48,54],"ascension_level":1}}