{"host":"gc6vr5n3q8f0hswe","time":1612475445,"event":{"mods":["Act Like it!","Aspiration","BaseMod","Better Altar","Better Sensory Stone","Better Third Choice","Block Reminder","Conspire","Fox Events","Gensokyo","Hallownest","Highlight Path","Hubris","Infinite Spire","Jedi Mod","Lobotomy","LobotomyExtend","MarisaÅiñ∂âJÅ@ñÇóùçπÅj","Minty Spire (QoL Compilation)","Pale of the Ancients","Relic Stats","Reliquary","Replay The Spire","Somnambulant","StSLib","The Alterego","The Blue Laboratory","The Bug Knight","The Jungle","The Poker Player","The Wild Card","Uncapped","Wandering Minibosses"],"gold_per_floor":[109,34,53,30,45,271,271,271,271],"floor_reached":8,"language":"ENG","playtime":653,"items_purged":[],"score":58,"play_id":"b10a469a-a36d-4ee1-8fed-81eb879f1f20","local_time":"20210204215045","is_ascension_mode":true,"campfire_choices":[{"floor":7,"key":"REST"}],"circlet_count":0,"master_deck":["somnambulantmod: SomnambulantStrike","somnambulantmod: SomnambulantStrike","somnambulantmod: SomnambulantStrike","somnambulantmod: SomnambulantStrike","somnambulantmod: SomnambulantStrike","somnambulantmod: Defend_Somnambulant+1","somnambulantmod: Defend_Somnambulant","somnambulantmod: Defend_Somnambulant","somnambulantmod: Defend_Somnambulant","somnambulantmod: Defend_Somnambulant","somnambulantmod: QuickNap","somnambulantmod: PrimingPunch+1","somnambulantmod: TrepanningBlow","somnambulantmod: HeavyLids","somnambulantmod: Bruise","somnambulantmod: Mindlessness","somnambulantmod: MindWave","somnambulantmod: MuscleMemory"],"relics":["somnambulantmod: DreamJournal","LetterFromLob","Counterbalance"],"acts_visited":["Exordium"],"potions_floor_usage":[],"damage_taken":[{"damage":2,"enemies":"Gensokyo:2_Kodama","floor":1,"turns":3},{"damage":18,"enemies":"Gensokyo:Gryphon","floor":3,"turns":5},{"damage":9,"enemies":"Gensokyo:Python","floor":5,"turns":4},{"damage":36,"enemies":"Gensokyo:Aya","floor":6,"turns":8},{"damage":28,"enemies":"Gensokyo:Cirno","floor":8,"turns":11}],"seed_played":"-7501373106800330162","potions_obtained":[{"floor":6,"key":"blueLaboratory:BottleOfVodka"}],"is_trial":false,"path_per_floor":["M","COS","M","$","M","E","R","E"],"character_chosen":"THE_SOMNAMBULANT","items_purchased":["somnambulantmod: Bruise"],"campfire_rested":1,"item_purchase_floors":[4],"current_hp_per_floor":[68,68,50,50,41,5,28,0,0],"gold":271,"neow_bonus":"UPGRADE_CARD","is_daily":false,"chose_seed":false,"campfire_upgraded":0,"win_rate":0.0,"timestamp":1612475445,"path_taken":["M","COS","M","$","M","E","R","E"],"items_purchased_type":["Card"],"build_version":"2020-12-22","purchased_purges":0,"victory":false,"max_hp_per_floor":[70,70,70,70,70,70,72,72,72],"relic_stats":{"counters":[5,31],"obtain_stats":[{"Counterbalance":6,"somnambulantmod: DreamJournal":0,"LetterFromLob":1},{"Counterbalance":4,"somnambulantmod: DreamJournal":0,"LetterFromLob":1},{"Counterbalance":20,"somnambulantmod: DreamJournal":0,"LetterFromLob":3}]},"card_choices":[{"not_picked":["somnambulantmod: Harden","somnambulantmod: HeadSmack"],"picked":"somnambulantmod: TrepanningBlow","floor":1},{"not_picked":["somnambulantmod: Bruise","somnambulantmod: PourItOut"],"picked":"somnambulantmod: HeavyLids","floor":3},{"not_picked":["somnambulantmod: Narcolepsy","somnambulantmod: NewDawn"],"picked":"somnambulantmod: Mindlessness","floor":5},{"not_picked":["somnambulantmod: BadIdea","somnambulantmod: RacingThoughts"],"picked":"somnambulantmod: MindWave","floor":5},{"not_picked":["somnambulantmod: NightHaunts","somnambulantmod: TrepanningBlow"],"picked":"somnambulantmod: MuscleMemory","floor":6}],"player_experience":479786,"relics_obtained":[{"floor":1,"key":"LetterFromLob"},{"floor":6,"key":"Counterbalance"}],"event_choices":[],"is_beta":false,"boss_relics":[],"items_purged_floors":[],"is_endless":false,"potions_floor_spawned":[6],"killed_by":"Gensokyo:Cirno","ascension_level":1}}