{"host":"o1scrl1hgy598kuq","time":1612432622,"event":{"mods":["BaseMod","Colored Map","Colored Powertips","Minty Spire (QoL Compilation)","Remilia??????","Replay The Spire","Shop Mod","StSLib","The Jungle","The Marked","The Servant 0.9.4"],"gold_per_floor":[113,113,131,149,149,149,159,194,221,221,31,44,61,73,73,170,170,180,196,81,93,104,104,118,118,118,131,131,131,131],"floor_reached":29,"language":"ENG","playtime":1612,"items_purged":["theMarked:Defend","theMarked:Strike"],"score":231,"play_id":"d87e8227-b30d-485f-bba8-b7eaa10a1827","local_time":"20210204035702","is_ascension_mode":false,"campfire_choices":[{"data":"theMarked:EmpowerWeapon","floor":6,"key":"SMITH"},{"data":"theMarked:ComboAttacks","floor":15,"key":"SMITH"},{"data":"theMarked:Reabsorb","floor":23,"key":"SMITH"},{"floor":25,"key":"REST"}],"circlet_count":0,"master_deck":["theMarked:Strike","theMarked:Strike+1","theMarked:Defend+1","theMarked:Defend+1","theMarked:Defend+1","theMarked:SoldierOfQuellstein","theMarked:ThrowWeapon+1","theMarked:Reabsorb+1","theMarked:EmpowerWeapon+1","theMarked:Aftermath","theMarked:ComboAttacks+1","theMarked:OneWithTheBlade","theMarked:FavorableWinds","theMarked:RepellingDischarge","theMarked:Static","theMarked:MuscleMemory"],"relics":["theMarked:ArtifactOfAir","Lantern","Membership Card","MerchantsRug","Replay:Bottled Eggs","Replay:Rubber Ducky"],"acts_visited":["Exordium","Exordium"],"potions_floor_usage":[8,8,16,16,18,19,22,24,27,29],"damage_taken":[{"damage":2,"enemies":"2 Louse","floor":1,"turns":3},{"damage":6,"enemies":"Jaw Worm","floor":3,"turns":3},{"damage":10,"enemies":"Small Slimes","floor":4,"turns":2},{"damage":6,"enemies":"Red Slaver","floor":7,"turns":3},{"damage":22,"enemies":"3 Sentries","floor":8,"turns":6},{"damage":0,"enemies":"Looter","floor":12,"turns":1},{"damage":0,"enemies":"Blue Slaver","floor":13,"turns":1},{"damage":14,"enemies":"2 Fungi Beasts","floor":14,"turns":4},{"damage":47,"enemies":"Fading Forest","floor":16,"turns":11},{"damage":0,"enemies":"Shell Parasite","floor":18,"turns":1},{"damage":13,"enemies":"theJungle:5_Spyders","floor":19,"turns":5},{"damage":15,"enemies":"theJungle:JungleHuntersEncounter","floor":21,"turns":5},{"damage":12,"enemies":"theJungle:Snecko_Cultist_And_Trap","floor":22,"turns":8},{"damage":29,"enemies":"theJungle:SlimyTreeVines","floor":24,"turns":10},{"damage":26,"enemies":"theJungle:2_Snecko_Cultists","floor":27,"turns":3},{"damage":10,"enemies":"theJungle:MamaSnecko","floor":29,"turns":5}],"seed_played":"8289317520521757432","potions_obtained":[{"floor":1,"key":"Elixir"},{"floor":3,"key":"BlessingOfTheForge"},{"floor":4,"key":"SpeedPotion"},{"floor":13,"key":"LiquidBronze"},{"floor":14,"key":"Strength Potion"},{"floor":16,"key":"theMarked:SummonPotion"},{"floor":18,"key":"Explosive Potion"},{"floor":21,"key":"Swift Potion"},{"floor":24,"key":"ColorlessPotion"},{"floor":27,"key":"CultistPotion"}],"is_trial":false,"path_per_floor":["M","?","M","M","?","R","M","E","T","?","$","M","M","M","R","B",null,"M","M","$","M","M","R","M","R","T","M","?","E"],"character_chosen":"THE_DEFAULT","items_purchased":["Membership Card","MerchantsRug"],"campfire_rested":1,"item_purchase_floors":[11,20],"current_hp_per_floor":[68,68,62,52,45,45,39,17,17,70,70,70,70,56,56,25,70,70,57,57,42,30,30,7,28,28,2,2,0,0],"gold":131,"neow_bonus":"ONE_RANDOM_RARE_CARD","is_daily":false,"chose_seed":false,"campfire_upgraded":3,"win_rate":0.0,"timestamp":1612432622,"path_taken":["M","?","M","M","?","R","M","E","T","?","$","M","?","M","R","BOSS","M","M","$","M","M","R","M","R","T","M","?","E"],"items_purchased_type":["Relic","Relic"],"build_version":"2020-12-22","purchased_purges":2,"victory":false,"max_hp_per_floor":[70,70,70,70,70,70,70,70,70,70,70,70,70,70,70,70,70,70,70,70,70,70,70,70,70,70,70,70,70,70],"card_choices":[{"not_picked":["theMarked:HeightenedSenses","theMarked:Aftermath"],"picked":"theMarked:Reabsorb","floor":1},{"not_picked":["theMarked:BanishingStrike","theMarked:Indomitable","theMarked:LightningStrikesTwice"],"picked":"SKIP","floor":3},{"not_picked":["theMarked:Standoff","theMarked:ElectricStrings"],"picked":"theMarked:EmpowerWeapon","floor":4},{"not_picked":["theMarked:Memento","theMarked:WastefulAttack","theMarked:HeightenedSenses"],"picked":"SKIP","floor":7},{"not_picked":["theMarked:WardOff","theMarked:Friction"],"picked":"theMarked:Aftermath","floor":8},{"not_picked":["theMarked:RepellingDischarge","theMarked:ResourceFulStrike"],"picked":"theMarked:ComboAttacks","floor":12},{"not_picked":["theMarked:Standoff","theMarked:ShockingTouch","theMarked:Indomitable"],"picked":"SKIP","floor":13},{"not_picked":["theMarked:EmpowerWeapon","theMarked:RepellingDischarge"],"picked":"theMarked:OneWithTheBlade","floor":14},{"not_picked":["theMarked:Toughness","theMarked:BindingBlade"],"picked":"theMarked:FavorableWinds","floor":16},{"not_picked":["theMarked:Improvise","theMarked:ResourceFulStrike"],"picked":"theMarked:RepellingDischarge","floor":18},{"not_picked":["theMarked:Standoff","theMarked:WastefulAttack"],"picked":"theMarked:Static","floor":19},{"not_picked":["theMarked:EmpowerWeapon+1","theMarked:Frustration"],"picked":"theMarked:ParalyzingBlade","floor":21},{"not_picked":["theMarked:DispelDoubt","theMarked:Friction+1","theMarked:WardOff"],"picked":"SKIP","floor":22},{"not_picked":["theMarked:Memento","theMarked:ChainLightning+1"],"picked":"theMarked:MuscleMemory","floor":24},{"not_picked":["theMarked:Memento","theMarked:MysticalArsenal","theMarked:HeightenedSenses"],"picked":"SKIP","floor":27}],"player_experience":251606,"relics_obtained":[{"floor":8,"key":"Whetstone"},{"floor":9,"key":"Lantern"},{"floor":26,"key":"Replay:Bottled Eggs"}],"event_choices":[{"cards_removed":["theMarked:Strike"],"damage_healed":0,"gold_gain":0,"player_choice":"Forget","damage_taken":0,"max_hp_gain":0,"max_hp_loss":0,"event_name":"Living Wall","floor":2,"gold_loss":0},{"cards_removed":["theMarked:Strike"],"damage_healed":0,"gold_gain":0,"player_choice":"Card Removal","damage_taken":7,"max_hp_gain":0,"max_hp_loss":0,"event_name":"Golden Wing","floor":5,"gold_loss":0},{"damage_healed":53,"gold_gain":0,"player_choice":"Full Heal","damage_taken":0,"max_hp_gain":0,"max_hp_loss":0,"event_name":"Wheel of Change","floor":10,"gold_loss":0},{"cards_removed":["theMarked:ParalyzingBlade"],"damage_healed":0,"gold_gain":0,"player_choice":"Gave Card","damage_taken":0,"relics_obtained":["Replay:Rubber Ducky"],"max_hp_gain":0,"max_hp_loss":0,"event_name":"WeMeetAgain","floor":28,"gold_loss":0}],"is_beta":false,"boss_relics":[{"not_picked":["Coffee Dripper","Ectoplasm","ChewingGum"]}],"items_purged_floors":[11,20],"is_endless":false,"potions_floor_spawned":[1,3,4,13,14,16,18,21,24,27],"killed_by":"theJungle:MamaSnecko","ascension_level":0}}