{"host":"06x7ibqulglyn97c","time":1612430844,"event":{"mods":["AchievementEnabler","BaseMod","Minty Spire (QoL Compilation)","Rare Cards Sparkle","Relic Sorter","Relic Stats","StSLib","The Awakened One except there are too many feathers"],"gold_per_floor":[114,133,133,150,150,150,68,82,82,102,102,118,44,54,54,156,156,171,184,184,199,96,96,109,109,109,127,52,52,4,14,14,14,14],"floor_reached":33,"language":"ENG","playtime":1760,"items_purged":["Tactician"],"score":253,"play_id":"78916b66-91b2-47d3-a3ce-1aaf5dc505d7","local_time":"20210204092724","is_ascension_mode":true,"campfire_choices":[{"data":"Glass Knife","floor":6.0,"key":"SMITH"},{"data":"Footwork","floor":11.0,"key":"SMITH"},{"data":"Leg Sweep","floor":15.0,"key":"SMITH"},{"floor":23,"key":"REST"},{"floor":25,"key":"REST"},{"floor":32,"key":"REST"}],"circlet_count":0,"master_deck":["Survivor","Neutralize","Phantasmal Killer+1","Blade Dance","Blade Dance","Flechettes","Expertise","Flechettes","Glass Knife+1","Underhanded Strike","Sucker Punch","Leg Sweep+1","Footwork+1","Cloak And Dagger","Infinite Blades","A Thousand Cuts","Cloak And Dagger","Accuracy","Backflip","Footwork","Backflip"],"relics":["Pandora\u0027s Box"],"acts_visited":["Exordium","TheCity"],"potions_floor_usage":[27,33],"damage_taken":[{"damage":0.0,"enemies":"Small Slimes","floor":1.0,"turns":2.0},{"damage":8.0,"enemies":"Jaw Worm","floor":2.0,"turns":2.0},{"damage":0.0,"enemies":"Cultist","floor":4.0,"turns":2.0},{"damage":0.0,"enemies":"Looter","floor":8.0,"turns":2.0},{"damage":0.0,"enemies":"Large Slime","floor":10.0,"turns":3.0},{"damage":14.0,"enemies":"Exordium Thugs","floor":12.0,"turns":5.0},{"damage":0.0,"enemies":"Blue Slaver","floor":14.0,"turns":2.0},{"damage":36.0,"enemies":"The Guardian","floor":16.0,"turns":11.0},{"damage":23.0,"enemies":"2 Thieves","floor":18.0,"turns":4.0},{"damage":6.0,"enemies":"3 Byrds","floor":19.0,"turns":4.0},{"damage":9,"enemies":"Snecko","floor":21,"turns":4},{"damage":23,"enemies":"Snake Plant","floor":24,"turns":6},{"damage":21,"enemies":"Shelled Parasite and Fungi","floor":27,"turns":4},{"damage":6,"enemies":"Snecko","floor":31,"turns":7},{"damage":25,"enemies":"Collector","floor":33,"turns":6}],"seed_played":"-3123590586759778488","potions_obtained":[{"floor":2.0,"key":"DistilledChaos"},{"floor":8.0,"key":"ColorlessPotion"},{"floor":12.0,"key":"Fire Potion"},{"floor":21,"key":"FearPotion"},{"floor":24,"key":"Swift Potion"}],"is_trial":false,"path_per_floor":["M","M","?","M","$","R","$","M","T","M","R","M","$","M","R","B",null,"M","M","?","M","$","R","M","R","T","M","$","?","$","M","R","B"],"character_chosen":"THE_SILENT","items_purchased":["Footwork","Cloak And Dagger","Infinite Blades","Backflip","Footwork","Backflip"],"campfire_rested":3,"item_purchase_floors":[7,7,13,22,22,30],"current_hp_per_floor":[70,62,62,62,62,62,62,62,62,62,62,48,48,48,48,12,70,47,41,34,25,25,46,23,44,44,23,23,23,23,17,38,13,13],"gold":14,"neow_bonus":"BOSS_RELIC","is_daily":false,"chose_seed":false,"campfire_upgraded":3,"win_rate":0.0,"timestamp":1612430844,"path_taken":["M","M","?","M","?","R","$","M","T","M","R","M","$","M","R","BOSS","M","M","?","M","$","R","?","R","T","M","$","?","$","M","R","BOSS"],"items_purchased_type":["Card","Card","Card","Card","Card","Card"],"build_version":"2020-12-22","purchased_purges":1,"victory":false,"max_hp_per_floor":[70,70,70,70,70,70,70,70,70,70,70,70,70,70,70,70,70,70,70,70,70,70,70,70,70,70,70,70,70,70,70,70,70,70],"relic_stats":{"counters":[15,64],"Pandora\u0027s Box":["Phantasmal Killer","Blade Dance","Tactician","Blade Dance","Flechettes","Expertise","Flechettes","Glass Knife","Underhanded Strike","Sucker Punch"],"obtain_stats":[{"Pandora\u0027s Box":0,"Ring of the Snake":0},{"Pandora\u0027s Box":0,"Ring of the Snake":0},{"Pandora\u0027s Box":0,"Ring of the Snake":0}]},"card_choices":[{"not_picked":["Flying Knee","Prepared","Acrobatics"],"picked":"SKIP","floor":1.0},{"not_picked":["Finisher","Concentrate","Acrobatics"],"picked":"SKIP","floor":2.0},{"not_picked":["Bane","Blur"],"picked":"Leg Sweep","floor":4.0},{"not_picked":["Dodge and Roll","Crippling Poison","Underhanded Strike"],"picked":"SKIP","floor":8.0},{"not_picked":["Prepared","Quick Slash","Flying Knee"],"picked":"SKIP","floor":10.0},{"not_picked":["Leg Sweep","Underhanded Strike","Outmaneuver"],"picked":"SKIP","floor":12.0},{"not_picked":["Outmaneuver","Poisoned Stab","Skewer"],"picked":"SKIP","floor":14.0},{"not_picked":["Tools of the Trade","Wraith Form v2"],"picked":"A Thousand Cuts","floor":16.0},{"not_picked":["Accuracy","Dash+1"],"picked":"Cloak And Dagger","floor":18.0},{"not_picked":["Outmaneuver+1","Blade Dance","PiercingWail"],"picked":"SKIP","floor":19.0},{"not_picked":["Flying Knee","Burst"],"picked":"Accuracy","floor":21},{"not_picked":["Prepared","Blade Dance","Flying Knee"],"picked":"SKIP","floor":24},{"not_picked":["Crippling Poison","Underhanded Strike","Night Terror"],"picked":"SKIP","floor":27},{"not_picked":["Blade Dance","PiercingWail","Backflip"],"picked":"SKIP","floor":31}],"player_experience":671769,"relics_obtained":[],"event_choices":[{"damage_healed":0.0,"max_hp_gain":0.0,"max_hp_loss":0.0,"gold_gain":0.0,"event_name":"Living Wall","player_choice":"Grow","floor":3.0,"gold_loss":0.0,"damage_taken":0.0,"cards_upgraded":["Phantasmal Killer"]},{"damage_healed":0.0,"max_hp_gain":0.0,"max_hp_loss":0.0,"gold_gain":0.0,"event_name":"Wheel of Change","player_choice":"Damaged","floor":20.0,"gold_loss":0.0,"damage_taken":7.0},{"damage_healed":0,"gold_gain":0,"player_choice":"Ignored","damage_taken":0,"max_hp_gain":0,"max_hp_loss":0,"event_name":"The Mausoleum","floor":29,"gold_loss":0}],"is_beta":false,"boss_relics":[{"not_picked":["Calling Bell","Cursed Key","Philosopher\u0027s Stone"]}],"items_purged_floors":[28],"is_endless":false,"potions_floor_spawned":[2,8,12,21,24],"killed_by":"Collector","ascension_level":1}}