{"host":"xp5rvh2jwe2ejyfm","time":1612399995,"event":{"mods":["Aspiration","BaseMod","BetterRewards","Colored Powertips","Conspire","Downfall","GifTheSpireLib","Gremlin Mod","Hermit","Hubris","Jorbs\u0027s Wanderer Trilogy","Minty Spire (QoL Compilation)","Replay The Spire","Robot Space Explorer","Shade Mod","Somnambulant","StSLib","The Bug Knight","The Clintock","The Construct","The Cursed","The Disciple","The Forsaken","The Hierophant","The Necromancer","The Runesmith","The Servant 0.9.4","The Valiant","The Witch","thorton"],"gold_per_floor":[110,130,11,28,28,63,63,63,63,63,77,77,77,93,93,192,192,209,226,241,254,254,286,29,48,48,63,91,104,23,122,122,219,219,235,1,1,17,17,17,17],"floor_reached":40,"language":"ENG","playtime":1521,"items_purged":[],"score":553,"play_id":"48777f45-5f3d-4792-baeb-b1774bcf0725","local_time":"20210203195315","is_ascension_mode":false,"campfire_choices":[{"floor":8,"key":"RECALL"},{"data":"Shade:AnimateDead","floor":10,"key":"SMITH"},{"data":"Shade:CallWraith","floor":13,"key":"SMITH"},{"data":"Shade:SensePrey","floor":15,"key":"SMITH"},{"floor":32,"key":"REST"}],"circlet_count":0,"master_deck":["Shade:Strike_Shade","Shade:Strike_Shade","Shade:Strike_Shade","Shade:Strike_Shade","Shade:Defend_Shade","Shade:Defend_Shade","Shade:Defend_Shade","Shade:Defend_Shade","Shade:AnimateDead+1","Shade:CarefulCut","Shade:CallWraith+1","Shade:Carnophage","Shade:CallWraith+1","Slimebound:ViciousTackle","Shade:CloudOfShrapnel","Shade:Brains","Shade:SensePrey+1","Slimebound:MassFeed","Shade:Brains+1","Shade:SensePrey","Shade:FreshBones+1","Shade:Trample","Shade:FreshBones+1","Apotheosis","Shade:OpenGraves","Shade:Bonestorm","Shade:OpenGraves","Shade:GraveStillness","Shade:GraveStillness","Shade:ExtraLimbs+1","Shade:AuraOfUnlife","Shade:OminousRitual","Shade:Bonestorm+1","Shade:SoulPierce","Shade:FeralStrike","Shade:LoseControl","Shade:LyeBath","Shade:FingerOfDeath+1"],"relics":["Shade:YorickSkull","aspiration:Nostalgia","m_BurningSludge","hubris:Towel","Replay:Ringing Soul","conspire:BottledYoYo","construct:WeddingRing","MutagenicStrength","Replay:Baseball","MealTicket","hubris:EmptyBottle"],"acts_visited":["Exordium","TheCity","TheBeyond"],"potions_floor_usage":[4,18,27,28,28,38,38,38,40,40,40,40,40],"damage_taken":[{"damage":2,"enemies":"Jaw Worm","floor":1,"turns":3},{"damage":5,"enemies":"Small Slimes","floor":2,"turns":2},{"damage":11,"enemies":"Cultist","floor":4,"turns":4},{"damage":27,"enemies":"Lagavulin","floor":6,"turns":6},{"damage":6,"enemies":"3 Louse","floor":11,"turns":2},{"damage":14,"enemies":"Lots of Slimes","floor":14,"turns":3},{"damage":30,"enemies":"Hexaghost","floor":16,"turns":12},{"damage":12,"enemies":"2 Thieves","floor":18,"turns":4},{"damage":5,"enemies":"3 Byrds","floor":19,"turns":4},{"damage":10,"enemies":"Centurion and Healer","floor":20,"turns":5},{"damage":5,"enemies":"Cultist and Chosen","floor":21,"turns":5},{"damage":11,"enemies":"Book of Stabbing","floor":23,"turns":4},{"damage":22,"enemies":"Shelled Parasite and Fungi","floor":25,"turns":5},{"damage":0,"enemies":"3 Cultists","floor":27,"turns":3},{"damage":33,"enemies":"Slavers","floor":28,"turns":5},{"damage":5,"enemies":"Snake Plant","floor":29,"turns":4},{"damage":10,"enemies":"conspire:MysteriousRune","floor":33,"turns":9},{"damage":29,"enemies":"3 Darklings","floor":35,"turns":6},{"damage":33,"enemies":"Orb Walker","floor":38,"turns":4},{"damage":114,"enemies":"Giant Head","floor":40,"turns":9}],"seed_played":"-8216031449131488732","potions_obtained":[{"floor":1,"key":"champ:CounterPotion"},{"floor":4,"key":"Fruit Juice"},{"floor":16,"key":"Explosive Potion"},{"floor":19,"key":"Explosive Potion"},{"floor":20,"key":"hexamod:SoulburnPotion"},{"floor":29,"key":"ColorlessPotion"}],"is_trial":false,"path_per_floor":["M","M","$","M","?","E","?","R","T","R","M","?","R","M","R","B",null,"M","M","M","M","?","E","$","M","T","M","E","M","$","?","R","B",null,"M","$","?","M","$","E"],"character_chosen":"SHADE","items_purchased":["Shade:Carnophage","Shade:CallWraith+1","Apotheosis","Shade:OpenGraves","Shade:Bonestorm","Shade:AuraOfUnlife","Shade:SoulPierce","hubris:EmptyBottle"],"campfire_rested":1,"item_purchase_floors":[3,3,24,24,24,30,36,36],"current_hp_per_floor":[63,58,58,52,52,28,73,73,73,73,70,70,70,59,59,32,82,76,74,70,68,68,60,63,44,44,47,17,18,36,36,73,66,127,105,123,126,96,111,0,0],"gold":17,"neow_bonus":"NOSTALGIA","is_daily":false,"chose_seed":false,"campfire_upgraded":3,"win_rate":0.0,"timestamp":1612399995,"path_taken":["M","M","$","M","?","E","?","R","T","R","?","?","R","?","R","BOSS","M","M","?","M","?","E","$","M","T","M","E","M","$","?","R","BOSS","M","$","?","M","$","E"],"items_purchased_type":["Card","Card","Card","Card","Card","Card","Card","Relic"],"build_version":"2020-12-22","purchased_purges":0,"victory":false,"max_hp_per_floor":[65,65,65,70,70,73,73,73,73,73,76,76,76,79,79,82,82,88,91,97,100,100,103,106,109,109,112,115,121,124,124,124,127,127,134,137,140,143,143,143,143],"card_choices":[{"not_picked":["Shade:StitchTogether","Shade:ExtraLimbs"],"picked":"Shade:CallWraith","floor":1},{"not_picked":["Shade:FreshBones","Shade:SpontaneousRitual"],"picked":"Shade:CallWraith","floor":2},{"not_picked":["Shade:RitualOffering","Shade:Premonition"],"picked":"Slimebound:ViciousTackle","floor":4},{"not_picked":["Shade:GreyBargain","Shade:FeralStrike"],"picked":"Shade:CloudOfShrapnel","floor":6},{"not_picked":["Shade:Doomsay","Shade:Asphyxiate"],"picked":"Shade:Brains","floor":11},{"not_picked":["Shade:AblativeArmor","Shade:FeralStrike"],"picked":"Shade:SensePrey","floor":14},{"not_picked":["Offering","Hemogenesis"],"picked":"Slimebound:MassFeed","floor":16},{"not_picked":["Shade:SkeletonHug+1","Shade:FleshLikeOak"],"picked":"Shade:Brains+1","floor":18},{"not_picked":["Shade:Bite_Shade","Shade:LoseControl"],"picked":"Shade:SensePrey","floor":19},{"not_picked":["Shade:SpectralStrikes","Shade:AncientSpear"],"picked":"Shade:FreshBones+1","floor":20},{"not_picked":["Shade:FingerOfDeath+1","Shade:Bonestorm"],"picked":"Shade:Trample","floor":21},{"not_picked":["Shade:CommandSoldier","Shade:WallOfFlesh"],"picked":"Shade:FreshBones+1","floor":23},{"not_picked":["Shade:Brains","Shade:PoundOfFlesh+1"],"picked":"Shade:OpenGraves","floor":25},{"not_picked":["Shade:Asphyxiate","Shade:Frenzy"],"picked":"Shade:GraveStillness","floor":27},{"not_picked":["Shade:OminousRitual","Shade:SkeletonHug+1"],"picked":"Shade:GraveStillness","floor":28},{"not_picked":["Shade:BoneShards","Shade:Premonition"],"picked":"Shade:ExtraLimbs+1","floor":29},{"not_picked":["Shade:DarkOfNight","Shade:Tombstone"],"picked":"Shade:OminousRitual","floor":33},{"not_picked":["Shade:CommandSoldier+1","Shade:WallOfFlesh+1"],"picked":"Shade:Bonestorm+1","floor":35},{"not_picked":["Shade:CommandSoldier+1","Shade:GreyBargain+1"],"picked":"Shade:FingerOfDeath+1","floor":38}],"player_experience":411718,"relics_obtained":[{"floor":6,"key":"Replay:Ringing Soul"},{"floor":9,"key":"conspire:BottledYoYo"},{"floor":23,"key":"Replay:Baseball"},{"floor":28,"key":"MealTicket"}],"event_choices":[{"cards_removed":["Shade:CallWraith"],"damage_healed":45,"gold_gain":0,"player_choice":"Offered Uncommon","damage_taken":0,"max_hp_gain":0,"max_hp_loss":0,"event_name":"Bonfire Elementals","floor":7,"gold_loss":0},{"damage_healed":0,"gold_gain":0,"player_choice":"Ignored","damage_taken":0,"max_hp_gain":0,"max_hp_loss":0,"event_name":"Purifier","floor":12,"gold_loss":0},{"damage_healed":0,"gold_gain":0,"player_choice":"Inject Mutagens","damage_taken":0,"relics_obtained":["MutagenicStrength"],"max_hp_gain":0,"max_hp_loss":0,"event_name":"Drug Dealer","floor":22,"gold_loss":0},{"damage_healed":0,"gold_gain":99,"player_choice":"Stole From Cult","damage_taken":0,"max_hp_gain":0,"max_hp_loss":0,"event_name":"Nest","floor":31,"gold_loss":0},{"damage_healed":0,"gold_gain":0,"player_choice":"3 cards matched","damage_taken":0,"max_hp_gain":0,"max_hp_loss":0,"event_name":"Match and Keep!","floor":37,"gold_loss":0,"cards_obtained":["Shade:FeralStrike","Shade:LoseControl","Shade:LyeBath"]}],"is_beta":false,"boss_relics":[{"not_picked":["Replay:Grab Bag","Runesmith:UraniumAnvil"],"picked":"construct:WeddingRing"},{"not_picked":["Replay:Wanted Poster","hubris:BlackHole","aspiration:WatcherSkillbook"]}],"items_purged_floors":[],"is_endless":false,"potions_floor_spawned":[1,4,16,19,20,23,25,29,38],"killed_by":"Giant Head","ascension_level":0}}