{"host":"dscols65uipasqd2","time":1612415504,"event":{"mods":["2.2 Compatiblity","AchievementEnabler","Aspiration","BaseMod","Colored Powertips","Downfall","Energized Spire","GifTheSpireLib","Hermit","Hubris","Infinite Spire","JesterMod","Jorbs\u0027s Wanderer Trilogy","Marisa????????","Minty Spire (QoL Compilation)","Rare Cards Sparkle","Replay The Spire","StSLib","Stuff the Spire","The Cursed","The Disciple","The Hierophant","The Judge","The Jungle","The Runesmith","TheFirefly"],"gold_per_floor":[99,99,199,199,217,246,272,172,184,184,211,222,240,257,269,269,269,269],"floor_reached":16,"language":"ENG","playtime":770,"items_purged":[],"score":223,"play_id":"8321e98c-9a6b-42a0-b950-43f508669318","local_time":"20210204001144","is_ascension_mode":true,"campfire_choices":[{"floor":8,"key":"REST"},{"floor":10,"key":"REST"}],"circlet_count":0,"master_deck":["bronze:Strike","bronze:Strike","bronze:Strike","bronze:Strike","bronze:Defend","bronze:Defend","bronze:Defend","bronze:Defend","bronze:Replicate","bronze:Goto","Normality","hubris:Sloth","infinitespire:SevenWalls","Amnesia","bronze:BurnOut","hubris:Wrath","hubris:Gluttony","bronze:Boost","bronze:Repair","Hallucinations","Normality","bronze:WildBeam","bronze:Overload","bronze:ClassDefault","bronze:Branch","bronze:Allocate","bronze:Optimize"],"relics":["bronze:BronzeCore","Orichalcum","downfall:ExtraCursedKey","bronze:BottledCode","infinitespire:Joker Card","downfall:HeartBlessingBlue","Ornamental Fan"],"acts_visited":["Exordium"],"potions_floor_usage":[6,6,6,16,16],"damage_taken":[{"damage":8,"enemies":"2 Louse","floor":5,"turns":4},{"damage":32,"enemies":"3 Sentries","floor":6,"turns":7},{"damage":7,"enemies":"Jaw Worm","floor":9,"turns":5},{"damage":32,"enemies":"Lagavulin","floor":11,"turns":6},{"damage":0,"enemies":"Cultist","floor":12,"turns":3},{"damage":8,"enemies":"2 Fungi Beasts","floor":13,"turns":3},{"damage":21,"enemies":"Exordium Wildlife","floor":14,"turns":5},{"damage":21,"enemies":"Exordium Thugs","floor":15,"turns":7},{"damage":27,"enemies":"DF_ARCHETYPE_STREAMLINE","floor":16,"turns":6}],"seed_played":"-7431946231821963904","potions_obtained":[{"floor":1,"key":"SkillPotion"},{"floor":1,"key":"SneckoOil"},{"floor":5,"key":"Swift Potion"},{"floor":14,"key":"Weak Potion"},{"floor":15,"key":"Strength Potion"}],"is_trial":false,"path_per_floor":["R","?","?","?","M","E","T","R","M","R","E","M","M","M","M","B"],"character_chosen":"THE_AUTOMATON","items_purchased":[],"campfire_rested":2,"item_purchase_floors":[],"current_hp_per_floor":[70,70,75,65,57,25,25,57,57,75,43,43,35,21,7,0,0,0],"gold":269,"neow_bonus":"RANDOM_COMMON_RELIC","is_daily":false,"chose_seed":false,"campfire_upgraded":0,"win_rate":0.0,"timestamp":1612415504,"path_taken":["R","?","?","?","?","E","T","R","M","R","E","M","M","M","M","BOSS"],"items_purchased_type":[],"build_version":"2020-12-22","purchased_purges":0,"victory":false,"max_hp_per_floor":[70,70,75,65,65,65,65,75,75,75,75,75,75,75,75,75,75,75],"card_choices":[{"not_picked":["infinitespire:FinalStrike","hubris:InfiniteBlow"],"picked":"infinitespire:SevenWalls","floor":2},{"not_picked":["bronze:Turbo","bronze:Constructor"],"picked":"bronze:Boost","floor":5},{"not_picked":["bronze:BuggyMess","bronze:FollowUp"],"picked":"bronze:Repair","floor":6},{"not_picked":["bronze:Shield","bronze:NullPointer"],"picked":"bronze:WildBeam","floor":9},{"not_picked":["bronze:DelayedSlice","bronze:Allocate"],"picked":"bronze:Overload","floor":11},{"not_picked":["bronze:WhirlingStrike","bronze:WildBeam"],"picked":"bronze:ClassDefault","floor":12},{"not_picked":["bronze:FineTuning","bronze:ChildClass"],"picked":"bronze:Branch","floor":13},{"not_picked":["bronze:Optimize","bronze:BitShift"],"picked":"bronze:Allocate","floor":14},{"not_picked":["bronze:CutThrough","bronze:BuggyMess"],"picked":"bronze:Optimize","floor":15}],"player_experience":583577,"relics_obtained":[{"floor":6,"key":"infinitespire:Joker Card"},{"floor":11,"key":"Ornamental Fan"}],"event_choices":[],"is_beta":false,"boss_relics":[],"items_purged_floors":[],"is_endless":false,"potions_floor_spawned":[5,14,15],"killed_by":"DF_ARCHETYPE_STREAMLINE","ascension_level":2}}