{"host":"eaiphzh066bwqdh7","time":1612404295,"event":{"mods":["BaseMod","Better Note","Halation","Hubris","Minty Spire (QoL Compilation)","Reliquary","Replay The Spire","StSLib"],"gold_per_floor":[115,115,182,194,213,213,225,150,150,200,200,250,250,317,317,416,416,431,447,497,547,547],"floor_reached":21,"language":"ENG","playtime":650,"items_purged":["Defend_P"],"score":197,"play_id":"c87c5da5-58cb-4245-8461-d438b73a8bb9","local_time":"20210203210455","is_ascension_mode":true,"campfire_choices":[{"floor":6,"key":"REST"},{"floor":11,"key":"REST"},{"floor":13,"key":"REST"},{"data":"Eruption","floor":15,"key":"SMITH"}],"circlet_count":0,"master_deck":["Strike_P","Strike_P","Strike_P","Strike_P+1","Defend_P","Defend_P+1","Defend_P","Eruption+1","Vigilance","Prostrate","Scrawl","Establishment","Prostrate","PathToVictory"],"relics":["PureWater","SsserpentHead","reliquary:BallBearing","halation:LoveArrow","Nloth\u0027s Gift"],"acts_visited":["Exordium","TheCity"],"potions_floor_usage":[16,18,18,21],"damage_taken":[{"damage":0,"enemies":"2 Louse","floor":1,"turns":1},{"damage":0,"enemies":"Cultist","floor":3,"turns":1},{"damage":0,"enemies":"Small Slimes","floor":4,"turns":1},{"damage":18,"enemies":"3 Louse","floor":5,"turns":6},{"damage":12,"enemies":"Gremlin Gang","floor":7,"turns":4},{"damage":7,"enemies":"Red Slaver","floor":14,"turns":6},{"damage":38,"enemies":"Slime Boss","floor":16,"turns":12},{"damage":12,"enemies":"3 Byrds","floor":18,"turns":5},{"damage":38,"enemies":"Spheric Guardian","floor":19,"turns":8},{"damage":41,"enemies":"Shelled Parasite and Fungi","floor":21,"turns":4}],"seed_played":"-3277130802122463401","potions_obtained":[{"floor":1,"key":"Venom Potion"},{"floor":7,"key":"Block Potion"},{"floor":14,"key":"Energy Potion"},{"floor":16,"key":"Fire Potion"},{"floor":19,"key":"ColorlessPotion"}],"is_trial":false,"path_per_floor":["M","?","M","M","M","R","M","$","T","?","R","?","R","M","R","B",null,"M","M","?","M"],"character_chosen":"WATCHER","items_purchased":[],"campfire_rested":3,"item_purchase_floors":[],"current_hp_per_floor":[72,72,72,72,54,72,60,60,60,46,67,60,72,65,65,27,72,60,22,22,0,0],"gold":547,"neow_bonus":"THREE_ENEMY_KILL","is_daily":false,"chose_seed":false,"campfire_upgraded":1,"win_rate":0.0,"timestamp":1612404295,"path_taken":["M","?","?","M","M","R","M","$","T","?","R","?","R","?","R","BOSS","M","M","?","?"],"items_purchased_type":[],"build_version":"2020-12-22","purchased_purges":1,"victory":false,"max_hp_per_floor":[72,72,72,72,72,72,72,72,72,72,72,72,72,72,72,72,72,72,72,72,72,72],"card_choices":[{"not_picked":["LikeWater","Nirvana","EmptyBody"],"picked":"SKIP","floor":1},{"not_picked":["FlyingSleeves","BowlingBash","FearNoEvil"],"picked":"SKIP","floor":3},{"not_picked":["Nirvana","Evaluate","CutThroughFate"],"picked":"SKIP","floor":4},{"not_picked":["ReachHeaven","TalkToTheHand","Replay:Battleflow"],"picked":"SKIP","floor":5},{"not_picked":["WaveOfTheHand","FlyingSleeves"],"picked":"Prostrate","floor":7},{"not_picked":["Replay:ManipulateFuture","WindmillStrike"],"picked":"Scrawl","floor":14},{"not_picked":["ConjureBlade","SpiritShield"],"picked":"Establishment","floor":16},{"not_picked":["FlyingSleeves","Replay:Hum"],"picked":"Prostrate","floor":18},{"not_picked":["ThirdEye","EmptyMind"],"picked":"PathToVictory","floor":19}],"player_experience":248105,"relics_obtained":[{"floor":9,"key":"reliquary:BallBearing"}],"event_choices":[{"damage_healed":0,"gold_gain":0,"player_choice":"Trade","damage_taken":0,"relics_obtained":["SsserpentHead"],"max_hp_gain":0,"max_hp_loss":0,"event_name":"FaceTrader","floor":2,"gold_loss":0},{"damage_healed":0,"gold_gain":0,"player_choice":"Entered Light","damage_taken":14,"max_hp_gain":0,"max_hp_loss":0,"event_name":"Shining Light","floor":10,"gold_loss":0,"cards_upgraded":["Strike_P","Defend_P"]},{"damage_healed":0,"gold_gain":0,"player_choice":"Damaged","damage_taken":7,"max_hp_gain":0,"max_hp_loss":0,"event_name":"Wheel of Change","floor":12,"gold_loss":0},{"damage_healed":0,"gold_gain":0,"player_choice":"Traded Relic","damage_taken":0,"relics_obtained":["Nloth\u0027s Gift"],"max_hp_gain":0,"max_hp_loss":0,"event_name":"N\u0027loth","floor":20,"relics_lost":["NeowsBlessing"],"gold_loss":0}],"is_beta":false,"boss_relics":[{"not_picked":["halation:SmartPhone","Snecko Eye"],"picked":"halation:LoveArrow"}],"items_purged_floors":[8],"is_endless":false,"potions_floor_spawned":[1,7,14,16,19],"killed_by":"Shelled Parasite and Fungi","ascension_level":3}}