{"host":"jqa9y4qkalbx8qgz","time":1612422737,"event":{"mods":["Act Like it!","BaseMod","BetterRewards","Downfall","Gensokyo","Marisa????????","Minty Spire (QoL Compilation)","Permanent Neow","Relic Stats","Replay The Spire","StSLib","Wandering Minibosses"],"gold_per_floor":[130,160,0,0,77,77,118,118,118,160,185,185,14,56,56,173,173,200,200,242,242,242,287,330,372,372,417,12,69,394,446,446,570,570,698,740,822,858,858,858,903,1290,1290,1290,1290,1404,379,531,19,219,219,363,363,363,75,115,137],"floor_reached":58,"language":"ENG","playtime":6280,"items_purged":["Strike_MRS","Strike_MRS","Spreading Infection","Robbery"],"score":1665,"play_id":"9f4a96a8-4424-477e-a953-2e64dec3c5c5","local_time":"20210204101217","is_ascension_mode":true,"campfire_choices":[{"floor":6,"key":"REST"},{"floor":8,"key":"REST"},{"data":"OortCloud","floor":15,"key":"SMITH"},{"floor":32,"key":"REST"},{"floor":44,"key":"RECALL"},{"data":"Gensokyo:LochNessMonster","floor":51,"key":"SMITH"},{"data":"UltimateShortwave","floor":54,"key":"SMITH"}],"circlet_count":0,"master_deck":["Defend_MRS","Defend_MRS","Defend_MRS","Defend_MRS","UpSweep","OortCloud+1","PowerUp","WitchOfGreed","SporeBomb+1","MilkyWay+1","AlicesGift+1","EnergyFlow","MilkyWay","AsteroidBelt+1","IllusionStar","TreasureHunter","AsteroidBelt+1","BinaryStars","BlazeAway+1","MilkyWay","MilkyWay","OrrerysSun","UltimateShortwave+1","OortCloud+1","MagicChant","MagicAbsorber","GalacticHalo","GalacticHalo+1","Gensokyo:MenInBlack","Gensokyo:LochNessMonster+1","SprinkleStarSeal","Panache","AsteroidBelt+1","IllusionStar"],"relics":["MiniHakkero","Gremlin Food","BreadOfAWashokuLover","Medical Kit","Replay:Multitool","Strange Spoon","Torii","Membership Card","Onion Ring","Singing Bowl","Garlic","Happy Flower","Iron Hammer","ReplayTheSpireMod:Lightbulb","Replay:Bronze Core","Simple Rune","Ring of Misfortune","ReplayTheSpireMod:Ninjato","Replay:Bottled Eggs","Slimebound:PreparedRelic","Pantograph","Replay:Bottled Steam","Lantern","SimpleLauncher","Mummified Hand","Replay:WaspNest","ReplayTheSpireMod:TigerMarble","Turnip","SlaversCollar","ReplayFunnel","MawBank","OrangePellets","Toolbox","HandDrill","ClockworkSouvenir","Replay:Bandana","Regal Pillow","FossilizedHelix","HandmadeGrimoire","TheAbacus","Shuriken","Chemical X","Counterbalance"],"acts_visited":["Exordium","Gensokyo:Gensokyo","Gensokyo:Gensokyoer","TheEnding"],"potions_floor_usage":[1,10,14,14,25,57,57,57],"damage_taken":[{"damage":0,"enemies":"Gensokyo:3_Fairies","floor":1,"turns":9},{"damage":1,"enemies":"Gensokyo:Gryphon","floor":2,"turns":4},{"damage":28,"enemies":"Gensokyo:Aya","floor":7,"turns":6},{"damage":10,"enemies":"Gensokyo:Cirno","floor":10,"turns":6},{"damage":0,"enemies":"Gensokyo:Python","floor":11,"turns":5},{"damage":2,"enemies":"Gensokyo:Aya","floor":14,"turns":7},{"damage":23,"enemies":"Gensokyo:Reimu","floor":16,"turns":10},{"damage":0,"enemies":"Gensokyo:AngelMirror","floor":18,"turns":4},{"damage":0,"enemies":"Gensokyo:CosmicMonolith","floor":20,"turns":6},{"damage":20,"enemies":"Gensokyo:Tenshi","floor":23,"turns":8},{"damage":1,"enemies":"Gensokyo:Chomper_and_Gloop","floor":24,"turns":5},{"damage":17,"enemies":"Gensokyo:Koishi","floor":25,"turns":9},{"damage":0,"enemies":"Gensokyo:Tenshi","floor":27,"turns":6},{"damage":1,"enemies":"Gensokyo:Wraith","floor":29,"turns":6},{"damage":0,"enemies":"Gensokyo:Koishi","floor":31,"turns":8},{"damage":77,"enemies":"Gensokyo:Eternal_Rivals","floor":33,"turns":19},{"damage":8,"enemies":"Gensokyo:3_Boulders","floor":35,"turns":8},{"damage":0,"enemies":"Gensokyo:AncientGuardian","floor":36,"turns":2},{"damage":1,"enemies":"Gensokyo:SeedOfUnknown","floor":37,"turns":8},{"damage":0,"enemies":"Gensokyo:4_Bats","floor":38,"turns":4},{"damage":0,"enemies":"Gensokyo:AtlasGolem","floor":41,"turns":3},{"damage":1,"enemies":"Gensokyo:Doremy","floor":42,"turns":6},{"damage":0,"enemies":"Gensokyo:3_Boulders","floor":46,"turns":5},{"damage":0,"enemies":"Gensokyo:Kasen","floor":48,"turns":11},{"damage":0,"enemies":"Gensokyo:SeedOfUnknown","floor":50,"turns":1},{"damage":0,"enemies":"Gensokyo:Yuyuko","floor":52,"turns":13},{"damage":0,"enemies":"Shield and Spear","floor":56,"turns":2},{"damage":0,"enemies":"The Heart","floor":57,"turns":7}],"seed_played":"-3121721279819778820","potions_obtained":[{"floor":7,"key":"Strength Potion"},{"floor":7,"key":"Adrenaline Potion"},{"floor":10,"key":"SkillPotion"},{"floor":16,"key":"Milkshake"},{"floor":18,"key":"champ:CounterPotion"},{"floor":18,"key":"Reflective Coating"},{"floor":25,"key":"Dexterity Potion"}],"is_trial":false,"path_per_floor":["M","M","$","?","T","R","E","R","T","E","M","?","COS","E","R","B",null,"M","?","M","?","?","E","M","E","T","E","$","M","?","E","R","B",null,"M","M","M","M","PTL","PTL","M","E","?","R","T","M","COS","E","$","M","R","B",null,"R","$","E","B",null],"character_chosen":"MARISA","items_purchased":["Gremlin Food","BreadOfAWashokuLover","Regen Potion","Medical Kit","OortCloud","PowerUp","Dexterity Potion","Strange Spoon","WitchOfGreed","FairyDestructionRay","EarthLightRay","SporeBomb","Membership Card","MilkyWay","SimpleLauncher","Mummified Hand","Replay:WaspNest","FossilizedHelix","HandmadeGrimoire","TheAbacus","SprinkleStarSeal","Panache","Shuriken","Chemical X","IllusionStar"],"campfire_rested":3,"item_purchase_floors":[0,0,0,0,0,0,0,0,0,0,0,0,3,3,28,28,28,49,49,49,49,49,55,55,55],"current_hp_per_floor":[59,66,66,66,66,75,51,73,73,65,75,75,75,75,75,58,79,79,79,79,79,79,62,61,46,46,46,46,46,46,51,75,6,83,76,76,77,77,77,77,77,92,92,92,92,92,92,94,94,94,94,94,102,102,102,104,104],"gold":137,"neow_bonus":"","is_daily":false,"chose_seed":false,"campfire_upgraded":3,"win_rate":0.0,"timestamp":1612422737,"path_taken":["M","M","$","?","?","R","E","R","T","E","M","?","COS","E","R","BOSS","M","?","M","?","?","E","?","E","T","E","$","M","?","E","R","BOSS","M","M","?","M","PTL","PTL","M","E","?","R","T","M","COS","E","$","M","R","BOSS","R","$","E","BOSS"],"items_purchased_type":["Relic","Relic","Potion","Relic","Card","Card","Potion","Relic","Card","Card","Card","Card","Relic","Card","Relic","Relic","Relic","Relic","Relic","Relic","Card","Card","Relic","Relic","Card"],"build_version":"2020-12-22","purchased_purges":4,"victory":true,"max_hp_per_floor":[75,75,75,75,75,75,75,75,75,75,77,77,77,77,77,79,79,79,79,79,79,79,81,81,81,81,81,81,81,81,83,83,83,83,83,83,85,85,85,85,85,100,100,100,100,100,100,102,102,102,102,102,102,102,102,104,104],"relic_stats":{"Regal Pillow":0,"Torii":26,"Singing Bowl":16,"Happy Flower":[73],"counters":[245,1430],"Medical Kit":[27],"MawBank":48,"Strange Spoon":[252],"OrangePellets":[4],"TheAbacus":[30],"Mummified Hand":[75],"Shuriken":[2],"Pantograph":8,"Turnip":[13],"HandDrill":[8],"Chemical X":[4],"obtain_stats":[{"Golden Egg":53,"CCEMRelics:PorcelainBowl":9,"Gensokyo:UndefinedDarkness":30,"downfall:HeartBlessingGreen":18,"Ginger":44,"Whetstone":14,"CCEMRelics:DerglesHeadphones":45,"Old Coin":48,"Blood Vial":42,"Sundial":46,"Replay:Bronze Core":17,"MealTicket":30,"CCEMRelics:Sandal":0,"HandDrill":47,"Kunai":56,"Replay:Wax Seal":44,"CCEMRelics:FiftyFTOfRope":30,"Replay:Bottled Steam":13,"Blue Candle":10,"Counterbalance":26,"Velvet Choker":17,"BreadOfAWashokuLover":42,"Pen Nib":0,"Akabeko":38,"SlaversCollar":34,"CCEMRelics:FestiveHat":13,"Bird Faced Urn":29,"Gensokyo:YoukaiFlower":12,"MiniHakkero":0,"StrikeDummy":42,"Gensokyo:MarisaImprobabilityPotion":23,"Unceasing Top":37,"AmplifyWand":54,"Regal Pillow":9,"Lantern":45,"Torii":45,"Singing Bowl":26,"CCEMRelics:WrappedPresent":44,"StoneCalendar":0,"Painkiller Herb":35,"Blue Doll":49,"Bag of Preparation":31,"Replay:Multitool":33,"SproutingBranch":38,"Ancient Tea Set":13,"Gensokyo:PortableGap":3,"Smiling Mask":7,"Pet Ghost":54,"Shovel":0,"Toolbox":44,"Gensokyo:OccultBall":4,"WingedGreaves":0,"HandmadeGrimoire":49,"Chemical X":22,"CCEMRelics:WhiteRose":7,"Replay:Bottled Eggs":23,"InkBottle":27,"CCEMRelics:JestersCrown":0,"CCEMRelics:OrganicArmor":40,"Potion Belt":43,"Gensokyo:DirgeOfMelancholy":21,"downfall:HeartBlessingRed":44,"Thread and Needle":38,"PreservedInsect":10,"Omamori":27,"CCEMRelics:CanOfSoda":44,"Frozen Egg 2":47,"MawBank":27,"Replay:Arrowhead":53,"CCEMRelics:ChainBlade":20,"Busted Crown":34,"Ornamental Fan":26,"Ring of Misfortune":21,"Orrery":0,"Turnip":33,"Art of War":6,"Durian":0,"Garlic":10,"ReplayTheSpireMod:Lightbulb":53,"Toy Ornithopter":28,"Ice Cream":42,"Divine Protection":53,"Calipers":35,"Gremlin Horn":28,"CeramicFish":48,"Vajra":52,"Sozu":17,"Lizard Tail":44,"Centennial Puzzle":46,"HornCleat":25,"CCEMRelics:PowerPill":10,"Strawberry":21,"Honey Jar":34,"Philosopher\u0027s Stone":34,"Prayer Wheel":0,"CCEMRelics:D6":0,"Iron Hammer":32,"RampagingMagicTools":17,"Toxic Egg 2":22,"Happy Flower":21,"Ring of Hypnosis":31,"Replay:Grab Bag":17,"Oddly Smooth Stone":6,"Replay:Kaleidoscope":0,"Letter Opener":42,"War Paint":24,"Du-Vu Doll":0,"OrangePellets":44,"Bottled Flame":40,"ReplayTheSpireMod:Shallot":40,"Shuriken":30,"Molten Egg 2":0,"Onion Ring":8,"Simple Rune":18,"Slimebound:PreparedRelic":25,"Black Star":34,"ReplayTheSpireMod:TigerMarble":5,"CCEMRelics:WarHorn":42,"Meat on the Bone":55,"Pocketwatch":30,"Darkstone Periapt":7,"ReplayFunnel":40,"SacredBark":17,"Gensokyo:MarisaIngredientList":10,"CCEMRelics:Pendulum":53,"Mango":24,"Gensokyo:NagashiBinaDoll":5,"expansioncontent:StudyCardRelic":17,"Gensokyo:DualWield":44,"ClockworkSouvenir":21,"Frozen Eye":30,"Dream Catcher":8,"Nunchaku":8,"Replay:Bandana":0,"Gensokyo:MarisaPhilosophersStone":8,"TheAbacus":44,"Chameleon Ring":42,"Mummified Hand":40,"CCEMRelics:OverlyComfyChair":26,"downfall:HeartBlessingBlue":44,"Slimebound:StickyStick":24,"Gambling Chip":24,"Pantograph":54,"Tiny Chest":30,"Replay:Bottled Snecko":0,"SimpleLauncher":20,"CCEMRelics:LagavulinClaw":28,"CCEMRelics:Barrel":9,"Gremlin Food":0,"BargainBundle":0,"ReplayTheSpireMod:Ninjato":42,"Quantum Egg":43,"Replay:WaspNest":27,"Gensokyo:ConquerorOfFear":31,"Gensokyo:CelestialsFlawlessClothing":14,"Orichalcum":54,"Medical Kit":44,"White Beast Statue":54,"Mercury Hourglass":46,"Calling Bell":42,"Peace Pipe":12,"CCEMRelics:IronFruit":26,"Strange Spoon":20,"ShroomBag":31,"Gensokyo:EmptyGrave":39,"Anchor":44,"CaptainsWheel":11,"CCEMRelics:DarkMatter":17,"wanderingMiniBosses:CarrionFlame":11,"CCEMRelics:GrindingGear":26,"CCEMRelics:TinyMinotavrHorn":47,"Bag of Marbles":53,"Snack Pack":8,"Coffee Dripper":17,"Membership Card":47,"TungstenRod":23,"FossilizedHelix":0,"ReplayTheSpireMod:ShopPack":48},{"Golden Egg":215,"CCEMRelics:PorcelainBowl":29,"Gensokyo:UndefinedDarkness":74,"downfall:HeartBlessingGreen":66,"Ginger":48,"Whetstone":196,"CCEMRelics:DerglesHeadphones":49,"Old Coin":83,"Blood Vial":79,"Sundial":21,"Replay:Bronze Core":224,"MealTicket":113,"CCEMRelics:Sandal":187,"HandDrill":240,"Kunai":88,"Replay:Wax Seal":148,"CCEMRelics:FiftyFTOfRope":203,"Replay:Bottled Steam":129,"Blue Candle":104,"Counterbalance":173,"Velvet Choker":108,"BreadOfAWashokuLover":118,"Pen Nib":24,"Akabeko":116,"SlaversCollar":233,"CCEMRelics:FestiveHat":32,"Bird Faced Urn":74,"Gensokyo:YoukaiFlower":4,"MiniHakkero":0,"StrikeDummy":79,"Gensokyo:MarisaImprobabilityPotion":8,"Unceasing Top":43,"AmplifyWand":23,"Regal Pillow":60,"Lantern":81,"Torii":81,"Singing Bowl":111,"CCEMRelics:WrappedPresent":20,"StoneCalendar":88,"Painkiller Herb":142,"Blue Doll":152,"Bag of Preparation":114,"Replay:Multitool":205,"SproutingBranch":79,"Ancient Tea Set":5,"Gensokyo:PortableGap":26,"Smiling Mask":58,"Pet Ghost":186,"Shovel":157,"Toolbox":20,"Gensokyo:OccultBall":54,"WingedGreaves":52,"HandmadeGrimoire":241,"Chemical X":110,"CCEMRelics:WhiteRose":124,"Replay:Bottled Eggs":227,"InkBottle":112,"CCEMRelics:JestersCrown":187,"CCEMRelics:OrganicArmor":19,"Potion Belt":47,"Gensokyo:DirgeOfMelancholy":199,"downfall:HeartBlessingRed":80,"Thread and Needle":208,"PreservedInsect":104,"Omamori":112,"CCEMRelics:CanOfSoda":211,"Frozen Egg 2":214,"MawBank":11,"Replay:Arrowhead":155,"CCEMRelics:ChainBlade":199,"Busted Crown":42,"Ornamental Fan":38,"Ring of Misfortune":226,"Orrery":24,"Turnip":233,"Art of War":28,"Durian":187,"Garlic":221,"ReplayTheSpireMod:Lightbulb":185,"Toy Ornithopter":12,"Ice Cream":47,"Divine Protection":185,"Calipers":178,"Gremlin Horn":12,"CeramicFish":83,"Vajra":86,"Sozu":34,"Lizard Tail":20,"Centennial Puzzle":21,"HornCleat":38,"CCEMRelics:PowerPill":193,"Strawberry":36,"Honey Jar":177,"Philosopher\u0027s Stone":14,"Prayer Wheel":24,"CCEMRelics:D6":157,"Iron Hammer":140,"RampagingMagicTools":66,"Toxic Egg 2":135,"Happy Flower":7,"Ring of Hypnosis":139,"Replay:Grab Bag":168,"Oddly Smooth Stone":90,"Replay:Kaleidoscope":187,"Letter Opener":211,"War Paint":201,"Du-Vu Doll":24,"OrangePellets":20,"Bottled Flame":181,"ReplayTheSpireMod:Shallot":181,"Shuriken":13,"Molten Egg 2":88,"Onion Ring":164,"Simple Rune":225,"Slimebound:PreparedRelic":229,"Black Star":77,"ReplayTheSpireMod:TigerMarble":161,"CCEMRelics:WarHorn":79,"Meat on the Bone":24,"Pocketwatch":113,"Darkstone Periapt":3,"ReplayFunnel":210,"SacredBark":168,"Gensokyo:MarisaIngredientList":4,"CCEMRelics:Pendulum":22,"Mango":9,"Gensokyo:NagashiBinaDoll":54,"expansioncontent:StudyCardRelic":6,"Gensokyo:DualWield":182,"ClockworkSouvenir":36,"Frozen Eye":12,"Dream Catcher":29,"Nunchaku":92,"Replay:Bandana":187,"Gensokyo:MarisaPhilosophersStone":103,"TheAbacus":118,"Chameleon Ring":182,"Mummified Hand":19,"CCEMRelics:OverlyComfyChair":72,"downfall:HeartBlessingBlue":80,"Slimebound:StickyStick":111,"Gambling Chip":9,"Pantograph":155,"Tiny Chest":40,"Replay:Bottled Snecko":120,"SimpleLauncher":7,"CCEMRelics:LagavulinClaw":202,"CCEMRelics:Barrel":4,"Gremlin Food":217,"BargainBundle":187,"ReplayTheSpireMod:Ninjato":211,"Quantum Egg":147,"Replay:WaspNest":202,"Gensokyo:ConquerorOfFear":75,"Gensokyo:CelestialsFlawlessClothing":5,"Orichalcum":23,"Medical Kit":20,"White Beast Statue":155,"Mercury Hourglass":21,"Calling Bell":79,"Peace Pipe":94,"CCEMRelics:IronFruit":201,"Strange Spoon":7,"ShroomBag":75,"Gensokyo:EmptyGrave":79,"Anchor":20,"CaptainsWheel":93,"CCEMRelics:DarkMatter":197,"wanderingMiniBosses:CarrionFlame":30,"CCEMRelics:GrindingGear":10,"CCEMRelics:TinyMinotavrHorn":50,"Bag of Marbles":22,"Snack Pack":124,"Coffee Dripper":168,"Membership Card":21,"TungstenRod":37,"FossilizedHelix":157,"ReplayTheSpireMod:ShopPack":214},{"Golden Egg":1234,"CCEMRelics:PorcelainBowl":119,"Gensokyo:UndefinedDarkness":393,"downfall:HeartBlessingGreen":334,"Ginger":239,"Whetstone":1106,"CCEMRelics:DerglesHeadphones":242,"Old Coin":455,"Blood Vial":419,"Sundial":77,"Replay:Bronze Core":1289,"MealTicket":651,"CCEMRelics:Sandal":1067,"HandDrill":1396,"Kunai":498,"Replay:Wax Seal":857,"CCEMRelics:FiftyFTOfRope":1158,"Replay:Bottled Steam":741,"Blue Candle":585,"Counterbalance":988,"Velvet Choker":624,"BreadOfAWashokuLover":685,"Pen Nib":97,"Akabeko":672,"SlaversCollar":1360,"CCEMRelics:FestiveHat":137,"Bird Faced Urn":393,"Gensokyo:YoukaiFlower":14,"MiniHakkero":0,"StrikeDummy":419,"Gensokyo:MarisaImprobabilityPotion":30,"Unceasing Top":201,"AmplifyWand":88,"Regal Pillow":298,"Lantern":439,"Torii":439,"Singing Bowl":636,"CCEMRelics:WrappedPresent":76,"StoneCalendar":503,"Painkiller Herb":825,"Blue Doll":874,"Bag of Preparation":654,"Replay:Multitool":1173,"SproutingBranch":419,"Ancient Tea Set":18,"Gensokyo:PortableGap":104,"Smiling Mask":291,"Pet Ghost":1064,"Shovel":907,"Toolbox":76,"Gensokyo:OccultBall":272,"WingedGreaves":267,"HandmadeGrimoire":1407,"Chemical X":630,"CCEMRelics:WhiteRose":715,"Replay:Bottled Eggs":1307,"InkBottle":646,"CCEMRelics:JestersCrown":1067,"CCEMRelics:OrganicArmor":72,"Potion Belt":234,"Gensokyo:DirgeOfMelancholy":1128,"downfall:HeartBlessingRed":428,"Thread and Needle":1191,"PreservedInsect":597,"Omamori":641,"CCEMRelics:CanOfSoda":1203,"Frozen Egg 2":1221,"MawBank":41,"Replay:Arrowhead":893,"CCEMRelics:ChainBlade":1128,"Busted Crown":195,"Ornamental Fan":173,"Ring of Misfortune":1299,"Orrery":97,"Turnip":1360,"Art of War":113,"Durian":1067,"Garlic":1267,"ReplayTheSpireMod:Lightbulb":1060,"Toy Ornithopter":42,"Ice Cream":234,"Divine Protection":1060,"Calipers":1012,"Gremlin Horn":43,"CeramicFish":455,"Vajra":490,"Sozu":149,"Lizard Tail":76,"Centennial Puzzle":83,"HornCleat":173,"CCEMRelics:PowerPill":1094,"Strawberry":161,"Honey Jar":1010,"Philosopher\u0027s Stone":56,"Prayer Wheel":97,"CCEMRelics:D6":907,"Iron Hammer":810,"RampagingMagicTools":334,"Toxic Egg 2":777,"Happy Flower":27,"Ring of Hypnosis":803,"Replay:Grab Bag":966,"Oddly Smooth Stone":512,"Replay:Kaleidoscope":1067,"Letter Opener":1203,"War Paint":1140,"Du-Vu Doll":97,"OrangePellets":76,"Bottled Flame":1042,"ReplayTheSpireMod:Shallot":1042,"Shuriken":49,"Molten Egg 2":503,"Onion Ring":945,"Simple Rune":1291,"Slimebound:PreparedRelic":1321,"Black Star":413,"ReplayTheSpireMod:TigerMarble":927,"CCEMRelics:WarHorn":419,"Meat on the Bone":91,"Pocketwatch":651,"Darkstone Periapt":11,"ReplayFunnel":1198,"SacredBark":966,"Gensokyo:MarisaIngredientList":14,"CCEMRelics:Pendulum":87,"Mango":35,"Gensokyo:NagashiBinaDoll":272,"expansioncontent:StudyCardRelic":23,"Gensokyo:DualWield":1047,"ClockworkSouvenir":161,"Frozen Eye":45,"Dream Catcher":119,"Nunchaku":523,"Replay:Bandana":1067,"Gensokyo:MarisaPhilosophersStone":583,"TheAbacus":685,"Chameleon Ring":1043,"Mummified Hand":69,"CCEMRelics:OverlyComfyChair":380,"downfall:HeartBlessingBlue":428,"Slimebound:StickyStick":636,"Gambling Chip":35,"Pantograph":893,"Tiny Chest":182,"Replay:Bottled Snecko":696,"SimpleLauncher":27,"CCEMRelics:LagavulinClaw":1150,"CCEMRelics:Barrel":14,"Gremlin Food":1242,"BargainBundle":1067,"ReplayTheSpireMod:Ninjato":1203,"Quantum Egg":851,"Replay:WaspNest":1150,"Gensokyo:ConquerorOfFear":398,"Gensokyo:CelestialsFlawlessClothing":18,"Orichalcum":90,"Medical Kit":76,"White Beast Statue":893,"Mercury Hourglass":77,"Calling Bell":419,"Peace Pipe":534,"CCEMRelics:IronFruit":1140,"Strange Spoon":27,"ShroomBag":398,"Gensokyo:EmptyGrave":419,"Anchor":76,"CaptainsWheel":529,"CCEMRelics:DarkMatter":1115,"wanderingMiniBosses:CarrionFlame":126,"CCEMRelics:GrindingGear":38,"CCEMRelics:TinyMinotavrHorn":247,"Bag of Marbles":87,"Snack Pack":715,"Coffee Dripper":966,"Membership Card":83,"TungstenRod":165,"FossilizedHelix":907,"ReplayTheSpireMod:ShopPack":1221}]},"card_choices":[{"not_picked":["FairyDestructionRay","PowerUp","Orbital"],"picked":"SKIP","floor":1},{"not_picked":["ShootingEcho","ShootTheMoon","PowerUp"],"picked":"SKIP","floor":2},{"not_picked":["WitchOfGreed","DoubleSpark"],"picked":"EnergyFlow","floor":7},{"not_picked":["BinaryStars","ShootingEcho"],"picked":"MilkyWay","floor":10},{"not_picked":["PowerUp","ShootingEcho","FairyDestructionRay"],"picked":"Singing Bowl","floor":11},{"not_picked":["DoubleSpark+1","AbsoluteMagnitude+1"],"picked":"AsteroidBelt+1","floor":14},{"not_picked":["DC","WitchLeyline"],"picked":"IllusionStar","floor":14},{"not_picked":["ManaRampage","FinalSpark"],"picked":"TreasureHunter","floor":16},{"not_picked":["BinaryStars","CollectingQuirk","TreasureHunter"],"picked":"Singing Bowl","floor":16},{"not_picked":["PowerUp","WitchOfGreed+1"],"picked":"AsteroidBelt+1","floor":18},{"not_picked":["WitchOfGreed","6A+1"],"picked":"BlazeAway+1","floor":20},{"not_picked":["NonDirectionalLaser","Orbital","DoubleSpark+1"],"picked":"Singing Bowl","floor":23},{"not_picked":["MachineGunSpark","IllusionStar+1"],"picked":"MilkyWay","floor":24},{"not_picked":["EscapeVelocity","FairyDestructionRay"],"picked":"MilkyWay","floor":25},{"not_picked":["FairyDestructionRay","MachineGunSpark"],"picked":"Robbery","floor":27},{"not_picked":["GasGiant","GrandCross"],"picked":"OrrerysSun","floor":29},{"not_picked":["WitchOfGreed","SuperPerseids","LuminesStrike"],"picked":"Singing Bowl","floor":31},{"not_picked":["BlazingStar","AbsoluteMagnitude"],"picked":"UltimateShortwave","floor":33},{"not_picked":["LuminesStrike+1","MilkyWay"],"picked":"OortCloud+1","floor":35},{"not_picked":["Acceleration","WitchLeyline"],"picked":"MagicChant","floor":36},{"not_picked":["PowerUp+1","MagicChant","SporeBomb"],"picked":"Singing Bowl","floor":37},{"not_picked":["BlazingStar","DoubleSpark"],"picked":"MagicAbsorber","floor":38},{"not_picked":["Acceleration+1","NonDirectionalLaser+1"],"picked":"GalacticHalo","floor":41},{"not_picked":["WitchOfGreed+1","NonDirectionalLaser+1","LuminesStrike"],"picked":"Singing Bowl","floor":42},{"not_picked":["LuminesStrike+1","WitchLeyline"],"picked":"GalacticHalo+1","floor":46},{"not_picked":["JA","OneTimeOff","Acceleration"],"picked":"Singing Bowl","floor":48},{"not_picked":["GrandCross","UnstableBomb+1"],"picked":"AsteroidBelt+1","floor":50},{"not_picked":["GravityBeat","SuperPerseids+1","PowerUp+1"],"picked":"Singing Bowl","floor":56}],"player_experience":338233,"relics_obtained":[{"floor":7,"key":"Onion Ring"},{"floor":9,"key":"Singing Bowl"},{"floor":10,"key":"Garlic"},{"floor":14,"key":"Iron Hammer"},{"floor":21,"key":"Ring of Misfortune"},{"floor":23,"key":"ReplayTheSpireMod:Ninjato"},{"floor":23,"key":"Replay:Bottled Eggs"},{"floor":25,"key":"Slimebound:PreparedRelic"},{"floor":25,"key":"Pantograph"},{"floor":26,"key":"Replay:Bottled Steam"},{"floor":27,"key":"Lantern"},{"floor":27,"key":"AmplifyWand"},{"floor":31,"key":"ReplayTheSpireMod:TigerMarble"},{"floor":33,"key":"Turnip"},{"floor":42,"key":"ReplayFunnel"},{"floor":45,"key":"MawBank"},{"floor":48,"key":"Replay:Bandana"},{"floor":48,"key":"Regal Pillow"},{"floor":56,"key":"Counterbalance"}],"event_choices":[],"is_beta":false,"boss_relics":[{"not_picked":["Philosopher\u0027s Stone","Astrolabe"],"picked":"Replay:Bronze Core"},{"not_picked":["Fusion Hammer","Replay:Ancient Bell"],"picked":"SlaversCollar"}],"items_purged_floors":[0,0,49,55],"is_endless":false,"potions_floor_spawned":[7,10,16,18,23,25,29,31,35,38,41,46,50],"ascension_level":1}}