{"host":"takgv9cv6xf64vhq","time":1612438380,"event":{"mods":["BaseMod","Colored Powertips","Conspire","Decade(王小明)","Downfall","Energized Spire","Hermit","Hubris","LagranYue(拉格朗・月)","Marisa（F雨　魔理沙）","Minty Spire (QoL Compilation)","Replay The Spire","StSLib","The Cursed","The Hierophant","The Jungle","The Servant 0.9.4","TheHeartMod"],"gold_per_floor":[113,113,63,151,21,21,65,65,113,137,163,182,182,247,247,261,261,281,10,45,52,52],"floor_reached":21,"language":"ZHS","playtime":862,"items_purged":[],"score":382,"play_id":"3345668e-c5a2-49e8-8b92-41a2c0b81962","local_time":"20210204193300","is_ascension_mode":true,"campfire_choices":[{"data":"Neutralize","floor":6,"key":"SMITH"},{"data":"Calculated Gamble","floor":8,"key":"SMITH"},{"data":"hubris:SlightOfHand","floor":13,"key":"SMITH"},{"data":"Strike_G","floor":15,"key":"PURGE"}],"circlet_count":0,"master_deck":["AscendersBane","Strike_G","Strike_G","Strike_G","Strike_G","Defend_G","Defend_G","Defend_G","Defend_G","Defend_G","Survivor","Neutralize+1","hubris:SlightOfHand+1","conspire:SpireCoStock","Blade Dance","Hidden Blade","Accuracy","Accuracy","Calculated Gamble+1","Dagger Spray","Blade Dance","Deflect","Slice","Burst","Slice"],"relics":["Ring of the Snake","NeowsBlessing","Golden Idol","Replay:Wax Seal","hubris:HerbalPaste","Shuriken","Smiling Mask","Art of War","conspire:SlowCooker","hubris:PeanutButter"],"acts_visited":["Exordium","TheCity"],"potions_floor_usage":[14,16,20],"damage_taken":[{"damage":0,"enemies":"Small Slimes","floor":1,"turns":1},{"damage":0,"enemies":"3 Sentries","floor":7,"turns":4},{"damage":0,"enemies":"Jaw Worm","floor":10,"turns":1},{"damage":3,"enemies":"2 Louse","floor":11,"turns":2},{"damage":11,"enemies":"Exordium Wildlife","floor":12,"turns":3},{"damage":22,"enemies":"Lagavulin","floor":14,"turns":6},{"damage":32,"enemies":"Slime Boss","floor":16,"turns":7},{"damage":13,"enemies":"Shell Parasite","floor":18,"turns":6},{"damage":7,"enemies":"Chosen","floor":20,"turns":7},{"damage":52,"enemies":"Snake Plant","floor":21,"turns":5}],"seed_played":"5637503055612375282","potions_obtained":[{"floor":7,"key":"LifebloodPotion"},{"floor":14,"key":"Dexterity Potion"},{"floor":16,"key":"LifebloodPotion"}],"is_trial":false,"path_per_floor":["M","?","?","?","$","R","E","R","T","M","M","M","R","E","R","B",null,"M","$","M","M"],"character_chosen":"THE_SILENT","items_purchased":["Accuracy","hubris:HerbalPaste","hubris:PeanutButter"],"campfire_rested":0,"item_purchase_floors":[5,5,19],"current_hp_per_floor":[59,59,59,59,59,59,60,60,60,60,57,51,51,35,35,9,47,40,40,39,0,0],"gold":52,"neow_bonus":"THREE_ENEMY_KILL","is_daily":false,"chose_seed":false,"campfire_upgraded":3,"win_rate":0.0,"timestamp":1612438380,"path_taken":["M","?","?","?","$","R","E","R","T","M","?","M","R","E","R","BOSS","M","$","M","M"],"items_purchased_type":["Card","Relic","Relic"],"build_version":"2020-12-22","purchased_purges":0,"victory":false,"max_hp_per_floor":[66,60,60,60,60,60,60,60,60,60,60,60,60,60,60,60,60,60,60,60,60,60],"card_choices":[{"not_picked":["Dodge and Roll","Quick Slash"],"picked":"hubris:SlightOfHand","floor":1},{"not_picked":["Poisoned Stab","Dodge and Roll"],"picked":"Blade Dance","floor":4},{"not_picked":["Sucker Punch","Bane"],"picked":"Hidden Blade","floor":4},{"not_picked":["Fluid Movement","Deflect"],"picked":"Calculated Gamble","floor":7},{"not_picked":["Eviscerate","Underhanded Strike"],"picked":"Dagger Spray","floor":10},{"not_picked":["Flying Knee","Outmaneuver"],"picked":"Blade Dance","floor":11},{"not_picked":["Underhanded Strike","Grand Finale"],"picked":"Deflect","floor":12},{"not_picked":["Backflip","Cloak And Dagger"],"picked":"Slice","floor":14},{"not_picked":["Poison Darts","Phantasmal Killer"],"picked":"Burst","floor":16},{"not_picked":["Deadly Poison","Poisoned Stab","Riddle With Holes"],"picked":"SKIP","floor":18},{"not_picked":["Prepared","Flying Knee"],"picked":"Slice","floor":20}],"player_experience":394396,"relics_obtained":[{"floor":4,"key":"Replay:Wax Seal"},{"floor":7,"key":"Shuriken"},{"floor":9,"key":"Smiling Mask"},{"floor":14,"key":"Art of War"}],"event_choices":[{"damage_healed":0,"gold_gain":0,"player_choice":"Lose Max HP","damage_taken":0,"relics_obtained":["Golden Idol"],"max_hp_gain":0,"max_hp_loss":6,"event_name":"Golden Idol","floor":2,"gold_loss":0},{"damage_healed":0,"gold_gain":0,"player_choice":"Invest 1","damage_taken":0,"max_hp_gain":0,"max_hp_loss":0,"event_name":"conspire:Investor","floor":3,"gold_loss":0}],"is_beta":false,"boss_relics":[{"not_picked":["Ring of Chaos","hubris:RunicObelisk"],"picked":"conspire:SlowCooker"}],"items_purged_floors":[],"is_endless":false,"potions_floor_spawned":[7,14,16],"killed_by":"Snake Plant","ascension_level":16}}