{"host":"928gv66myv2vlnsd","time":1612399922,"event":{"mods":["BaseMod","Highlight Path","Minty Spire (QoL Compilation)","StSLib"],"gold_per_floor":[117,392,403,418,435,435,445,445,445,445,445],"floor_reached":10,"language":"ENG","playtime":436,"items_purged":[],"score":120,"play_id":"3601ac16-cf04-4b7a-bfa1-aea767eeb360","local_time":"20210203195202","is_ascension_mode":true,"campfire_choices":[{"data":"Spot Weakness","floor":6,"key":"SMITH"},{"data":"Combust","floor":8,"key":"SMITH"}],"circlet_count":0,"master_deck":["AscendersBane","Strike_R","Strike_R","Strike_R","Strike_R","Strike_R","Defend_R","Defend_R","Defend_R","Defend_R","Bash","Cleave","Regret","Battle Trance","Spot Weakness+1","Combust+1"],"relics":["Burning Blood","NeowsBlessing","Gremlin Horn"],"acts_visited":["Exordium"],"potions_floor_usage":[10],"damage_taken":[{"damage":0,"enemies":"Jaw Worm","floor":1,"turns":1},{"damage":0,"enemies":"Cultist","floor":3,"turns":1},{"damage":0,"enemies":"Small Slimes","floor":4,"turns":1},{"damage":19,"enemies":"Exordium Wildlife","floor":5,"turns":8},{"damage":8,"enemies":"Lots of Slimes","floor":7,"turns":2},{"damage":76,"enemies":"Lagavulin","floor":10,"turns":6}],"seed_played":"-5462274796322469617","potions_obtained":[{"floor":3,"key":"ElixirPotion"},{"floor":5,"key":"LiquidMemories"}],"is_trial":false,"path_per_floor":["M","?","M","M","M","R","M","R","T","E"],"character_chosen":"IRONCLAD","items_purchased":[],"campfire_rested":0,"item_purchase_floors":[],"current_hp_per_floor":[74,74,75,75,62,62,60,60,60,0,0],"gold":445,"neow_bonus":"THREE_ENEMY_KILL","is_daily":false,"chose_seed":false,"campfire_upgraded":2,"win_rate":0.0,"timestamp":1612399922,"path_taken":["M","?","?","?","M","R","M","R","T","E"],"items_purchased_type":[],"build_version":"2020-12-22","purchased_purges":0,"victory":false,"max_hp_per_floor":[75,75,75,75,75,75,75,75,75,75,75],"card_choices":[{"not_picked":["Perfected Strike","Armaments"],"picked":"Cleave","floor":1},{"not_picked":["Reckless Charge","Twin Strike"],"picked":"Battle Trance","floor":3},{"not_picked":["Searing Blow","Wild Strike","Flex"],"picked":"SKIP","floor":4},{"not_picked":["Sentinel","Clothesline"],"picked":"Spot Weakness","floor":5},{"not_picked":["Armaments","Seeing Red"],"picked":"Combust","floor":7}],"player_experience":1438616,"relics_obtained":[{"floor":9,"key":"Gremlin Horn"}],"event_choices":[{"damage_healed":0,"gold_gain":275,"player_choice":"Desecrate","damage_taken":0,"max_hp_gain":0,"max_hp_loss":0,"event_name":"Golden Shrine","floor":2,"gold_loss":0,"cards_obtained":["Regret"]}],"is_beta":false,"boss_relics":[],"items_purged_floors":[],"is_endless":false,"potions_floor_spawned":[3,5],"killed_by":"Lagavulin","ascension_level":20}}