{"host":"gfmw02tnhhvp9jba","time":1612455895,"event":{"mods":["AchievementEnabler","BaseMod","Colored Map","Conspire","Downfall","Highlight Path","Minty Spire (QoL Compilation)","Replay The Spire","StSLib"],"gold_per_floor":[99,110,121,121,133,148,173,173,196,196,196,196],"floor_reached":10,"language":"ENG","playtime":462,"items_purged":[],"score":60,"play_id":"3ec3dad4-37f3-4248-898b-412572ee7565","local_time":"20210204172455","is_ascension_mode":false,"campfire_choices":[{"data":"champ:Taunt","floor":1,"key":"SMITH"},{"data":"champ:BerserkersShout","floor":8,"key":"SMITH"}],"circlet_count":0,"master_deck":["champ:Strike","champ:Strike","champ:Strike","champ:Defend","champ:Defend","champ:Defend","champ:Defend","champ:Execute","champ:Taunt+1","champ:Circumvent","champ:BerserkersShout+1","champ:PreciseThrust","champ:FocusedBerserking","champ:EnGarde"],"relics":["champ:ChampionCrown","CeramicFish"],"acts_visited":["Exordium"],"potions_floor_usage":[],"damage_taken":[{"damage":25,"enemies":"Jaw Worm","floor":2,"turns":4},{"damage":20,"enemies":"Cultist","floor":3,"turns":6},{"damage":15,"enemies":"conspire:RoseBush","floor":5,"turns":5},{"damage":27,"enemies":"Blue Slaver","floor":6,"turns":5},{"damage":71,"enemies":"Exordium Wildlife","floor":9,"turns":7},{"damage":68,"enemies":"Gremlin Nob","floor":10,"turns":4}],"seed_played":"1699598160662087314","potions_obtained":[{"floor":2,"key":"AttackPotion"},{"floor":9,"key":"Adrenaline Potion"}],"is_trial":false,"path_per_floor":["R","M","M","?","M","M","T","R","M","E"],"character_chosen":"THE_CHAMP","items_purchased":[],"campfire_rested":0,"item_purchase_floors":[],"current_hp_per_floor":[99,84,74,74,74,72,72,72,46,0,0,0],"gold":196,"neow_bonus":"TEN_PERCENT_HP_BONUS","is_daily":false,"chose_seed":false,"campfire_upgraded":2,"win_rate":0.0,"timestamp":1612455895,"path_taken":["R","M","M","?","M","?","T","R","M","E"],"items_purchased_type":[],"build_version":"2020-12-22","purchased_purges":0,"victory":false,"max_hp_per_floor":[99,99,99,99,99,99,99,99,99,99,99,99],"card_choices":[{"not_picked":["champ:FanOfKnives","champ:FlashCut"],"picked":"champ:Circumvent","floor":2},{"not_picked":["champ:CrownThrow","champ:HeavySlash"],"picked":"champ:BerserkersShout","floor":3},{"not_picked":["champ:CrownThrow","champ:CrookedStrike"],"picked":"champ:PreciseThrust","floor":5},{"not_picked":["champ:Shatter","champ:Circumvent"],"picked":"champ:FocusedBerserking","floor":6},{"not_picked":["champ:PreciseThrust","champ:Haymaker"],"picked":"champ:EnGarde","floor":9}],"player_experience":118052,"relics_obtained":[{"floor":7,"key":"CeramicFish"}],"event_choices":[],"is_beta":false,"boss_relics":[],"items_purged_floors":[],"is_endless":false,"potions_floor_spawned":[2,9],"killed_by":"Gremlin Nob","ascension_level":0}}