{"host":"w8jq41i5zn1fudf9","time":1612418765,"event":{"mods":["AchievementEnabler","BaseMod","Colored Map","Colored Powertips","Curses Come First","GifTheSpireLib","Googly Eyes","Minty Spire (QoL Compilation)","Quick Restart","Rare Cards Sparkle","Relic Stats","StSLib","The Awakened One except there are too many feathers","egg","everything is the same but u backflip on backflip","slay the spire mod where everything is the same but ironclad has a cowboy hat"],"gold_per_floor":[113,113,131,131,141,141,175,175,199,218,218,218,75,90,90,193,193,206,51,51,64,64,64,64],"floor_reached":23,"language":"ENG","playtime":646,"items_purged":[],"score":227,"play_id":"c4957e27-39ae-48f4-8dc7-c549a10aa3cb","local_time":"20210203230605","is_ascension_mode":true,"campfire_choices":[{"data":"Zap","floor":6,"key":"SMITH"},{"floor":8,"key":"REST"},{"floor":15,"key":"REST"}],"circlet_count":0,"master_deck":["Strike_B","Strike_B+1","Strike_B","Defend_B+1","Defend_B","Defend_B","Defend_B","Zap+1","Dualcast","Ball Lightning","Melter","Conserve Battery","Thunder Strike","Defragment"],"relics":["Cracked Core","Mango","Sundial","Question Card","Bronze Scales","FaceOfCleric","Juzu Bracelet","Sozu","Omamori"],"acts_visited":["Exordium","TheCity"],"potions_floor_usage":[16,16,18],"damage_taken":[{"damage":6,"enemies":"Cultist","floor":1,"turns":4},{"damage":9,"enemies":"Jaw Worm","floor":3,"turns":3},{"damage":10,"enemies":"Small Slimes","floor":5,"turns":3},{"damage":25,"enemies":"Lagavulin","floor":7,"turns":5},{"damage":19,"enemies":"Exordium Thugs","floor":10,"turns":3},{"damage":1,"enemies":"Exordium Wildlife","floor":14,"turns":3},{"damage":16,"enemies":"The Guardian","floor":16,"turns":7},{"damage":27,"enemies":"2 Thieves","floor":18,"turns":4},{"damage":2,"enemies":"Chosen","floor":21,"turns":3},{"damage":60,"enemies":"Slavers","floor":23,"turns":4}],"seed_played":"-6657968353103623141","potions_obtained":[{"floor":3,"key":"FearPotion"},{"floor":7,"key":"Block Potion"},{"floor":10,"key":"PowerPotion"}],"is_trial":false,"path_per_floor":["M","?","M","T","M","R","E","R","T","M","?","?","$","M","R","B",null,"M","$","?","M","$","E"],"character_chosen":"DEFECT","items_purchased":["Juzu Bracelet","Omamori"],"campfire_rested":2,"item_purchase_floors":[13,19],"current_hp_per_floor":[76,69,60,60,50,50,25,49,49,30,14,14,14,14,38,23,84,58,58,58,57,57,0,0],"gold":64,"neow_bonus":"ONE_RARE_RELIC","is_daily":false,"chose_seed":false,"campfire_upgraded":1,"win_rate":0.0,"timestamp":1612418765,"path_taken":["M","?","M","?","M","R","E","R","T","M","?","?","$","M","R","BOSS","M","$","?","M","?","E"],"items_purchased_type":["Relic","Relic"],"build_version":"2020-12-22","purchased_purges":0,"victory":false,"max_hp_per_floor":[82,82,82,82,82,82,82,82,82,82,82,82,82,83,83,84,84,85,85,85,86,86,86,86],"relic_stats":{"Sozu":2,"FaceOfCleric":4,"counters":[10,39],"Sundial":[6],"Bronze Scales":[89],"Juzu Bracelet":0,"Question Card":5,"obtain_stats":[{"Sozu":17,"FaceOfCleric":12,"Sundial":4,"Bronze Scales":9,"Mango":0,"Juzu Bracelet":13,"Omamori":19,"Cracked Core":0,"Question Card":7},{"Sozu":7,"FaceOfCleric":5,"Sundial":2,"Bronze Scales":4,"Mango":0,"Juzu Bracelet":5,"Omamori":8,"Cracked Core":0,"Question Card":4},{"Sozu":28,"FaceOfCleric":18,"Sundial":7,"Bronze Scales":15,"Mango":0,"Juzu Bracelet":18,"Omamori":32,"Cracked Core":0,"Question Card":15}]},"card_choices":[{"not_picked":["Barrage","Auto Shields","Beam Cell"],"picked":"SKIP","floor":1},{"not_picked":["Tempest","Turbo","Aggregate"],"picked":"SKIP","floor":3},{"not_picked":["Stack","Steam Power"],"picked":"Ball Lightning","floor":5},{"not_picked":["Stack","Tempest"],"picked":"Melter","floor":7},{"not_picked":["Go for the Eyes","Consume","White Noise"],"picked":"Conserve Battery","floor":10},{"not_picked":["Recycle","Melter","Hello World","Hologram"],"picked":"SKIP","floor":14},{"not_picked":["Core Surge","Fission","Meteor Strike"],"picked":"Thunder Strike","floor":16},{"not_picked":["Redo+1","Steam","Cold Snap"],"picked":"Defragment","floor":18},{"not_picked":["Stack","Auto Shields","Hologram","Force Field"],"picked":"SKIP","floor":21}],"player_experience":85478,"relics_obtained":[{"floor":4,"key":"Sundial"},{"floor":7,"key":"Question Card"},{"floor":9,"key":"Bronze Scales"}],"event_choices":[{"cards_removed":["Strike_B"],"damage_healed":0,"gold_gain":0,"player_choice":"Card Removal","damage_taken":7,"max_hp_gain":0,"max_hp_loss":0,"event_name":"Golden Wing","floor":2,"gold_loss":0},{"damage_healed":0,"gold_gain":0,"player_choice":"Entered Light","damage_taken":16,"max_hp_gain":0,"max_hp_loss":0,"event_name":"Shining Light","floor":11,"gold_loss":0,"cards_upgraded":["Strike_B","Defend_B"]},{"damage_healed":0,"gold_gain":0,"player_choice":"Trade","damage_taken":0,"relics_obtained":["FaceOfCleric"],"max_hp_gain":0,"max_hp_loss":0,"event_name":"FaceTrader","floor":12,"gold_loss":0},{"damage_healed":0,"gold_gain":0,"player_choice":"Ignored","damage_taken":0,"max_hp_gain":0,"max_hp_loss":0,"event_name":"N\u0027loth","floor":20,"gold_loss":0}],"is_beta":false,"boss_relics":[{"not_picked":["Empty Cage","SacredBark"],"picked":"Sozu"}],"items_purged_floors":[],"is_endless":false,"potions_floor_spawned":[3,7,10,18,21],"killed_by":"Slavers","ascension_level":4}}