{"host":"zjc1tzo4ovig5lll","time":1612457586,"event":{"mods":["AchievementEnabler","Aspiration","BaseMod","Beaked The Cultist","Better Altar","Better Match","Better Note","Better Sensory Stone","Colored Map","Colored Powertips","Conspire","Energized Spire","Friendly Minions","GifTheSpireLib","Halation","Hermit","Hubris","Minty Spire (QoL Compilation)","Rare Cards Sparkle","Replay The Spire","StSLib","The Blue Laboratory","The Bug Knight","The Construct","The Jungle","everything is the same but u backflip on backflip"],"gold_per_floor":[111,111,111,111,121,155,175,201,227,227,242,59,79,79,79,182,182,162,162,162,437,141,141,167,167,194,194,209,224,81,101,101,101,101],"floor_reached":33,"language":"ENG","playtime":1287,"items_purged":["Regret"],"score":388,"play_id":"1094dc97-85b2-414f-9dd2-eaf8104f103d","local_time":"20210204185306","is_ascension_mode":true,"campfire_choices":[{"data":"Pot Of Greed","floor":10,"key":"SMITH"},{"floor":15,"key":"REST"},{"floor":23,"key":"REST"},{"floor":25,"key":"REST"},{"floor":27,"key":"RECALL"},{"floor":32,"key":"REST"}],"circlet_count":0,"master_deck":["hermit:Strike_Hermit","hermit:Strike_Hermit+1","hermit:Strike_Hermit+1","hermit:Strike_Hermit","hermit:Defend_Hermit","hermit:Defend_Hermit","hermit:Defend_Hermit","hermit:Defend_Hermit","hermit:Snapshot","hermit:Covet","hermit:GoldenBullet+1","hermit:Quickdraw","Pot Of Greed+1","Pot Of Greed","Mayhem","hermit:HighNoon","The Bomb","hermit:Brawl","hermit:Feint+1","hermit:LuckOfTheDraw+1","hermit:GoldenBullet+1","hermit:Determination"],"relics":["hermit:Momento","NeowsBlessing","hubris:TenFootPole","Kunai","Grinning Jar","energizedSpire:SpiderWeb","halation:PinkSoulGem","Strange Spoon","Mercury Hourglass","DollysMirror"],"acts_visited":["Exordium","TheCity"],"potions_floor_usage":[33],"damage_taken":[{"damage":0,"enemies":"Jaw Worm","floor":1,"turns":1},{"damage":0,"enemies":"Cultist","floor":5,"turns":1},{"damage":0,"enemies":"Replay:BlueRogue","floor":6,"turns":1},{"damage":7,"enemies":"2 Louse","floor":7,"turns":2},{"damage":25,"enemies":"3 Sentries","floor":8,"turns":10},{"damage":1,"enemies":"Blue Slaver","floor":11,"turns":2},{"damage":10,"enemies":"Large Slime","floor":13,"turns":4},{"damage":51,"enemies":"The Guardian","floor":16,"turns":14},{"damage":33,"enemies":"2 Thieves","floor":18,"turns":4},{"damage":37,"enemies":"Book of Stabbing","floor":24,"turns":5},{"damage":28,"enemies":"3 Byrds","floor":28,"turns":4},{"damage":3,"enemies":"Snecko","floor":29,"turns":5},{"damage":23,"enemies":"Snake Plant","floor":31,"turns":3},{"damage":55,"enemies":"Automaton","floor":33,"turns":6}],"seed_played":"-4552692808967472250","potions_obtained":[{"floor":6,"key":"Strength Potion"},{"floor":7,"key":"Regen Potion"}],"is_trial":false,"path_per_floor":["M","?","?","?","M","E","M","E","T","R","M","$","M","?","R","B",null,"M","?","?","?","$","R","E","R","T","R","M","M","$","M","R","B"],"character_chosen":"HERMIT","items_purchased":["Mayhem","Strange Spoon","hermit:Brawl","DollysMirror"],"campfire_rested":4,"item_purchase_floors":[12,22,22,30],"current_hp_per_floor":[75,75,75,80,80,80,73,48,48,48,47,47,37,29,53,2,80,47,47,47,47,47,71,34,58,58,58,30,27,27,4,28,0,0],"gold":101,"neow_bonus":"THREE_ENEMY_KILL","is_daily":false,"chose_seed":false,"campfire_upgraded":1,"win_rate":0.0,"timestamp":1612457586,"path_taken":["M","?","?","?","M","E","M","E","T","R","M","$","M","?","R","BOSS","M","?","?","?","$","R","E","R","T","R","?","M","?","M","R","BOSS"],"items_purchased_type":["Card","Relic","Card","Relic"],"build_version":"2020-12-22","purchased_purges":1,"victory":false,"max_hp_per_floor":[75,75,75,80,80,80,80,80,80,80,80,80,80,80,80,80,80,80,80,80,80,80,80,80,80,80,80,80,80,80,80,80,80,80],"card_choices":[{"not_picked":["hermit:CalledShot","hermit:NoHoldsBarred"],"picked":"hermit:GoldenBullet","floor":1},{"not_picked":["hermit:Virtue","hermit:TrackingShot"],"picked":"hermit:Quickdraw","floor":5},{"not_picked":["hermit:CalledShot","hermit:Roulette","hermit:Feint"],"picked":"SKIP","floor":6},{"not_picked":["hermit:Cheat","hermit:SprayPray","hermit:Vantage"],"picked":"SKIP","floor":7},{"not_picked":["hermit:CalledShot","hermit:Reprieve","hermit:EyeOfTheStorm"],"picked":"SKIP","floor":8},{"not_picked":["hermit:NoHoldsBarred","hermit:Horror","hermit:LowProfile"],"picked":"SKIP","floor":11},{"not_picked":["hermit:Scavenge","hermit:Ricochet","hermit:Manifest"],"picked":"SKIP","floor":13},{"not_picked":["hermit:Adapt","hermit:OverwhelmingPower"],"picked":"hermit:HighNoon","floor":16},{"not_picked":["hermit:Grudge","hermit:SprayPray","hermit:Horror"],"picked":"SKIP","floor":18},{"not_picked":["Finesse","HandOfGreed"],"picked":"The Bomb","floor":19},{"not_picked":["hermit:CalledShot+1","hermit:SprayPray"],"picked":"hermit:Feint+1","floor":24},{"not_picked":["hermit:Gestalt","hermit:ItchyTrigger"],"picked":"hermit:LuckOfTheDraw+1","floor":28},{"not_picked":["hermit:Desperado+1","hermit:FinalCanter","hermit:Quickdraw"],"picked":"SKIP","floor":29},{"not_picked":["hermit:Gestalt+1","hermit:Ricochet"],"picked":"hermit:Determination","floor":31}],"player_experience":684665,"relics_obtained":[{"floor":6,"key":"hubris:TenFootPole"},{"floor":8,"key":"Kunai"},{"floor":9,"key":"Grinning Jar"},{"floor":24,"key":"Mercury Hourglass"}],"event_choices":[{"damage_healed":0,"gold_gain":0,"player_choice":"Leave","damage_taken":0,"max_hp_gain":0,"max_hp_loss":0,"event_name":"The Cleric","floor":3,"gold_loss":0},{"damage_healed":0,"gold_gain":0,"player_choice":"Donut","damage_taken":0,"max_hp_gain":5,"max_hp_loss":0,"event_name":"Big Fish","floor":4,"gold_loss":0},{"damage_healed":0,"gold_gain":0,"player_choice":"Entered Light","damage_taken":16,"max_hp_gain":0,"max_hp_loss":0,"event_name":"Shining Light","floor":14,"gold_loss":0,"cards_upgraded":["hermit:Strike_Hermit","hermit:GoldenBullet"]},{"damage_healed":0,"gold_gain":2,"player_choice":"1","damage_taken":0,"max_hp_gain":0,"max_hp_loss":0,"event_name":"betterStone:BetterStone","floor":19,"gold_loss":0},{"damage_healed":0,"gold_gain":275,"player_choice":"Desecrate","damage_taken":0,"max_hp_gain":0,"max_hp_loss":0,"event_name":"Golden Shrine","floor":21,"gold_loss":0,"cards_obtained":["Regret"]}],"is_beta":false,"boss_relics":[{"not_picked":["halation:Prosthetics","hubris:ScarierMask"],"picked":"energizedSpire:SpiderWeb"}],"items_purged_floors":[22],"is_endless":false,"potions_floor_spawned":[6,7,8,13,24,31],"killed_by":"Automaton","ascension_level":4}}