{"host":"hm2va3obgs5yv0m7","time":1612408713,"event":{"mods":["AchievementEnabler","Act Like it!","BaseMod","Conspire","Infinite Spire","Marisa（F雨　魔理沙）","Minty Spire (QoL Compilation)","Prisma Mod","Relic Stats","Replay The Spire","Spicy Shops","StSLib","The Animator","The Cursed","The Servant 0.9.4","WarShipGirlsR/战舰少女R mod"],"gold_per_floor":[116,116,66,90,90,126,51,51,99,139,139,172,193,216,216,335,335,358,358,358,379,393,429,429,445,445,460,478,496,496,535,535,660,660,673,673,688,180,180,219,219,219,219,219,233,233,233],"floor_reached":46,"language":"ZHS","playtime":5041,"items_purged":["Pain","Strike_P","Defend_P","Replay:Hum"],"score":608,"play_id":"12178cb7-0ad5-442f-94e1-7e1e33b27fcb","local_time":"20210204111833","is_ascension_mode":false,"campfire_choices":[{"floor":8.0,"key":"REST"},{"data":"Wallop","floor":11.0,"key":"SMITH"},{"floor":15.0,"key":"REST"},{"data":"MentalFortress","floor":24.0,"key":"SMITH"},{"floor":32.0,"key":"REST"}],"circlet_count":0,"master_deck":["Strike_P+1","Strike_P","Strike_P","Defend_P","Defend_P","Eruption","Vigilance","Replay:AtTheReady","Wallop+1","MasterReality","Devotion","CutThroughFate+1","MentalFortress+1","Nirvana","FollowUp+1","Devotion","WindmillStrike","Languid","Amnesia","Indignation+1"],"relics":["Philosopher\u0027s Stone","Golden Idol","WarpedTongs","TungstenRod","Oddly Smooth Stone","Replay:Baseball","ReplayTheSpireMod:TigerMarble","infinitespire:Cupcake","Sundial","infinitespire:WardingShard","Mango","Replay:Kaleidoscope","Busted Crown","Bottled Tornado","Cursed Key","Damaru","Replay:Ringing Soul","conspire:DeflatedDodgeball","Torii","Happy Flower","Divine Protection"],"acts_visited":["Exordium","TheCity","TheBeyond"],"potions_floor_usage":[45],"damage_taken":[{"damage":2.0,"enemies":"Jaw Worm","floor":1.0,"turns":3.0},{"damage":1.0,"enemies":"Small Slimes","floor":4.0,"turns":3.0},{"damage":50.0,"enemies":"3 Sentries","floor":6.0,"turns":6.0},{"damage":13.0,"enemies":"Gremlin Nob","floor":10.0,"turns":3.0},{"damage":0.0,"enemies":"Replay:BlueRogue","floor":12.0,"turns":6.0},{"damage":0.0,"enemies":"Cultist","floor":13.0,"turns":4.0},{"damage":6.0,"enemies":"Exordium Thugs","floor":14.0,"turns":5.0},{"damage":10.0,"enemies":"Fading Forest","floor":16.0,"turns":11.0},{"damage":12.0,"enemies":"Shell Parasite","floor":18.0,"turns":3.0},{"damage":17.0,"enemies":"3 Byrds","floor":21.0,"turns":8.0},{"damage":17.0,"enemies":"Snake Plant","floor":22.0,"turns":6.0},{"damage":9.0,"enemies":"conspire:SneckoGhost","floor":23.0,"turns":6.0},{"damage":1.0,"enemies":"Sentry and Sphere","floor":25.0,"turns":6.0},{"damage":10.0,"enemies":"Cultist and Chosen","floor":27.0,"turns":6.0},{"damage":0.0,"enemies":"Centurion and Healer","floor":28.0,"turns":6.0},{"damage":12.0,"enemies":"Snake Plant","floor":29.0,"turns":4.0},{"damage":0.0,"enemies":"Gremlin Leader","floor":31.0,"turns":7.0},{"damage":13.0,"enemies":"Champ","floor":33.0,"turns":8.0},{"damage":14.0,"enemies":"3 Darklings","floor":35.0,"turns":5.0},{"damage":8.0,"enemies":"3 Shapes","floor":37.0,"turns":4.0},{"damage":23,"enemies":"Nightmare","floor":40,"turns":9},{"damage":0,"enemies":"Transient","floor":45,"turns":5},{"damage":70,"enemies":"Orin","floor":46,"turns":7}],"seed_played":"-548317167803433400","potions_obtained":[{"floor":1.0,"key":"Dexterity Potion"},{"floor":10.0,"key":"Elixir"},{"floor":16.0,"key":"LiquidMemories"},{"floor":22.0,"key":"Reflective Coating"},{"floor":23.0,"key":"Adrenaline Potion"},{"floor":25.0,"key":"Milkshake"},{"floor":31.0,"key":"Toxic Potion"},{"floor":35.0,"key":"SpeedPotion"},{"floor":45,"key":"BlessingOfTheForge"}],"is_trial":false,"path_per_floor":["M","?","?","M","?","E","$","R","T","E","R","E","M","M","R","B",null,"M","?","?","M","M","E","R","M","T","M","M","M","AVR","E","R","B",null,"M","?","M","$","?","NM","AVR","?","T","T","M","?"],"character_chosen":"WATCHER","items_purchased":["Damaru","Replay:Ringing Soul"],"campfire_rested":3,"item_purchase_floors":[38,38],"current_hp_per_floor":[70,52,52,51,51,1,1,22,22,9,9,9,9,3,24,35,72,60,60,60,43,26,17,17,16,30,20,20,8,8,8,33,20,86,72,72,64,64,64,42,45,45,48,51,54,0,0],"gold":233,"neow_bonus":"BOSS_RELIC","is_daily":false,"chose_seed":false,"campfire_upgraded":2,"win_rate":0.0,"timestamp":1612408713,"path_taken":["M","?","?","?","?","E","$","R","T","E","R","E","?","M","R","BOSS","M","?","?","M","M","E","R","M","T","M","M","M","AVR","E","R","BOSS","M","?","M","$","?","NM","AVR","?","T","?","?","?"],"items_purchased_type":["Relic","Relic"],"build_version":"2020-12-22","purchased_purges":4,"victory":false,"max_hp_per_floor":[72,72,72,72,72,72,72,72,72,72,72,72,72,72,72,72,72,72,72,72,72,72,72,72,72,86,86,86,86,86,86,86,86,86,86,86,86,86,86,87,90,90,93,96,99,99,99],"relic_stats":{"Busted Crown":16,"Torii":12,"Happy Flower":[4],"counters":[23,131],"Golden Idol":156,"Sundial":[20],"Cursed Key":2,"obtain_stats":[{"Divine Protection":44,"Torii":41,"Happy Flower":43,"Golden Idol":2,"Oddly Smooth Stone":9,"Damaru":38,"Mango":26,"Replay:Kaleidoscope":30,"Bottled Tornado":31,"Cursed Key":34,"WarpedTongs":5,"Replay:Ringing Soul":38,"Replay:Baseball":10,"Busted Crown":30,"infinitespire:WardingShard":23,"Sundial":20,"Philosopher\u0027s Stone":0,"ReplayTheSpireMod:TigerMarble":12,"PureWater":0,"conspire:DeflatedDodgeball":40,"TungstenRod":6,"infinitespire:Cupcake":17},{"Divine Protection":21,"Torii":21,"Happy Flower":21,"Golden Idol":1,"Oddly Smooth Stone":3,"Damaru":20,"Mango":13,"Replay:Kaleidoscope":16,"Bottled Tornado":17,"Cursed Key":18,"WarpedTongs":2,"Replay:Ringing Soul":20,"Replay:Baseball":4,"Busted Crown":16,"infinitespire:WardingShard":12,"Sundial":9,"Philosopher\u0027s Stone":0,"ReplayTheSpireMod:TigerMarble":5,"PureWater":0,"conspire:DeflatedDodgeball":21,"TungstenRod":3,"infinitespire:Cupcake":8},{"Divine Protection":119,"Torii":119,"Happy Flower":119,"Golden Idol":3,"Oddly Smooth Stone":12,"Damaru":110,"Mango":70,"Replay:Kaleidoscope":86,"Bottled Tornado":93,"Cursed Key":101,"WarpedTongs":6,"Replay:Ringing Soul":110,"Replay:Baseball":15,"Busted Crown":86,"infinitespire:WardingShard":64,"Sundial":44,"Philosopher\u0027s Stone":0,"ReplayTheSpireMod:TigerMarble":21,"PureWater":0,"conspire:DeflatedDodgeball":119,"TungstenRod":12,"infinitespire:Cupcake":41}],"TungstenRod":53,"WarpedTongs":[117]},"card_choices":[{"not_picked":["SashWhip","CarveReality","Halt"],"picked":"SKIP","floor":1.0},{"not_picked":["BowlingBash","Replay:ManipulateFuture"],"picked":"Replay:AtTheReady","floor":4.0},{"not_picked":["Establishment","BowlingBash"],"picked":"Wallop","floor":6.0},{"not_picked":["Evaluate","CarveReality"],"picked":"MasterReality","floor":10.0},{"not_picked":["FlyingSleeves","ThirdEye","BowlingBash"],"picked":"SKIP","floor":12.0},{"not_picked":["WheelKick","BowlingBash"],"picked":"Replay:Hum","floor":13.0},{"not_picked":["EmptyBody","Protect","Replay:ManipulateFuture"],"picked":"SKIP","floor":14.0},{"not_picked":["Ragnarok","Blasphemy"],"picked":"Devotion","floor":16.0},{"not_picked":["PathToVictory","EmptyBody+1","Replay:BluntJabs+1"],"picked":"SKIP","floor":18.0},{"not_picked":["InnerPeace","ForeignInfluence","Crescendo"],"picked":"SKIP","floor":21.0},{"not_picked":["JustLucky","ThirdEye+1"],"picked":"CutThroughFate+1","floor":22.0},{"not_picked":["Replay:AtTheReady","Replay:Battleflow+1"],"picked":"MentalFortress","floor":23.0},{"not_picked":["Sanctity+1","JustLucky","Halt"],"picked":"SKIP","floor":25.0},{"not_picked":["ForeignInfluence+1","Replay:AllIn"],"picked":"Nirvana","floor":27.0},{"not_picked":["Replay:BluntJabs","FlurryOfBlows","Consecrate+1"],"picked":"SKIP","floor":28.0},{"not_picked":["Prostrate","Replay:DivineShield"],"picked":"FollowUp+1","floor":29.0},{"not_picked":["WheelKick"],"picked":"SKIP","floor":31.0},{"not_picked":[],"picked":"Devotion","floor":33.0},{"not_picked":[],"picked":"WindmillStrike","floor":35.0},{"not_picked":["InnerPeace+1"],"picked":"SKIP","floor":37.0},{"not_picked":["Worship+1"],"picked":"SKIP","floor":40},{"not_picked":[],"picked":"Indignation+1","floor":45}],"player_experience":109379,"relics_obtained":[{"floor":6.0,"key":"TungstenRod"},{"floor":9.0,"key":"Oddly Smooth Stone"},{"floor":10.0,"key":"Replay:Baseball"},{"floor":12.0,"key":"ReplayTheSpireMod:TigerMarble"},{"floor":23.0,"key":"infinitespire:WardingShard"},{"floor":26.0,"key":"Mango"},{"floor":31.0,"key":"Bottled Tornado"},{"floor":40,"key":"conspire:DeflatedDodgeball"},{"floor":43,"key":"Happy Flower"},{"floor":44,"key":"Divine Protection"}],"event_choices":[{"damage_healed":0.0,"max_hp_gain":0.0,"max_hp_loss":0.0,"gold_gain":0.0,"event_name":"Golden Idol","player_choice":"Take Damage","floor":2.0,"gold_loss":0.0,"damage_taken":18.0,"relics_obtained":["Golden Idol"]},{"cards_removed":["Defend_P"],"damage_healed":0.0,"max_hp_gain":0.0,"max_hp_loss":0.0,"gold_gain":0.0,"event_name":"The Cleric","player_choice":"Card Removal","floor":3.0,"gold_loss":50.0,"damage_taken":0.0},{"damage_healed":0.0,"max_hp_gain":0.0,"max_hp_loss":0.0,"gold_gain":0.0,"event_name":"Accursed Blacksmith","player_choice":"Rummage","floor":5.0,"gold_loss":0.0,"damage_taken":0.0,"relics_obtained":["WarpedTongs"],"cards_obtained":["Pain"]},{"damage_healed":0,"gold_gain":0,"player_choice":"Ignored","damage_taken":0,"max_hp_gain":0,"max_hp_loss":0,"event_name":"Mysterious Sphere","floor":39,"gold_loss":0},{"cards_removed":["infinitespire:SealOfDarkness"],"damage_healed":0,"gold_gain":0,"player_choice":"Removed Skill","damage_taken":0,"max_hp_gain":0,"max_hp_loss":0,"event_name":"Falling","floor":42,"gold_loss":0},{"damage_healed":0,"gold_gain":0,"player_choice":"Fight","damage_taken":0,"max_hp_gain":0,"max_hp_loss":0,"event_name":"OrinTheCat","floor":46,"gold_loss":0}],"is_beta":false,"boss_relics":[{"not_picked":["Calling Bell","conspire:SpecialSausage"],"picked":"infinitespire:Cupcake"},{"not_picked":["conspire:RunicOctahedron","Runic Pyramid"],"picked":"Cursed Key"}],"items_purged_floors":[7,38,38,41],"is_endless":true,"potions_floor_spawned":[1,10,16,22,23,25,28,31,35,45],"killed_by":"Orin","ascension_level":0}}