{"host":"Sylvester","time":1612421783,"event":{"mods":["BaseMod","Filter the Spire","Lobotomy","Minty Spire (QoL Compilation)","Replay The Spire","StSLib"],"gold_per_floor":[116,142,155,173,173,205,205,222,291,367,367,384,396,396,432,432,544,544,565,125,125,125,153,189,239,268,268,268,343,383,383,409,409,519,519,539,558,575,598,598,598,624,640,719,719,738,766,790,810,810,810,810,810,810,67,101,101,101],"floor_reached":57,"language":"ENG","playtime":2908,"items_purged":["Voices","Strike_G"],"score":1288,"play_id":"b5962e9d-5848-446a-bfc1-d630f5d85783","local_time":"20210203225623","is_ascension_mode":true,"campfire_choices":[{"data":"Blade Dance","floor":7.0,"key":"SMITH"},{"data":"Cloak And Dagger","floor":11.0,"key":"SMITH"},{"data":"Strike_G","floor":14.0,"key":"PURGE"},{"data":"Strike_G","floor":16.0,"key":"PURGE"},{"data":"Strike_G","floor":28.0,"key":"PURGE"},{"floor":31,"key":"REST"},{"data":"Strike_G","floor":33,"key":"PURGE"},{"floor":41,"key":"REST"},{"floor":45,"key":"REST"},{"floor":50,"key":"RECALL"},{"data":"Replay:Bag of Tricks","floor":54,"key":"PURGE"}],"circlet_count":0,"master_deck":["Defend_G","Defend_G","Defend_G","Defend_G","Defend_G","Survivor","Neutralize","Poisoned Stab","Blade Dance+1","Cloak And Dagger+1","Dagger Spray","Caltrops","PiercingWail","Corpse Explosion","Hidden Blade","Caltrops","After Image","Choke","ReplayTheSpireMod:Scrap Shanks","Footwork","Footwork","Midas Touch","Magnetism","Leg Sweep","Storm of Steel+1","Endless Agony+1","Blade Dance","Hidden Blade+1","Parasite","Infinite Blades+1","Prepared+1","Caltrops","Backflip","Cloak And Dagger","Dodge and Roll","Terror","ReplayTheSpireMod:Speed Training+1"],"relics":["WristBlade","ReplayTheSpireMod:CursedCoin","Peace Pipe","Tiny Chest","The Courier","Mummified Hand","CeramicFish","Fusion Hammer","Pet Ghost","ReplayTheSpireMod:ShopPack","Enchiridion","Replay:Kaleidoscope","Smiling Mask","Ginger","Ninja Scroll","Basket Of Snakes","Replay:Grab Bag","ReplayTheSpireMod:Onyx Gauntlets","ReplayTheSpireMod:DimensionalGlitch","Runic Pyramid","ReplayTheSpireMod:TigerMarble","Gremlin Horn","Quantum Egg","Bag of Preparation","Bag of Marbles","Garlic"],"acts_visited":["Exordium","TheCity","TheBeyond","TheEnding"],"potions_floor_usage":[51,57,57],"damage_taken":[{"damage":1.0,"enemies":"2 Louse","floor":1.0,"turns":2.0},{"damage":0.0,"enemies":"Cultist","floor":3.0,"turns":2.0},{"damage":0.0,"enemies":"Small Slimes","floor":4.0,"turns":3.0},{"damage":10.0,"enemies":"3 Sentries","floor":6.0,"turns":8.0},{"damage":0.0,"enemies":"Blue Slaver","floor":8.0,"turns":3.0},{"damage":2.0,"enemies":"Red Slaver","floor":12.0,"turns":4.0},{"damage":0.0,"enemies":"2 Fungi Beasts","floor":13.0,"turns":3.0},{"damage":15.0,"enemies":"Lagavulin","floor":15.0,"turns":5.0},{"damage":23.0,"enemies":"Slime Boss","floor":17.0,"turns":10.0},{"damage":11.0,"enemies":"2 Thieves","floor":19.0,"turns":2.0},{"damage":0.0,"enemies":"Spheric Guardian","floor":23.0,"turns":1.0},{"damage":0.0,"enemies":"Gremlin Leader","floor":24.0,"turns":5.0},{"damage":0.0,"enemies":"Slavers","floor":26.0,"turns":5.0},{"damage":4,"enemies":"Replay:Snechameleon","floor":30,"turns":4},{"damage":0,"enemies":"Centurion and Healer","floor":32,"turns":2},{"damage":2,"enemies":"Pondfish","floor":34,"turns":6},{"damage":16,"enemies":"3 Shapes","floor":36,"turns":4},{"damage":13,"enemies":"3 Darklings","floor":37,"turns":5},{"damage":0,"enemies":"Maw","floor":38,"turns":4},{"damage":38,"enemies":"Transient","floor":39,"turns":5},{"damage":11,"enemies":"Reptomancer","floor":42,"turns":5},{"damage":0,"enemies":"3 Darklings","floor":43,"turns":2},{"damage":0,"enemies":"Writhing Mass","floor":46,"turns":2},{"damage":3,"enemies":"Spire Growth","floor":47,"turns":3},{"damage":0,"enemies":"Jaw Worm Horde","floor":48,"turns":1},{"damage":10,"enemies":"Writhing Mass","floor":49,"turns":3},{"damage":8,"enemies":"Time Eater","floor":51,"turns":5},{"damage":7,"enemies":"Shield and Spear","floor":56,"turns":6},{"damage":76,"enemies":"The Heart","floor":57,"turns":5}],"seed_played":"7371877480278965857","potions_obtained":[{"floor":4.0,"key":"DistilledChaos"},{"floor":12.0,"key":"SkillPotion"},{"floor":17.0,"key":"Reflective Coating"},{"floor":30,"key":"Explosive Potion"},{"floor":32,"key":"SteroidPotion"},{"floor":38,"key":"FairyPotion"}],"is_trial":false,"path_per_floor":["M","$","M","M","?","E","R","M","T","T","R","M","M","R","E","R","B",null,"M","$","?","?","M","E","T","E","T","R","?","E","R","M","R","B",null,"M","M","M","M","?","R","E","M","T","R","M","M","M","M","R","B",null,null,"R","$","E","B"],"character_chosen":"THE_SILENT","items_purchased":["Blade Dance","ReplayTheSpireMod:CursedCoin","ReplayTheSpireMod:Scrap Shanks","Footwork","Footwork","Pet Ghost","ReplayTheSpireMod:ShopPack","Quantum Egg","Bag of Preparation","Bag of Marbles","Caltrops","GhostInAJar","Backflip","Cloak And Dagger","Dodge and Roll","Strength Potion","Terror"],"campfire_rested":3,"item_purchase_floors":[2,2,20,20,20,20,20,55,55,55,55,55,55,55,55,55,55],"current_hp_per_floor":[69,69,69,69,69,59,59,59,59,59,59,57,57,57,42,42,19,70,59,59,43,43,43,43,43,43,43,43,36,32,53,53,53,51,70,54,41,41,3,3,24,13,13,13,34,34,31,31,21,21,13,13,70,70,70,63,0,0],"gold":101,"neow_bonus":"BOSS_RELIC","is_daily":false,"chose_seed":false,"campfire_upgraded":2,"win_rate":0.0,"timestamp":1612421783,"path_taken":["M","$","M","M","?","E","R","M","T","T","R","M","M","R","E","R","BOSS","M","?","?","?","M","E","?","E","T","R","?","E","R","M","R","BOSS","M","M","M","M","?","R","E","M","T","R","M","M","M","M","R","BOSS","R","$","E","BOSS"],"items_purchased_type":["Card","Relic","Card","Card","Card","Relic","Relic","Relic","Relic","Relic","Card","Potion","Card","Card","Card","Potion","Card"],"build_version":"2020-11-17","purchased_purges":2,"victory":false,"max_hp_per_floor":[70,70,70,70,70,70,70,70,70,70,70,70,70,70,70,70,70,70,70,70,70,70,70,70,70,70,70,70,70,70,70,70,70,70,70,70,70,70,70,70,70,70,70,70,70,70,70,70,70,70,70,70,70,70,70,70,70,70],"card_choices":[{"not_picked":["Sucker Punch","Deadly Poison"],"picked":"Poisoned Stab","floor":1.0},{"not_picked":["Poisoned Stab","Dodge and Roll"],"picked":"Cloak And Dagger","floor":3.0},{"not_picked":["ReplayTheSpireMod:Tripwire","Backflip"],"picked":"Dagger Spray","floor":4.0},{"not_picked":["Tactician","Underhanded Strike"],"picked":"Caltrops","floor":6.0},{"not_picked":["Tactician","Setup"],"picked":"PiercingWail","floor":8.0},{"not_picked":["Hidden Blade","Dagger Spray"],"picked":"Corpse Explosion","floor":12.0},{"not_picked":["Bane","Backflip"],"picked":"Hidden Blade","floor":13.0},{"not_picked":["Bouncing Flask","Acrobatics"],"picked":"Caltrops","floor":15.0},{"not_picked":["Atom Bomb","Poison Darts"],"picked":"After Image","floor":17.0},{"not_picked":["Caltrops","ReplayTheSpireMod:Exploit Weakness"],"picked":"Choke","floor":19.0},{"not_picked":["Secret Technique","Magnetism"],"picked":"Midas Touch","floor":20.0},{"not_picked":["Madness","Replay:Sssssssssshield"],"picked":"Magnetism","floor":20.0},{"not_picked":["Dagger Spray","Tactician"],"picked":"Leg Sweep","floor":23.0},{"not_picked":["Bane","Dagger Spray"],"picked":"Storm of Steel","floor":24.0},{"not_picked":["Expertise","ReplayTheSpireMod:Speed Training","Dodge and Roll"],"picked":"SKIP","floor":26.0},{"not_picked":["Dodge and Roll","Reflex"],"picked":"Endless Agony+1","floor":30},{"not_picked":["Distraction","Flying Knee+1"],"picked":"Blade Dance","floor":32},{"not_picked":["Envenom","Night Terror"],"picked":"Replay:Bag of Tricks","floor":34},{"not_picked":["Dagger Throw+1","Fluid Movement+1","Flechettes"],"picked":"SKIP","floor":36},{"not_picked":["Fluid Movement","Dagger Throw+1","Quick Slash"],"picked":"SKIP","floor":37},{"not_picked":["Draining Mist","Expertise","Poisoned Stab"],"picked":"SKIP","floor":38},{"not_picked":["ReplayTheSpireMod:Tripwire","Deadly Poison"],"picked":"Hidden Blade+1","floor":39},{"not_picked":["ReplayTheSpireMod:The Works+1","Toxin Wave","Flying Knee+1"],"picked":"SKIP","floor":42},{"not_picked":["Poisoned Stab","Slice+1","Heel Hook+1"],"picked":"SKIP","floor":43},{"not_picked":["Slice+1","Dagger Spray+1","Bane+1"],"picked":"SKIP","floor":46},{"not_picked":["Reflex","Bane"],"picked":"Infinite Blades+1","floor":47},{"not_picked":["Deadly Poison","ReplayTheSpireMod:The Works+1"],"picked":"Prepared+1","floor":48},{"not_picked":["Storm of Steel","Infinite Blades","Deflect"],"picked":"SKIP","floor":49},{"not_picked":["Riddle With Holes","Hidden Blade+1"],"picked":"ReplayTheSpireMod:Speed Training+1","floor":56}],"player_experience":204286,"relics_obtained":[{"floor":5.0,"key":"Peace Pipe"},{"floor":6.0,"key":"Tiny Chest"},{"floor":9.0,"key":"The Courier"},{"floor":10.0,"key":"Mummified Hand"},{"floor":15.0,"key":"CeramicFish"},{"floor":21.0,"key":"Enchiridion"},{"floor":24.0,"key":"Smiling Mask"},{"floor":26.0,"key":"Ginger"},{"floor":27.0,"key":"Ninja Scroll"},{"floor":30,"key":"Basket Of Snakes"},{"floor":42,"key":"ReplayTheSpireMod:TigerMarble"},{"floor":44,"key":"Gremlin Horn"},{"floor":56,"key":"Garlic"}],"event_choices":[{"damage_healed":0.0,"max_hp_gain":0.0,"max_hp_loss":0.0,"gold_gain":0.0,"event_name":"Wheel of Change","player_choice":"Relic","floor":5.0,"gold_loss":0.0,"damage_taken":0.0},{"damage_healed":0.0,"max_hp_gain":0.0,"max_hp_loss":0.0,"gold_gain":0.0,"event_name":"Cursed Tome","player_choice":"Obtained Book","floor":21.0,"gold_loss":0.0,"damage_taken":16.0},{"damage_healed":0.0,"max_hp_gain":0.0,"max_hp_loss":0.0,"gold_gain":0.0,"event_name":"WeMeetAgain","player_choice":"Gave Potion","floor":22.0,"gold_loss":0.0,"damage_taken":0.0,"relics_obtained":["Replay:Kaleidoscope"]},{"damage_healed":0,"gold_gain":75,"player_choice":"Touch","damage_taken":7,"max_hp_gain":0,"max_hp_loss":0,"event_name":"FaceTrader","floor":29,"gold_loss":0},{"damage_healed":0,"gold_gain":0,"player_choice":"Upgraded","damage_taken":0,"max_hp_gain":0,"max_hp_loss":0,"event_name":"Upgrade Shrine","floor":40,"gold_loss":0,"cards_upgraded":["Storm of Steel"]}],"is_beta":true,"boss_relics":[{"not_picked":["Velvet Choker","Snecko Heart"],"picked":"Fusion Hammer"},{"not_picked":["SlaversCollar","Replay:Bronze Core"],"picked":"Replay:Grab Bag"},{"not_picked":["Runic Dome","Replay:Wanted Poster"],"picked":"ReplayTheSpireMod:Onyx Gauntlets"},{"not_picked":["Painkiller Herb","ChewingGum"],"picked":"ReplayTheSpireMod:DimensionalGlitch"},{"not_picked":["Calling Bell","Astrolabe"],"picked":"Runic Pyramid"}],"items_purged_floors":[2,20],"is_endless":false,"potions_floor_spawned":[4,12,17,30,32,34,37,38,39,49,56],"killed_by":"The Heart","ascension_level":1}}