{"host":"i0avyit1s6jb1siw","time":1612468307,"event":{"mods":["BaseMod","DeckTracker","Dota2Spire","Highlight Path","Minty Spire (QoL Compilation)","Quick Restart","StSLib","SuperFastMode"],"gold_per_floor":[11,29,29,29,43,43,73,84,84,84,94,94,15,25,25,25,25,25],"floor_reached":17,"language":"ENG","playtime":396,"items_purged":[],"score":214,"play_id":"3bad5a14-35b5-4f2d-b8af-8ad9f1aba284","local_time":"20210204205147","is_ascension_mode":true,"campfire_choices":[{"data":"Blade Dance","floor":6.0,"key":"SMITH"},{"floor":12.0,"key":"REST"},{"floor":16,"key":"REST"}],"circlet_count":0,"master_deck":["AscendersBane","Strike_G","Strike_G","Strike_G","Strike_G","Defend_G","Defend_G","Defend_G","Defend_G","Survivor","Neutralize+1","Quick Slash","Heel Hook","Flying Knee","Blade Dance+1","Tactician","Well Laid Plans","Dagger Throw","Adrenaline","Accuracy","Prepared"],"relics":["Ring of the Snake","TungstenRod","Ginger"],"acts_visited":["Exordium"],"potions_floor_usage":[],"damage_taken":[{"damage":0.0,"enemies":"Jaw Worm","floor":1.0,"turns":4.0},{"damage":0.0,"enemies":"2 Louse","floor":2.0,"turns":3.0},{"damage":0.0,"enemies":"Cultist","floor":5.0,"turns":2.0},{"damage":32.0,"enemies":"3 Sentries","floor":7.0,"turns":10.0},{"damage":0.0,"enemies":"Looter","floor":8.0,"turns":3.0},{"damage":7.0,"enemies":"Exordium Wildlife","floor":11.0,"turns":4.0},{"damage":15,"enemies":"Gremlin Gang","floor":14,"turns":5},{"damage":34,"enemies":"The Guardian","floor":17,"turns":13}],"seed_played":"5972179820563545377","potions_obtained":[{"floor":11.0,"key":"SneckoOil"}],"is_trial":false,"path_per_floor":["M","M","?","?","M","R","E","M","T","T","M","R","$","M","?","R","B"],"character_chosen":"THE_SILENT","items_purchased":["Accuracy"],"campfire_rested":2,"item_purchase_floors":[13],"current_hp_per_floor":[59,59,59,50,50,50,18,18,18,18,11,30,30,15,15,34,0,0],"gold":25,"neow_bonus":"TRANSFORM_TWO_CARDS","is_daily":false,"chose_seed":false,"campfire_upgraded":1,"win_rate":0.0,"timestamp":1612468307,"path_taken":["M","M","?","?","M","R","E","M","T","T","M","R","$","?","?","R","BOSS"],"items_purchased_type":["Card"],"build_version":"2020-12-22","purchased_purges":0,"victory":false,"max_hp_per_floor":[66,66,66,66,66,66,66,66,66,66,66,66,66,66,66,66,66,66],"card_choices":[{"not_picked":["Backflip","Outmaneuver"],"picked":"Flying Knee","floor":1.0},{"not_picked":["Sucker Punch","Accuracy"],"picked":"Blade Dance","floor":2.0},{"not_picked":["Cloak And Dagger","Choke"],"picked":"Tactician","floor":5.0},{"not_picked":["Deadly Poison","Concentrate"],"picked":"Well Laid Plans","floor":7.0},{"not_picked":["Slice","Expertise"],"picked":"Dagger Throw","floor":8.0},{"not_picked":["Blade Dance","Riddle With Holes"],"picked":"Adrenaline","floor":11.0},{"not_picked":["Quick Slash","Catalyst"],"picked":"Prepared","floor":14}],"player_experience":2406801,"relics_obtained":[{"floor":7.0,"key":"TungstenRod"},{"floor":10.0,"key":"Ginger"}],"event_choices":[{"damage_healed":0.0,"max_hp_gain":0.0,"max_hp_loss":0.0,"gold_gain":0.0,"event_name":"Living Wall","player_choice":"Grow","floor":3.0,"gold_loss":0.0,"damage_taken":0.0,"cards_upgraded":["Neutralize"]},{"damage_healed":0.0,"max_hp_gain":0.0,"max_hp_loss":0.0,"gold_gain":0.0,"event_name":"Wheel of Change","player_choice":"Damaged","floor":4.0,"gold_loss":0.0,"damage_taken":9.0},{"damage_healed":0,"gold_gain":0,"player_choice":"Ignored","damage_taken":0,"max_hp_gain":0,"max_hp_loss":0,"event_name":"Shining Light","floor":15,"gold_loss":0}],"is_beta":false,"boss_relics":[],"items_purged_floors":[],"is_endless":false,"potions_floor_spawned":[2,11],"killed_by":"The Guardian","ascension_level":20}}