{"host":"w8xisjf5mgmfjvmt","time":1612411059,"event":{"mods":["BaseMod","BetterRewards","Challenge The Spire","Conspire","Energized Spire","Filter the Spire","Minty Spire (QoL Compilation)","Quarter Circle Forward PUNCH!","Quick Restart","Relic Filter Mod","Relic Stats","Reliquary","Replay The Spire","Shop Mod","Spicy Shops","StSLib","¡¾ÒÅÎï¿¨ÅÆ¡¿REMEMod","óô»ðÖ¸ÄÏ"],"gold_per_floor":[115,165,190,209,225,225,225],"floor_reached":6,"language":"ZHS","playtime":169,"items_purged":[],"score":76,"play_id":"36f7c79f-2e56-49da-9ce9-eb2454c1e9ca","local_time":"20210204115739","is_ascension_mode":true,"campfire_choices":[],"circlet_count":0,"master_deck":["AscendersBane","Strike_G","Strike_G","Strike_G","Defend_G","Defend_G","Defend_G","Defend_G","Survivor","Neutralize","Adrenaline+1","Doppelganger+1","Distraction+1","Spot Weakness","All Out Attack","Tactician","Cloak And Dagger","PiercingWail"],"relics":["REME_ComplimentaryCards","Astrolabe","conspire:TopHat"],"acts_visited":["Exordium"],"potions_floor_usage":[],"damage_taken":[{"damage":0.0,"enemies":"Cultist","floor":1.0,"turns":4.0},{"damage":3.0,"enemies":"2 Louse","floor":2.0,"turns":2.0},{"damage":5,"enemies":"Small Slimes","floor":4,"turns":3},{"damage":0,"enemies":"Looter","floor":5,"turns":3},{"damage":42,"enemies":"Gremlin Nob","floor":6,"turns":4}],"seed_played":"-2179666706971355638","potions_obtained":[{"floor":1.0,"key":"REME_GoldPotion"}],"is_trial":false,"path_per_floor":["M","M","T","M","M","E"],"character_chosen":"THE_SILENT","items_purchased":[],"campfire_rested":0,"item_purchase_floors":[],"current_hp_per_floor":[59,56,56,51,51,9,9],"gold":225,"neow_bonus":"BOSS_RELIC","is_daily":false,"chose_seed":false,"campfire_upgraded":0,"win_rate":0.0,"timestamp":1612411059,"path_taken":["M","M","?","M","M","E"],"items_purchased_type":[],"build_version":"2020-12-22","purchased_purges":0,"victory":false,"max_hp_per_floor":[66,66,66,66,66,66,66],"relic_stats":{"counters":[5,16],"Astrolabe":["Adrenaline","Doppelganger","Distraction"],"obtain_stats":[{"Astrolabe":0,"conspire:TopHat":3,"Ring of the Snake":0,"REME_ComplimentaryCards":0},{"Astrolabe":0,"conspire:TopHat":2,"Ring of the Snake":0,"REME_ComplimentaryCards":0},{"Astrolabe":0,"conspire:TopHat":6,"Ring of the Snake":0,"REME_ComplimentaryCards":0}]},"card_choices":[{"not_picked":["PiercingWail","Deadly Poison"],"picked":"All Out Attack","floor":1.0},{"not_picked":["Sucker Punch","Acrobatics"],"picked":"Tactician","floor":2.0},{"not_picked":["Noxious Fumes","Backflip"],"picked":"Cloak And Dagger","floor":4},{"not_picked":["Sneak Up","Deflect"],"picked":"PiercingWail","floor":5}],"player_experience":1266037,"relics_obtained":[{"floor":3.0,"key":"conspire:TopHat"}],"event_choices":[],"is_beta":false,"boss_relics":[],"items_purged_floors":[],"is_endless":false,"potions_floor_spawned":[1],"killed_by":"Gremlin Nob","ascension_level":20}}