{"host":"18ybagvpjbhxblmx","time":1612465518,"event":{"mods":["BaseMod","BetterRewards","Colored Map","Conspire","Friendly Minions","Hubris","Infinite Spire","Koishi","Marisa????????","Minty Spire (QoL Compilation)","Quick Restart","Replay The Spire","StSLib","The Administrix","The Servant 0.9.4"],"gold_per_floor":[111,111,36,48,61,90,90,117,117,117,143,154,170,182,182,182,182],"floor_reached":16,"language":"ENG","playtime":1001,"items_purged":["AdministrixMod:Defend_Administrix"],"score":151,"play_id":"db99bbbf-9388-4df8-a859-20ec14e85c1d","local_time":"20210204200518","is_ascension_mode":true,"campfire_choices":[{"data":"AdministrixMod:Transition","floor":7.0,"key":"SMITH"},{"data":"AdministrixMod:RisingSunPrince","floor":15.0,"key":"SMITH"}],"circlet_count":0,"master_deck":["AdministrixMod:Strike_Administrix","AdministrixMod:Strike_Administrix","AdministrixMod:Strike_Administrix","AdministrixMod:RedCloak","AdministrixMod:Defend_Administrix","AdministrixMod:Defend_Administrix","AdministrixMod:BlueCloak","AdministrixMod:ImmortalPurity+1","AdministrixMod:ImmortalPurity+1","AdministrixMod:GuanyinBlessing","AdministrixMod:ImmortalGrace","AdministrixMod:RisingSunPrince+1","AdministrixMod:Transition+1","AdministrixMod:CastOffRegrets"],"relics":["AdministrixMod:ConductorRitualBaton","infinitespire:Joker Card","Bird Faced Urn","AdministrixMod:DragonsEyeCharm","Pen Nib","Replay:Bottled Eggs","Art of War","Strawberry"],"acts_visited":["Exordium"],"potions_floor_usage":[],"damage_taken":[{"damage":1.0,"enemies":"Jaw Worm","floor":1.0,"turns":5.0},{"damage":0.0,"enemies":"Small Slimes","floor":4.0,"turns":3.0},{"damage":0.0,"enemies":"Cultist","floor":5.0,"turns":2.0},{"damage":1.0,"enemies":"Lagavulin","floor":6.0,"turns":6.0},{"damage":0.0,"enemies":"Gremlin Nob","floor":8.0,"turns":3.0},{"damage":2.0,"enemies":"Looter","floor":12.0,"turns":2.0},{"damage":0.0,"enemies":"2 Fungi Beasts","floor":13.0,"turns":3.0},{"damage":1.0,"enemies":"Blue Slaver","floor":14.0,"turns":3.0},{"damage":0,"enemies":"Fading Forest","floor":16,"turns":1}],"seed_played":"-3644840002855604472","potions_obtained":[{"floor":6.0,"key":"BlessingOfTheForge"},{"floor":8.0,"key":"SmokeBomb"},{"floor":14.0,"key":"Dexterity Potion"}],"is_trial":false,"path_per_floor":["M","?","$","M","M","E","R","E","T","?","T","M","M","M","R","B"],"character_chosen":"TheAdministrix","items_purchased":["infinitespire:Joker Card","AdministrixMod:ImmortalPurity","AdministrixMod:GuanyinBlessing","AdministrixMod:DragonsEyeCharm"],"campfire_rested":0,"item_purchase_floors":[0,0,0,0],"current_hp_per_floor":[33,26,26,26,26,25,25,25,25,25,32,32,34,35,35,35,35],"gold":182,"neow_bonus":"","is_daily":false,"chose_seed":false,"campfire_upgraded":2,"win_rate":0.0,"timestamp":1612465518,"path_taken":["M","?","$","M","M","E","R","E","T","?","?","M","M","M","R","BOSS"],"items_purchased_type":["Relic","Card","Card","Relic"],"build_version":"2020-12-22","purchased_purges":1,"victory":false,"max_hp_per_floor":[65,65,65,65,65,65,65,65,65,65,72,72,72,72,72,72,72],"card_choices":[{"not_picked":["AdministrixMod:CenturiesAscent","AdministrixMod:LightOfYourLife","AdministrixMod:RegentEdict"],"picked":"SKIP","floor":1.0},{"not_picked":["AdministrixMod:DreamsMausoleum","AdministrixMod:ExtolVirtue"],"picked":"AdministrixMod:ImmortalGrace","floor":4.0},{"not_picked":["AdministrixMod:PlateOfAntiquity","AdministrixMod:BishamonBlessing"],"picked":"AdministrixMod:RisingSunPrince","floor":5.0},{"not_picked":["AdministrixMod:BloodlessSapphire","AdministrixMod:ExtolVirtue"],"picked":"AdministrixMod:Transition","floor":6.0},{"not_picked":["AdministrixMod:ImmortalPurity","AdministrixMod:Overdrive"],"picked":"AdministrixMod:CastOffRegrets","floor":8.0},{"not_picked":["AdministrixMod:Transition","AdministrixMod:LightOfYourLife","AdministrixMod:RebukeDesires"],"picked":"SKIP","floor":12.0},{"not_picked":["AdministrixMod:WickedPunishment","AdministrixMod:RegentEdict","AdministrixMod:TouchOfCinnabar"],"picked":"SKIP","floor":13.0},{"not_picked":["AdministrixMod:Convergence","AdministrixMod:RegentEdict","AdministrixMod:CrackingPangu"],"picked":"SKIP","floor":14.0}],"player_experience":184352,"relics_obtained":[{"floor":6.0,"key":"Pen Nib"},{"floor":8.0,"key":"Replay:Bottled Eggs"},{"floor":9.0,"key":"Art of War"},{"floor":11.0,"key":"Strawberry"}],"event_choices":[{"cards_removed":["AdministrixMod:Defend_Administrix"],"damage_healed":0.0,"max_hp_gain":0.0,"max_hp_loss":0.0,"gold_gain":0.0,"event_name":"Golden Wing","player_choice":"Card Removal","floor":2.0,"gold_loss":0.0,"damage_taken":7.0},{"cards_removed":["AdministrixMod:Strike_Administrix"],"damage_healed":0.0,"max_hp_gain":0.0,"max_hp_loss":0.0,"gold_gain":0.0,"event_name":"Living Wall","player_choice":"Forget","floor":10.0,"gold_loss":0.0,"damage_taken":0.0}],"is_beta":false,"boss_relics":[],"items_purged_floors":[3],"is_endless":false,"potions_floor_spawned":[6,8,14],"killed_by":"Fading Forest","ascension_level":2}}