{"host":"swphzoo6hmc78epl","time":1612413745,"event":{"mods":["BaseMod","Highlight Path","Minty Spire (QoL Compilation)","Quick Restart"],"gold_per_floor":[116,129,129,145,159,159,171,191,191,211,211,386,386,405,405,500,500,511,524,544,560,659,659,659],"floor_reached":23,"language":"ENG","playtime":768,"items_purged":[],"score":217,"play_id":"c892e828-cb31-4e34-bbb5-f16bd6a8e2f1","local_time":"20210203234225","is_ascension_mode":true,"campfire_choices":[{"data":"FTL","floor":6,"key":"SMITH"},{"data":"Beam Cell","floor":11,"key":"SMITH"},{"data":"Electrodynamics","floor":15,"key":"SMITH"}],"circlet_count":0,"master_deck":["Strike_B","Strike_B","Strike_B","Strike_B","Defend_B","Defend_B","Defend_B","Defend_B","Zap","Dualcast","Beam Cell+1","Rebound","Regret","FTL+1","Gash","Ball Lightning","Electrodynamics+1","Doubt","Sweeping Beam","Biased Cognition","FTL+1","Force Field+1","Tempest+1","Leap+1"],"relics":["Cracked Core","NeowsBlessing","White Beast Statue","Toxic Egg 2","SacredBark"],"acts_visited":["Exordium","TheCity"],"potions_floor_usage":[8,10,16,18,19,20,21,23],"damage_taken":[{"damage":0,"enemies":"2 Louse","floor":1,"turns":1},{"damage":0,"enemies":"Jaw Worm","floor":2,"turns":1},{"damage":0,"enemies":"Cultist","floor":4,"turns":1},{"damage":19,"enemies":"Exordium Wildlife","floor":5,"turns":4},{"damage":11,"enemies":"Looter","floor":7,"turns":2},{"damage":0,"enemies":"Lots of Slimes","floor":8,"turns":1},{"damage":8,"enemies":"Exordium Wildlife","floor":10,"turns":3},{"damage":8,"enemies":"Blue Slaver","floor":14,"turns":2},{"damage":48,"enemies":"Hexaghost","floor":16,"turns":8},{"damage":8,"enemies":"Chosen","floor":18,"turns":3},{"damage":34,"enemies":"2 Thieves","floor":19,"turns":4},{"damage":17,"enemies":"Centurion and Healer","floor":20,"turns":3},{"damage":46,"enemies":"Shelled Parasite and Fungi","floor":21,"turns":5},{"damage":22,"enemies":"Slavers","floor":23,"turns":1}],"seed_played":"-724106399919608808","potions_obtained":[{"floor":1,"key":"Explosive Potion"},{"floor":4,"key":"Explosive Potion"},{"floor":5,"key":"Block Potion"},{"floor":8,"key":"Ancient Potion"},{"floor":10,"key":"BlessingOfTheForge"},{"floor":16,"key":"Strength Potion"},{"floor":18,"key":"PowerPotion"},{"floor":19,"key":"GamblersBrew"},{"floor":20,"key":"FairyPotion"},{"floor":21,"key":"AttackPotion"}],"is_trial":false,"path_per_floor":["M","M","?","M","M","R","M","M","T","M","R","?","?","M","R","B",null,"M","M","M","M","?","E"],"character_chosen":"DEFECT","items_purchased":[],"campfire_rested":0,"item_purchase_floors":[],"current_hp_per_floor":[75,75,75,75,56,56,45,45,45,37,37,37,75,67,67,19,75,67,33,16,17,17,0,0],"gold":659,"neow_bonus":"THREE_ENEMY_KILL","is_daily":false,"chose_seed":false,"campfire_upgraded":3,"win_rate":0.0,"timestamp":1612413745,"path_taken":["M","M","?","M","M","R","M","M","T","M","R","?","?","M","R","BOSS","M","M","?","M","?","E"],"items_purchased_type":[],"build_version":"2020-12-22","purchased_purges":0,"victory":false,"max_hp_per_floor":[75,75,75,75,75,75,75,75,75,75,75,75,75,75,75,75,75,75,75,75,75,75,75,75],"card_choices":[{"not_picked":["Undo","Redo"],"picked":"Beam Cell","floor":1},{"not_picked":["Force Field","Reprogram"],"picked":"Rebound","floor":2},{"not_picked":["Hologram","Reprogram","Conserve Battery"],"picked":"SKIP","floor":4},{"not_picked":["Conserve Battery","Hologram"],"picked":"FTL","floor":5},{"not_picked":["Barrage","Scrape"],"picked":"Gash","floor":7},{"not_picked":["Beam Cell","Coolheaded"],"picked":"Ball Lightning","floor":8},{"not_picked":["Undo+1","Coolheaded+1"],"picked":"Electrodynamics","floor":10},{"not_picked":["Defragment","Redo+1"],"picked":"Sweeping Beam","floor":14},{"not_picked":["Hyperbeam","Meteor Strike"],"picked":"Biased Cognition","floor":16},{"not_picked":["Rip and Tear","Chaos+1"],"picked":"FTL+1","floor":18},{"not_picked":["Double Energy+1","Streamline"],"picked":"Force Field+1","floor":19},{"not_picked":["Undo+1","Barrage"],"picked":"Tempest+1","floor":20},{"not_picked":["Cold Snap","Rebound"],"picked":"Leap+1","floor":21}],"player_experience":865626,"relics_obtained":[{"floor":9,"key":"Toxic Egg 2"}],"event_choices":[{"damage_healed":0,"gold_gain":0,"player_choice":"Box","damage_taken":0,"relics_obtained":["White Beast Statue"],"max_hp_gain":0,"max_hp_loss":0,"event_name":"Big Fish","floor":3,"gold_loss":0,"cards_obtained":["Regret"]},{"damage_healed":0,"gold_gain":175,"player_choice":"AGREE","damage_taken":0,"max_hp_gain":0,"max_hp_loss":0,"event_name":"Liars Game","floor":12,"gold_loss":0,"cards_obtained":["Doubt"]},{"damage_healed":38,"gold_gain":0,"player_choice":"Full Heal","damage_taken":0,"max_hp_gain":0,"max_hp_loss":0,"event_name":"Wheel of Change","floor":13,"gold_loss":0},{"damage_healed":0,"gold_gain":99,"player_choice":"Stole From Cult","damage_taken":0,"max_hp_gain":0,"max_hp_loss":0,"event_name":"Nest","floor":22,"gold_loss":0}],"is_beta":false,"boss_relics":[{"not_picked":["Runic Pyramid","Calling Bell"],"picked":"SacredBark"}],"items_purged_floors":[],"is_endless":false,"potions_floor_spawned":[1,4,5,7,8,10,14,16,18,19,20,21],"killed_by":"Slavers","ascension_level":3}}