{"host":"h2gxemxa99wv6yfu","time":1612460088,"event":{"mods":["BaseMod","Better Note","BetterRewards","Block Reminder","Colored Powertips","Friendly Minions","Highlight Path","Infinite Spire","Minty Spire (QoL Compilation)","Permanent Neow","Quick Restart","Relic Sorter","Relic Stats","Reliquary","Replay The Spire","Shop Mod","StSLib","Uncapped"],"gold_per_floor":[116,391,1095,1170,182,182,215,215,241,257,257,257,114,125,125,125,125],"floor_reached":16,"language":"ENG","playtime":409,"items_purged":["Regret"],"score":133,"play_id":"dddc113d-f994-47d0-bad7-1886bb71da8d","local_time":"20210204113448","is_ascension_mode":true,"campfire_choices":[{"data":"Inflame","floor":6.0,"key":"SMITH"},{"floor":8.0,"key":"RECALL"},{"data":"Spot Weakness","floor":15.0,"key":"SMITH"}],"circlet_count":0,"master_deck":["Strike_R","Strike_R","Strike_R","Strike_R","Defend_R","Defend_R","Defend_R","Defend_R","Bash","Inflame+1","Twin Strike","Spot Weakness+1","Inflame+1","Sword Boomerang"],"relics":["Burning Blood","Replay:Wax Seal","Pen Nib","MerchantsRug","reliquary:Boomerang","Dream Catcher","DollysMirror"],"acts_visited":["Exordium"],"potions_floor_usage":[16],"damage_taken":[{"damage":11.0,"enemies":"Jaw Worm","floor":1.0,"turns":4.0},{"damage":20.0,"enemies":"Cultist","floor":5.0,"turns":5.0},{"damage":20.0,"enemies":"Gremlin Nob","floor":7.0,"turns":4.0},{"damage":3.0,"enemies":"Small Slimes","floor":10.0,"turns":3.0},{"damage":15.0,"enemies":"Exordium Thugs","floor":14.0,"turns":3.0},{"damage":40,"enemies":"The Guardian","floor":16,"turns":7}],"seed_played":"-3424304862061868056","potions_obtained":[{"floor":5.0,"key":"Strength Potion"},{"floor":7.0,"key":"Block Potion"},{"floor":10.0,"key":"SpeedPotion"},{"floor":14.0,"key":"Death Potion"}],"is_trial":false,"path_per_floor":["M","?","$","?","M","R","E","R","T","M","?","?","$","M","R","B"],"character_chosen":"IRONCLAD","items_purchased":["Replay:Wax Seal","MerchantsRug","DollysMirror"],"campfire_rested":0,"item_purchase_floors":[3,3,13],"current_hp_per_floor":[75,75,75,64,50,50,36,36,36,39,39,39,39,30,30,0,0],"gold":125,"neow_bonus":"RANDOM_COMMON_RELIC","is_daily":false,"chose_seed":false,"campfire_upgraded":2,"win_rate":0.0,"timestamp":1612460088,"path_taken":["M","?","?","?","M","R","E","R","T","?","?","?","$","?","R","BOSS"],"items_purchased_type":["Relic","Relic","Relic"],"build_version":"2020-12-22","purchased_purges":1,"victory":false,"max_hp_per_floor":[80,80,80,80,80,80,80,80,80,80,80,80,80,80,80,80,80],"relic_stats":{"Dream Catcher":0,"counters":[14,63],"Pen Nib":[4],"obtain_stats":[{"Potion Belt":19,"MerchantsRug":3,"reliquary:Boomerang":7,"ReplayTheSpireMod:SealedPack":17,"Pen Nib":0,"infinitespire:CheckeredPen":4,"Ginger":9,"Burning Blood":0,"Blood Vial":12,"Dream Catcher":9,"infinitespire:WardingShard":13,"infinitespire:Lychee Nut":7,"DollysMirror":13,"infinitespire:EmpoweringShard":5,"Replay:Wax Seal":3},{"Potion Belt":7,"MerchantsRug":9,"reliquary:Boomerang":11,"ReplayTheSpireMod:SealedPack":6,"Pen Nib":8,"infinitespire:CheckeredPen":1,"Ginger":2,"Burning Blood":0,"Blood Vial":4,"Dream Catcher":11,"infinitespire:WardingShard":4,"infinitespire:Lychee Nut":2,"DollysMirror":12,"infinitespire:EmpoweringShard":1,"Replay:Wax Seal":9},{"Potion Belt":33,"MerchantsRug":41,"reliquary:Boomerang":50,"ReplayTheSpireMod:SealedPack":30,"Pen Nib":37,"infinitespire:CheckeredPen":3,"Ginger":7,"Burning Blood":0,"Blood Vial":16,"Dream Catcher":50,"infinitespire:WardingShard":16,"infinitespire:Lychee Nut":7,"DollysMirror":53,"infinitespire:EmpoweringShard":3,"Replay:Wax Seal":41}],"Burning Blood":72},"card_choices":[{"not_picked":["ReplayTheSpireMod:Strike From Hell","Clothesline"],"picked":"Inflame","floor":1.0},{"not_picked":["Replay:Undeath\u0027s Touch","Clothesline","Flame Barrier"],"picked":"SKIP","floor":5.0},{"not_picked":["Juggernaut","Hemokinesis","Seeing Red"],"picked":"SKIP","floor":7.0},{"not_picked":["Cleave","Rupture"],"picked":"Twin Strike","floor":10.0},{"not_picked":["Shrug It Off","Warcry"],"picked":"Sword Boomerang","floor":14.0}],"player_experience":30928,"relics_obtained":[{"floor":7.0,"key":"reliquary:Boomerang"},{"floor":9.0,"key":"Dream Catcher"}],"event_choices":[{"damage_healed":0.0,"max_hp_gain":0.0,"max_hp_loss":0.0,"gold_gain":275.0,"event_name":"Golden Shrine","player_choice":"Desecrate","floor":2.0,"gold_loss":0.0,"damage_taken":0.0,"cards_obtained":["Regret"]},{"damage_healed":0.0,"max_hp_gain":0.0,"max_hp_loss":0.0,"gold_gain":75.0,"event_name":"World of Goop","player_choice":"Gather Gold","floor":4.0,"gold_loss":0.0,"damage_taken":11.0},{"damage_healed":0.0,"max_hp_gain":0.0,"max_hp_loss":0.0,"gold_gain":0.0,"cards_transformed":["Strike_R"],"event_name":"Transmorgrifier","player_choice":"Transformed","floor":12.0,"gold_loss":0.0,"damage_taken":0.0,"cards_obtained":["Spot Weakness"]}],"is_beta":false,"boss_relics":[],"items_purged_floors":[3],"is_endless":false,"potions_floor_spawned":[5,7,10,14],"killed_by":"The Guardian","ascension_level":2}}