{"host":"1ekl8hlbnopmdapi","time":1612414454,"event":{"mods":["AchievementEnabler","BaseMod","Colored Map","Colored Powertips","DeckTracker","Downfall","Googly Eyes","Highlight Path","Minty Spire (QoL Compilation)","Relic Sorter","StSLib","Synergy Search"],"gold_per_floor":[199,214,228,228,246,277,303,203,223,240,90,101,101,136,154,254,254,154,173,173,192,31,31,31,51,70,96,96,110,110,137,155,155,155,155],"floor_reached":33,"language":"ENG","playtime":1554,"items_purged":[],"score":349,"play_id":"caa655c2-f159-4873-8dd1-eebb6130b922","local_time":"20210203235414","is_ascension_mode":false,"campfire_choices":[{"floor":1,"key":"RECALL"},{"data":"bronze:GetLatest","floor":8,"key":"SMITH"},{"data":"bronze:Replicate","floor":13,"key":"SMITH"},{"data":"bronze:NullPointer","floor":18,"key":"SMITH"},{"data":"bronze:Format","floor":23,"key":"SMITH"},{"floor":30,"key":"REST"}],"circlet_count":0,"master_deck":["bronze:Strike","bronze:Strike","bronze:Strike","bronze:Defend","bronze:Defend","bronze:Defend","bronze:Defend","bronze:Replicate+1","bronze:Goto","bronze:GetLatest+1","bronze:Overheat","bronze:Safeguard","bronze:WhirlingStrike","bronze:DigitalCarnage","bronze:WhirlingStrike","bronze:NullPointer+1","bronze:Overheat","bronze:Fortify","bronze:HardenedForm","bronze:Verify","CurseOfTheBell","bronze:Shield+1","bronze:WildBeam","bronze:Format+1","bronze:FineTuning+1","bronze:CutThrough","bronze:AlphaBuild","bronze:ChildClass+1"],"relics":["bronze:BronzeCore","Bag of Preparation","PreservedInsect","downfall:HeartBlessingRed","Odd Mushroom","Calipers","Calling Bell","Vajra","InkBottle","Turnip","downfall:HeartBlessingGreen","Pear","Omamori","GremlinMask","White Beast Statue"],"acts_visited":["Exordium","TheCity"],"potions_floor_usage":[5,25,33,33,33],"damage_taken":[{"damage":3,"enemies":"Jaw Worm","floor":2,"turns":4},{"damage":0,"enemies":"2 Louse","floor":3,"turns":3},{"damage":0,"enemies":"Small Slimes","floor":5,"turns":3},{"damage":7,"enemies":"Lagavulin","floor":6,"turns":6},{"damage":0,"enemies":"The Mushroom Lair","floor":9,"turns":2},{"damage":0,"enemies":"Red Slaver","floor":10,"turns":1},{"damage":0,"enemies":"Large Slime","floor":12,"turns":3},{"damage":0,"enemies":"3 Sentries","floor":14,"turns":2},{"damage":0,"enemies":"Lots of Slimes","floor":15,"turns":1},{"damage":49,"enemies":"DF_ARCHETYPE_STREAMLINE","floor":16,"turns":10},{"damage":4,"enemies":"Spheric Guardian","floor":19,"turns":3},{"damage":10,"enemies":"3 Byrds","floor":21,"turns":5},{"damage":2,"enemies":"downfall:FleeingMerchant","floor":22,"turns":4},{"damage":0,"enemies":"Cultist and Chosen","floor":25,"turns":5},{"damage":6,"enemies":"Snake Plant","floor":26,"turns":4},{"damage":46,"enemies":"Slavers","floor":27,"turns":3},{"damage":0,"enemies":"3 Cultists","floor":29,"turns":4},{"damage":16,"enemies":"Book of Stabbing","floor":31,"turns":4},{"damage":24,"enemies":"Centurion and Healer","floor":32,"turns":5},{"damage":10,"enemies":"WA_ARCHETYPE_CALM","floor":33,"turns":7}],"seed_played":"-5737461217444133119","potions_obtained":[{"floor":2,"key":"Swift Potion"},{"floor":3,"key":"Explosive Potion"},{"floor":12,"key":"bronze:CleanCodePotion"},{"floor":15,"key":"AttackPotion"},{"floor":19,"key":"LiquidBronze"},{"floor":29,"key":"bronze:FreeFunctionsPotion"}],"is_trial":false,"path_per_floor":["R","M","M","?","M","E","T","R","?","M","?","M","R","E","M","B",null,"R","M","?","M","$","R","T","M","M","E","?","M","R","E","M","B"],"character_chosen":"THE_AUTOMATON","items_purchased":["bronze:Format"],"campfire_rested":1,"item_purchase_floors":[22],"current_hp_per_floor":[70,67,67,67,67,60,60,60,60,60,80,80,80,80,80,31,80,80,76,76,66,64,64,74,74,68,22,22,22,49,33,9,0,0,0],"gold":155,"neow_bonus":"HUNDRED_GOLD","is_daily":false,"chose_seed":false,"campfire_upgraded":4,"win_rate":0.0,"timestamp":1612414454,"path_taken":["R","M","M","?","M","E","T","R","?","M","?","?","R","E","M","BOSS","R","M","?","M","$","R","T","?","M","E","?","M","R","E","M","BOSS"],"items_purchased_type":["Card"],"build_version":"2020-12-22","purchased_purges":0,"victory":false,"max_hp_per_floor":[70,70,70,70,70,70,70,70,70,70,80,80,80,80,80,80,80,80,80,80,80,80,80,90,90,90,90,90,90,90,90,90,90,90,90],"card_choices":[{"not_picked":["bronze:Backtrace","bronze:Boost"],"picked":"bronze:GetLatest","floor":2},{"not_picked":["bronze:WildBeam","bronze:Philosophize"],"picked":"bronze:Overheat","floor":3},{"not_picked":["bronze:DelayedGuard","bronze:WildBeam"],"picked":"bronze:WhirlingStrike","floor":5},{"not_picked":["bronze:BitShift","bronze:Overload"],"picked":"bronze:DigitalCarnage","floor":6},{"not_picked":["bronze:FineTuning","bronze:Deprecate"],"picked":"bronze:WhirlingStrike","floor":9},{"not_picked":["bronze:Turbo","bronze:Overheat"],"picked":"bronze:NullPointer","floor":10},{"not_picked":["bronze:Overload","bronze:Iterate"],"picked":"bronze:Overheat","floor":12},{"not_picked":["bronze:Invalidate","bronze:Overload"],"picked":"bronze:Fortify","floor":14},{"not_picked":["bronze:BitShift","bronze:BugBarrage"],"picked":"bronze:HardenedForm","floor":15},{"not_picked":["bronze:AlphaBuild","bronze:RecursiveStrike"],"picked":"bronze:Verify","floor":16},{"not_picked":["bronze:Overheat","bronze:OilSpill"],"picked":"bronze:Shield+1","floor":19},{"not_picked":["bronze:Overload","bronze:HardenedForm","bronze:Turbo"],"picked":"SKIP","floor":21},{"not_picked":["bronze:Backtrace+1","bronze:OilSpill"],"picked":"bronze:WildBeam","floor":22},{"not_picked":["bronze:Repair","bronze:OilSpill","bronze:DelayedSlice"],"picked":"SKIP","floor":25},{"not_picked":["bronze:CutThrough","bronze:NullPointer"],"picked":"bronze:FineTuning+1","floor":26},{"not_picked":["bronze:Overheat","bronze:DarkDash"],"picked":"bronze:CutThrough","floor":27},{"not_picked":["bronze:Safeguard","bronze:BronzeArmor","bronze:ForceShield+1"],"picked":"SKIP","floor":29},{"not_picked":["bronze:WildBeam","bronze:DarkDash+1"],"picked":"bronze:AlphaBuild","floor":31},{"not_picked":["bronze:BronzeOrb","bronze:ClassDefault"],"picked":"bronze:ChildClass+1","floor":32}],"player_experience":526519,"relics_obtained":[{"floor":6,"key":"Bag of Preparation"},{"floor":7,"key":"PreservedInsect"},{"floor":9,"key":"Odd Mushroom"},{"floor":14,"key":"Calipers"},{"floor":17,"key":"Vajra"},{"floor":17,"key":"InkBottle"},{"floor":17,"key":"Turnip"},{"floor":24,"key":"Pear"},{"floor":27,"key":"Omamori"},{"floor":31,"key":"White Beast Statue"}],"event_choices":[{"damage_healed":0,"gold_gain":0,"player_choice":"Fought Mushrooms","damage_taken":0,"max_hp_gain":0,"max_hp_loss":0,"event_name":"Mushrooms","floor":9,"gold_loss":0},{"damage_healed":0,"gold_gain":0,"player_choice":"Got Potions","damage_taken":0,"max_hp_gain":0,"max_hp_loss":0,"event_name":"Lab","floor":20,"gold_loss":0},{"damage_healed":0,"gold_gain":0,"player_choice":"Trade","damage_taken":0,"relics_obtained":["GremlinMask"],"max_hp_gain":0,"max_hp_loss":0,"event_name":"FaceTrader","floor":28,"gold_loss":0}],"is_beta":false,"boss_relics":[{"not_picked":["Tiny House","Snecko Eye"],"picked":"Calling Bell"}],"items_purged_floors":[],"is_endless":false,"potions_floor_spawned":[2,3,12,15,19,29,32],"killed_by":"WA_ARCHETYPE_CALM","ascension_level":0}}