{"host":"81vb4cbob60wa1na","time":1612477424,"event":{"mods":["AchievementEnabler","BaseMod","Bestiary","Colored Map","Colored Powertips","Downfall","Highlight Path","Minty Spire (QoL Compilation)","Quick Restart","Rare Cards Sparkle","StSLib"],"gold_per_floor":[131,143,170,257,369,381,412,456,519,9,9,25,41,60,60,163,163,174,25,25,25,36,36,67,77,77,94,94,113,138,158,158,257,307,327,341,391,391,405,438,438,438,462,28,61,10,23,36,36,36],"floor_reached":51,"language":"ENG","playtime":1982,"items_purged":["Decay"],"score":834,"play_id":"943704e5-b34d-485a-ad11-027535acb04a","local_time":"20210204172344","is_ascension_mode":true,"campfire_choices":[{"data":"Perfected Strike","floor":6.0,"key":"SMITH"},{"data":"Apotheosis","floor":11.0,"key":"SMITH"},{"data":"Spot Weakness","floor":15.0,"key":"SMITH"},{"data":"Immolate","floor":23.0,"key":"SMITH"},{"floor":28.0,"key":"REST"},{"data":"Inflame","floor":32.0,"key":"SMITH"},{"data":"Madness","floor":49,"key":"SMITH"}],"circlet_count":0,"master_deck":["Strike_R+1","Strike_R","Strike_R","Strike_R","Strike_R","Defend_R","Defend_R","Defend_R","Defend_R","Bash","Cleave+1","Perfected Strike+1","Spot Weakness+1","Apotheosis+1","Flash of Steel","Flex","Thunderclap","Immolate+1","Whirlwind+1","Pommel Strike","Twin Strike+1","Wild Strike","Inflame+1","Double Tap","Twin Strike","Infernal Blade+1","Twin Strike+1","Shrug It Off","Blood for Blood","Madness+1","Madness","Bandage Up","Metamorphosis","Flex"],"relics":["Black Blood","MawBank","Red Skull","Happy Flower","Membership Card","Mummified Hand","Oddly Smooth Stone","Singing Bowl","CaptainsWheel","Magic Flower","Sundial","Tiny House","Girya","Art of War","Bag of Preparation","Lee\u0027s Waffle","Lantern","PreservedInsect","Ancient Tea Set"],"acts_visited":["Exordium","TheCity","TheBeyond"],"potions_floor_usage":[40,40,40,45,50,50,50],"damage_taken":[{"damage":11.0,"enemies":"Jaw Worm","floor":1.0,"turns":2.0},{"damage":14.0,"enemies":"2 Louse","floor":3.0,"turns":3.0},{"damage":0.0,"enemies":"Cultist","floor":7.0,"turns":2.0},{"damage":28.0,"enemies":"Gremlin Nob","floor":8.0,"turns":4.0},{"damage":0.0,"enemies":"Exordium Wildlife","floor":12.0,"turns":2.0},{"damage":0.0,"enemies":"Looter","floor":13.0,"turns":2.0},{"damage":16.0,"enemies":"Large Slime","floor":14.0,"turns":2.0},{"damage":35.0,"enemies":"The Guardian","floor":16.0,"turns":8.0},{"damage":20.0,"enemies":"Shell Parasite","floor":18.0,"turns":4.0},{"damage":14.0,"enemies":"2 Thieves","floor":22.0,"turns":2.0},{"damage":52.0,"enemies":"Slavers","floor":24.0,"turns":4.0},{"damage":16.0,"enemies":"Cultist and Chosen","floor":25.0,"turns":3.0},{"damage":10.0,"enemies":"Chosen and Byrds","floor":27.0,"turns":3.0},{"damage":12.0,"enemies":"Centurion and Healer","floor":29.0,"turns":4.0},{"damage":33.0,"enemies":"Book of Stabbing","floor":30.0,"turns":4.0},{"damage":15.0,"enemies":"Snake Plant","floor":31.0,"turns":2.0},{"damage":50.0,"enemies":"Champ","floor":33.0,"turns":9.0},{"damage":15.0,"enemies":"Orb Walker","floor":35.0,"turns":2.0},{"damage":22.0,"enemies":"3 Darklings","floor":36.0,"turns":3.0},{"damage":0.0,"enemies":"Mind Bloom Boss Battle","floor":37.0,"turns":5.0},{"damage":14.0,"enemies":"Sphere and 2 Shapes","floor":39.0,"turns":4.0},{"damage":35,"enemies":"Reptomancer","floor":40,"turns":5},{"damage":74,"enemies":"Nemesis","floor":45,"turns":5},{"damage":11,"enemies":"4 Shapes","floor":47,"turns":3},{"damage":10,"enemies":"Maw","floor":48,"turns":6},{"damage":139,"enemies":"Donu and Deca","floor":50,"turns":8}],"seed_played":"4360197909590127518","potions_obtained":[{"floor":1.0,"key":"hexamod:SoulburnPotion"},{"floor":8.0,"key":"PowerPotion"},{"floor":12.0,"key":"Explosive Potion"},{"floor":14.0,"key":"bronze:BurnAndBuffPotion"},{"floor":16.0,"key":"HeartOfIron"},{"floor":24.0,"key":"Explosive Potion"},{"floor":25.0,"key":"LiquidMemories"},{"floor":27.0,"key":"FearPotion"},{"floor":33.0,"key":"bronze:BurnAndBuffPotion"},{"floor":34.0,"key":"Strength Potion"},{"floor":35.0,"key":"SteroidPotion"},{"floor":39.0,"key":"Explosive Potion"},{"floor":40,"key":"EssenceOfSteel"}],"is_trial":false,"path_per_floor":["M","?","M","?","?","R","M","E","T","$","R","M","M","M","R","B",null,"M","$","?","?","M","R","E","M","T","M","R","M","E","M","R","B",null,"M","M","?","?","M","E","?","?","T","$","E","$","M","M","R","B",null],"character_chosen":"IRONCLAD","items_purchased":["Membership Card","Mummified Hand","Spot Weakness","Apotheosis","Oddly Smooth Stone","Flash of Steel","Singing Bowl","Pommel Strike","Lee\u0027s Waffle","Lantern","BloodPotion","PreservedInsect","Bandage Up","Metamorphosis","BloodPotion","PowerPotion"],"campfire_rested":1,"item_purchase_floors":[10,10,10,10,10,10,19,19,44,44,44,44,44,44,46,46],"current_hp_per_floor":[75,75,67,56,56,56,62,40,40,40,40,46,52,42,42,13,80,72,72,72,72,70,70,32,28,28,38,63,71,58,61,61,29,93,93,89,93,93,95,78,66,66,66,102,54,54,61,80,80,32],"gold":36,"neow_bonus":"RANDOM_COMMON_RELIC","is_daily":false,"chose_seed":false,"campfire_upgraded":6,"win_rate":0.0,"timestamp":1612477424,"path_taken":["M","?","M","?","?","R","M","E","T","$","R","M","M","?","R","BOSS","M","$","?","?","M","R","E","M","T","M","R","M","E","M","R","BOSS","M","M","?","?","?","E","?","?","T","$","E","?","M","M","R","BOSS"],"items_purchased_type":["Relic","Relic","Card","Card","Relic","Card","Relic","Card","Relic","Relic","Potion","Relic","Card","Card","Potion","Potion"],"build_version":"2020-12-22","purchased_purges":1,"victory":true,"max_hp_per_floor":[80,80,80,80,80,80,80,80,80,80,80,80,80,80,80,80,80,80,80,80,80,80,80,82,82,82,84,84,86,88,88,88,88,93,93,93,93,93,95,95,95,95,95,102,104,104,104,106,106,106],"card_choices":[{"not_picked":["Feel No Pain","Body Slam"],"picked":"Cleave","floor":1.0},{"not_picked":["Evolve","Shrug It Off"],"picked":"Perfected Strike","floor":3.0},{"not_picked":["Flame Barrier","Clothesline","Rage"],"picked":"SKIP","floor":7.0},{"not_picked":["Armaments","Flex","Fiend Fire"],"picked":"SKIP","floor":8.0},{"not_picked":["Combust","Clash"],"picked":"Flex","floor":12.0},{"not_picked":["Sword Boomerang","Entrench","Reckless Charge"],"picked":"SKIP","floor":13.0},{"not_picked":["Body Slam","Sword Boomerang"],"picked":"Thunderclap","floor":14.0},{"not_picked":["Brutality","Berserk"],"picked":"Immolate","floor":16.0},{"not_picked":["Sentinel","Sword Boomerang"],"picked":"Whirlwind+1","floor":18.0},{"not_picked":["Feel No Pain","Blood for Blood"],"picked":"Twin Strike+1","floor":22.0},{"not_picked":["Headbutt","Second Wind","Hemokinesis"],"picked":"Singing Bowl","floor":24.0},{"not_picked":["Flex+1","Cleave+1"],"picked":"Wild Strike","floor":25.0},{"not_picked":["Evolve","Heavy Blade","Clash+1"],"picked":"Singing Bowl","floor":27.0},{"not_picked":["Cleave","Flame Barrier","Power Through"],"picked":"Singing Bowl","floor":29.0},{"not_picked":["Bludgeon","Reckless Charge","Combust+1"],"picked":"Singing Bowl","floor":30.0},{"not_picked":["Heavy Blade","Headbutt+1"],"picked":"Inflame","floor":31.0},{"not_picked":["Fiend Fire","Brutality"],"picked":"Double Tap","floor":33.0},{"not_picked":["Shrug It Off","Thunderclap+1"],"picked":"Twin Strike","floor":34.0},{"not_picked":["Headbutt+1","Heavy Blade+1"],"picked":"Infernal Blade+1","floor":35.0},{"not_picked":["Bludgeon","Armaments"],"picked":"Twin Strike+1","floor":36.0},{"not_picked":["Cleave","Infernal Blade"],"picked":"Shrug It Off","floor":37.0},{"not_picked":["Seeing Red","Blood for Blood+1","Searing Blow"],"picked":"Singing Bowl","floor":39.0},{"not_picked":["Hemokinesis+1","Offering"],"picked":"Blood for Blood","floor":40},{"not_picked":["Carnage+1","Body Slam+1","Warcry+1"],"picked":"Singing Bowl","floor":45},{"not_picked":["Twin Strike+1","Havoc+1"],"picked":"Flex","floor":47},{"not_picked":["Flex+1","Whirlwind+1","Anger+1"],"picked":"Singing Bowl","floor":48}],"player_experience":225683,"relics_obtained":[{"floor":8.0,"key":"Red Skull"},{"floor":9.0,"key":"Happy Flower"},{"floor":24.0,"key":"CaptainsWheel"},{"floor":26.0,"key":"Magic Flower"},{"floor":30.0,"key":"Sundial"},{"floor":37.0,"key":"Girya"},{"floor":40,"key":"Art of War"},{"floor":43,"key":"Bag of Preparation"},{"floor":45,"key":"Ancient Tea Set"}],"event_choices":[{"damage_healed":0.0,"max_hp_gain":0.0,"max_hp_loss":0.0,"gold_gain":0.0,"event_name":"Living Wall","player_choice":"Grow","floor":2.0,"gold_loss":0.0,"damage_taken":0.0,"cards_upgraded":["Cleave"]},{"damage_healed":0.0,"max_hp_gain":0.0,"max_hp_loss":0.0,"gold_gain":75.0,"event_name":"World of Goop","player_choice":"Gather Gold","floor":4.0,"gold_loss":0.0,"damage_taken":11.0},{"damage_healed":0.0,"max_hp_gain":0.0,"max_hp_loss":0.0,"gold_gain":100.0,"event_name":"Golden Shrine","player_choice":"Pray","floor":5.0,"gold_loss":0.0,"damage_taken":0.0},{"damage_healed":0.0,"max_hp_gain":0.0,"max_hp_loss":0.0,"gold_gain":0.0,"event_name":"Vampires","player_choice":"Ignored","floor":20.0,"gold_loss":0.0,"damage_taken":0.0},{"damage_healed":0.0,"max_hp_gain":0.0,"max_hp_loss":0.0,"gold_gain":0.0,"event_name":"MindBloom","player_choice":"Fight","floor":37.0,"gold_loss":0.0,"damage_taken":0.0},{"damage_healed":0.0,"max_hp_gain":0.0,"max_hp_loss":0.0,"gold_gain":0.0,"event_name":"Wheel of Change","player_choice":"Cursed","floor":38.0,"gold_loss":0.0,"damage_taken":0.0,"cards_obtained":["Decay"]},{"damage_healed":0,"gold_gain":0,"player_choice":"Embrace Madness","damage_taken":12,"max_hp_gain":0,"max_hp_loss":0,"event_name":"Winding Halls","floor":41,"gold_loss":0,"cards_obtained":["Madness","Madness"]},{"damage_healed":0,"gold_gain":0,"player_choice":"Ignored","damage_taken":0,"max_hp_gain":0,"max_hp_loss":0,"event_name":"Tomb of Lord Red Mask","floor":42,"gold_loss":0}],"is_beta":false,"boss_relics":[{"not_picked":["Pandora\u0027s Box","Astrolabe"],"picked":"Black Blood"},{"not_picked":["Empty Cage","Velvet Choker"],"picked":"Tiny House"}],"items_purged_floors":[44],"is_endless":false,"potions_floor_spawned":[1,8,12,14,16,24,25,27,33,35,39,40],"ascension_level":1}}