{"host":"zzywh33h0f2x053k","time":1612449587,"event":{"mods":["Act Like it!","Aspiration","BaseMod","Colored Map","Gensokyo","Grow up Mod","GungeonMod","Hallownest","KomeijiMod","Minty Spire (QoL Compilation)","Quick Restart","Reimu£¨²©ÀöÁéÃÎ£©","RumiaBox-Â¶Ã×æ«µÄÉñÃØºÐ×Ó","Shop Mod","Spicy Shops","StSLib","The Bug Knight","WarShipGirlsR/Õ½½¢ÉÙÅ®R mod","Yakumo Yukari mod","Youmu£¨»êÆÇÑýÃÎ£©","noobMod","¡¾ÒÅÎï¿¨ÅÆ¡¿REMEMod","óô»ðÖ¸ÄÏ"],"gold_per_floor":[118,133,148,164,92,92,156,466,543,543,573,598,628,628,167,267,267,278,0,0,0,10,10,40,70,70,70,93,122,136,178,221,871,1009,1121,1121,1144,501,528,66,15,92,436,674,674,674,18,57,108,25,25,40,40,40,90,125,185],"floor_reached":58,"language":"ZHS","playtime":4485,"items_purged":["rmod:defend","rmod:defend","rmod:defend+1","REME_GrazeFinale","Concentrate"],"score":1525,"play_id":"099b262e-b062-4bfd-883f-72bfa46d8569","local_time":"20210204223947","is_ascension_mode":true,"campfire_choices":[{"data":"VoidnessSword","floor":6,"key":"SMITH"},{"floor":23,"key":"RECALL"},{"floor":27,"key":"DIG"},{"floor":46,"key":"DIG"},{"floor":51,"key":"DIG"},{"floor":54,"key":"DIG"}],"circlet_count":0,"master_deck":["rmod:strick+1","rmod:strick","rmod:strick","rmod:basicallowance","rmod:maingunfire","rmod:wasp","rmod:tearstotiara","rmod:maintain","rmod:mineteam","rmod:maintain","rmod:secretscript","rmod:diaomin","rmod:fuelsupply+1","rmod:openingtorpedo+1","rmod:secretscript","Blade Dance","rmod:expedition","Gensokyo:CustomPotion","rmod:ring+1","rmod:chargemoney","rmod:luckystar+1","rmod:fuelsupply+1","rmod:expedition+1"],"relics":["rmod:firstchargereward","ice","REME_ComplimentaryCards","NeowsBlessing","Mummified Hand","White Beast Statue","Gensokyo:PortableGap","GodSword1","PlanX","MerchantsRug","Shovel","Fusion Hammer","Gensokyo:ChorusOfJoy","Gensokyo:MosesMiracle","CeramicFish","rmod:equipmentrecovery","KomeijisEye","The Courier","DemoMod:NanoMachines","REME_ArchaeologicalTools","DemoMod:DecoyRelic","DemoMod:WhiteGuonStone","DemoMod:MemoryAlloy","Lantern","rmod:quickrepair","DemoMod:Metronome","Akabeko","Bottled Lightning","DemoMod:GreenGuonStone","aspiration:HummingbirdHeart","Sundial","Juzu Bracelet","DemoMod:RatBoots","DemoMod:ResourcefulSack","DemoMod:PartiallyEatenCheese","rmod:monthlycard","EasyGame_NEW","ClockworkSouvenir","Sling","Toolbox","OrangePellets","Ginger","ChaoDraw","PureWhite:ReiMu","GodSword4","GodSword6","PreservedInsect","Torii","DemoMod:PinkGuonStone","REME_HourglassOfDeath","MoreBug","Nunchaku","Frozen Egg 2","aspiration:Lifesprig","rmod:extraamm","RuthlessExorcism:ReiMu","aspiration:SeaSaltIceCream","Calipers","DollysMirror","DemoMod:RingOfEthereal"],"acts_visited":["Gensokyo:Gensokyo","Gensokyo:Gensokyoer","DemoMod:Maze","Gensokyo:Gensokyoest","TheEnding"],"potions_floor_usage":[7,25,28,29,30,31,32,35],"damage_taken":[{"damage":0,"enemies":"Gensokyo:3_Fairies","floor":1,"turns":2},{"damage":0,"enemies":"Gensokyo:2_Kodama","floor":2,"turns":1},{"damage":0,"enemies":"Gensokyo:Gryphon","floor":3,"turns":1},{"damage":16,"enemies":"Gensokyo:VengefulSpirit","floor":4,"turns":4},{"damage":0,"enemies":"Gensokyo:Mamizou","floor":7,"turns":6},{"damage":0,"enemies":"Gensokyo:LivingMonolith","floor":8,"turns":3},{"damage":14,"enemies":"Gensokyo:Aya","floor":11,"turns":4},{"damage":1,"enemies":"Gensokyo:Cirno","floor":12,"turns":5},{"damage":19,"enemies":"Gensokyo:Aya","floor":13,"turns":4},{"damage":22,"enemies":"Gensokyo:Yukari","floor":16,"turns":8},{"damage":18,"enemies":"Gensokyo:3_Dogs","floor":18,"turns":4},{"damage":5,"enemies":"Gensokyo:Chomper","floor":22,"turns":3},{"damage":20,"enemies":"Gensokyo:Koishi","floor":24,"turns":4},{"damage":24,"enemies":"Gensokyo:Reisen","floor":25,"turns":3},{"damage":36,"enemies":"DemoMod:Red_and_blue_shotgun_kin","floor":28,"turns":2},{"damage":24,"enemies":"DemoMod:Veteran_shot_gun_kin_and_red_shotgun_kin","floor":29,"turns":3},{"damage":31,"enemies":"DemoMod:Veteran_shot_gun_kin_and_blue_shotgun_kin_with_gunsinger","floor":30,"turns":4},{"damage":62,"enemies":"DemoMod:Veteran_shot_gun_kin_and_blue_shotgun_kin","floor":31,"turns":4},{"damage":33,"enemies":"DemoMod:2_Mousers","floor":32,"turns":6},{"damage":15,"enemies":"DemoMod:ResourcefulRat","floor":35,"turns":11},{"damage":0,"enemies":"Gensokyo:3_Boulders","floor":37,"turns":2},{"damage":0,"enemies":"Gensokyo:Kasen","floor":42,"turns":3},{"damage":0,"enemies":"Gensokyo:Marisa","floor":43,"turns":3},{"damage":0,"enemies":"Gensokyo:Doremy","floor":44,"turns":3},{"damage":0,"enemies":"Gensokyo:Kasen","floor":48,"turns":1},{"damage":0,"enemies":"Gensokyo:Doremy","floor":49,"turns":3},{"damage":1,"enemies":"Gensokyo:Scarlet_Devils","floor":52,"turns":5},{"damage":0,"enemies":"Shield and Spear","floor":56,"turns":1},{"damage":36,"enemies":"The Heart","floor":57,"turns":7}],"seed_played":"7198552186762121961","potions_obtained":[{"floor":4,"key":"REME_GoldPotion"},{"floor":11,"key":"DemoMod:LeadSkinPotion"},{"floor":12,"key":"SkillPotion"},{"floor":13,"key":"PowerPotion"},{"floor":16,"key":"LiquidBronze"},{"floor":18,"key":"Strength Potion"},{"floor":22,"key":"Swift Potion"},{"floor":25,"key":"Block Potion"},{"floor":28,"key":"DistilledChaos"},{"floor":29,"key":"SpeedPotion"},{"floor":30,"key":"REME_GoldPotion"},{"floor":31,"key":"REME_GoldPotion"},{"floor":32,"key":"Block Potion"},{"floor":42,"key":"SkillPotion"},{"floor":43,"key":"Weak Potion"},{"floor":44,"key":"Weak Potion"},{"floor":48,"key":"Strength Potion"},{"floor":49,"key":"Energy Potion"},{"floor":56,"key":"Regen Potion"}],"is_trial":false,"path_per_floor":["M","M","M","M","COS","R","E","M","T","?","E","E","E","?","R","B",null,"M","?","?","?","M","R","E","E","T","R","M","M","M","M","M","R","B","B",null,"M","COS","?","$","?","E","E","E","T","R","R","E","E","$","R","B",null,"R","$","E","B",null],"character_chosen":"PRAEFECT","items_purchased":["DemoMod:GnawedKey","MerchantsRug","Shovel","aspiration:Nostalgia","REME_OnlineShoppingPlatform","The Courier","DemoMod:NanoMachines","REME_ArchaeologicalTools","TungstenRod","DemoMod:DecoyRelic","DemoMod:WhiteGuonStone","DemoMod:MemoryAlloy","Lantern","rmod:quickrepair","DemoMod:Metronome","Akabeko","Bottled Lightning","DemoMod:GreenGuonStone","aspiration:HummingbirdHeart","Sundial","Juzu Bracelet","rmod:expedition","rmod:expedition","Ginger","ChaoDraw","PureWhite:ReiMu","GodSword4","GodSword6","rmod:chargemoney","REME_HourglassOfDeath","MoreBug","Nunchaku","rmod:extraamm","Calipers","DollysMirror","rmod:expedition+1"],"campfire_rested":0,"item_purchase_floors":[15,15,15,33,33,33,33,33,33,33,33,33,33,33,33,33,33,33,33,33,33,40,40,40,40,40,40,40,47,47,47,47,50,55,55,55],"current_hp_per_floor":[95,105,115,109,119,129,139,149,159,168,164,173,164,174,184,172,229,221,231,241,251,256,266,256,242,316,326,300,286,265,213,190,200,203,198,416,426,436,446,456,463,470,477,494,504,511,521,528,535,545,555,565,575,585,595,605,593],"gold":185,"neow_bonus":"THREE_ENEMY_KILL","is_daily":false,"chose_seed":false,"campfire_upgraded":1,"win_rate":0.0,"timestamp":1612449587,"path_taken":["M","?","M","M","COS","R","E","M","T","?","E","E","E","?","R","BOSS","M","?","?","?","M","R","E","E","T","R","M","M","M","M","M","R","BOSS","BOSS","M","COS","?","?","?","E","E","E","T","R","R","E","E","$","R","BOSS","R","$","E","BOSS"],"items_purchased_type":["Relic","Relic","Relic","Relic","Relic","Relic","Relic","Relic","Relic","Relic","Relic","Relic","Relic","Relic","Relic","Relic","Relic","Relic","Relic","Relic","Relic","Card","Card","Relic","Relic","Relic","Relic","Relic","Card","Relic","Relic","Relic","Relic","Relic","Relic","Card"],"build_version":"2020-12-22","purchased_purges":5,"victory":true,"max_hp_per_floor":[95,105,115,125,135,145,155,165,175,168,175,182,189,199,209,219,229,239,249,259,269,279,289,296,306,316,326,336,346,356,366,376,386,396,406,416,426,436,446,456,463,470,477,494,504,511,521,528,535,545,555,565,575,585,595,605,625],"card_choices":[{"not_picked":["rmod:luckystar","rmod:fletcherpendant"],"picked":"rmod:wasp","floor":1},{"not_picked":["rmod:salvage","rmod:smokecover","rmod:bulid"],"picked":"SKIP","floor":2},{"not_picked":["rmod:rockthrower","rmod:combined"],"picked":"rmod:tearstotiara","floor":3},{"not_picked":["rmod:intelligenceanalysis","rmod:luckystar"],"picked":"rmod:maintain","floor":4},{"not_picked":["rmod:intelligenceanalysis","rmod:overbreakdown"],"picked":"rmod:supportaircraftcarrier","floor":7},{"not_picked":["rmod:victimresponsibility","rmod:intelligenceanalysis","rmod:bulid"],"picked":"SKIP","floor":8},{"not_picked":["rmod:firesupport","rmod:aluminumsupply"],"picked":"rmod:mineteam","floor":11},{"not_picked":["rmod:bulid","rmod:goodfighter"],"picked":"rmod:maintain","floor":12},{"not_picked":["rmod:circuitoustactics","rmod:fuelsupply"],"picked":"rmod:secretscript","floor":13},{"not_picked":["rmod:luckystar","rmod:supportescort+1"],"picked":"rmod:diaomin","floor":18},{"not_picked":["rmod:steelsupply","rmod:aviationdawn","rmod:generalist"],"picked":"SKIP","floor":22},{"not_picked":["rmod:heivgo+1","rmod:sl","rmod:aviationdawn"],"picked":"SKIP","floor":24},{"not_picked":["rmod:highspeedmaneuver","rmod:ammunitionsupply","rmod:lonelyqueen"],"picked":"SKIP","floor":25},{"not_picked":["rmod:supportescort+1","rmod:combined+1"],"picked":"rmod:fuelsupply+1","floor":28},{"not_picked":["rmod:circuitoustactics","rmod:punchline+1"],"picked":"rmod:openingtorpedo+1","floor":29},{"not_picked":["rmod:wife+1","rmod:mineteam","rmod:tearstotiara"],"picked":"SKIP","floor":30},{"not_picked":["rmod:overbreakdown+1","rmod:highspeedshooting+1","rmod:aviationdawn+1"],"picked":"SKIP","floor":31},{"not_picked":["rmod:victimresponsibility","rmod:firesupport+1","rmod:overbreakdown+1"],"picked":"SKIP","floor":32},{"not_picked":["rmod:windflower","rmod:desperatesituation"],"picked":"rmod:secretscript","floor":35},{"not_picked":["rmod:gendarmerie","rmod:firesupport+1","rmod:victimresponsibility"],"picked":"SKIP","floor":37},{"not_picked":["rmod:supportescort+1","rmod:highspeedshooting"],"picked":"rmod:ring+1","floor":42},{"not_picked":["rmod:garrisonisland","rmod:steelsupply","rmod:bulid+1"],"picked":"SKIP","floor":43},{"not_picked":["rmod:victimresponsibility+1","rmod:luckystar","rmod:circuitoustactics"],"picked":"SKIP","floor":44},{"not_picked":["rmod:wife","rmod:supportescort"],"picked":"rmod:luckystar+1","floor":48},{"not_picked":["rmod:concentratefire+1","rmod:diaomin","rmod:spoils+1"],"picked":"SKIP","floor":49},{"not_picked":["rmod:bulid+1","rmod:wife+1","rmod:royalracing"],"picked":"SKIP","floor":56}],"player_experience":26247,"relics_obtained":[{"floor":7,"key":"Mummified Hand"},{"floor":9,"key":"White Beast Statue"},{"floor":11,"key":"Lizard Tail"},{"floor":12,"key":"REME_IWantAll"},{"floor":13,"key":"PlanX"},{"floor":24,"key":"CeramicFish"},{"floor":25,"key":"Gensokyo:MosesMiracle"},{"floor":25,"key":"Ancient Tea Set"},{"floor":27,"key":"rmod:equipmentrecovery"},{"floor":36,"key":"DemoMod:RatBoots"},{"floor":36,"key":"DemoMod:ResourcefulSack"},{"floor":36,"key":"DemoMod:PartiallyEatenCheese"},{"floor":36,"key":"rmod:monthlycard"},{"floor":36,"key":"EasyGame_NEW"},{"floor":42,"key":"aspiration:HiddenCompartment"},{"floor":43,"key":"Torii"},{"floor":44,"key":"DemoMod:PinkGuonStone"},{"floor":46,"key":"REME_PuzzleBoxRelic"},{"floor":48,"key":"Frozen Egg 2"},{"floor":49,"key":"aspiration:Lifesprig"},{"floor":51,"key":"RuthlessExorcism:ReiMu"},{"floor":54,"key":"aspiration:SeaSaltIceCream"},{"floor":56,"key":"DemoMod:RingOfEthereal"}],"event_choices":[],"is_beta":false,"boss_relics":[{"not_picked":["Calling Bell","aspiration:RunicSpoon"],"picked":"Fusion Hammer"},{"not_picked":[]}],"items_purged_floors":[15,33,33,40,47],"is_endless":false,"potions_floor_spawned":[4,11,12,13,16,18,22,24,25,28,29,30,31,32,35,37,42,43,44,48,49,56],"ascension_level":2}}