{"host":"vyjryxuuuxkt43k4","time":1612454245,"event":{"mods":["AchievementEnabler","BaseMod","Colored Map","DeckTracker","Keyboard Shortcuts","Minty Spire (QoL Compilation)","Permanent Neow","Quick Restart","Rare Cards Sparkle","Relic Stats","StSLib","SuperFastMode","everything is the same but u backflip on backflip"],"gold_per_floor":[116,216,235,235,235,270,147,147,147,175,186,186,212,232,232,309,309,329,355,371,101,111,111,111,111,111,111,127,52,63,83,83,158,158,171,191,216,234,30,42,42,42,42,42,89,100,100,117,117,117],"floor_reached":51,"language":"KOR","playtime":3183,"items_purged":["Strike_P","Strike_P+1","Strike_P+1"],"score":1126,"play_id":"47cc5ebe-cfdb-4066-85fe-29cbe153b8cc","local_time":"20210205005725","is_ascension_mode":true,"campfire_choices":[{"floor":8.0,"key":"REST"},{"floor":12.0,"key":"REST"},{"floor":15.0,"key":"REST"},{"data":"Vault","floor":23.0,"key":"SMITH"},{"floor":27.0,"key":"REST"},{"floor":32,"key":"REST"},{"data":"MentalFortress","floor":41,"key":"SMITH"},{"data":"Study","floor":44,"key":"SMITH"},{"data":"Scrawl","floor":47,"key":"SMITH"},{"data":"Halt","floor":49,"key":"SMITH"}],"circlet_count":0,"master_deck":["AscendersBane","Eruption+1","Vigilance","Study+1","EmptyBody","FollowUp+1","Tantrum","Scrawl+1","Halt+1","Vault+1","Halt","TalkToTheHand","Impatience","Meditate","InnerPeace","FearNoEvil","WreathOfFlame+1","MentalFortress+1","Bandage Up","ClearTheMind+1"],"relics":["PureWater","Matryoshka","Letter Opener","Whetstone","Incense Burner","Bronze Scales","Empty Cage","Red Mask","Nilry\u0027s Codex","Bottled Flame","Regal Pillow","Coffee Dripper","FossilizedHelix","CaptainsWheel","Girya"],"acts_visited":["Exordium","TheCity","TheBeyond"],"potions_floor_usage":[38,38,48],"damage_taken":[{"damage":4.0,"enemies":"Jaw Worm","floor":1.0,"turns":4.0},{"damage":2.0,"enemies":"Cultist","floor":3.0,"turns":3.0},{"damage":36.0,"enemies":"Gremlin Nob","floor":6.0,"turns":3.0},{"damage":12.0,"enemies":"3 Sentries","floor":10.0,"turns":5.0},{"damage":0.0,"enemies":"2 Louse","floor":11.0,"turns":2.0},{"damage":30.0,"enemies":"Gremlin Nob","floor":13.0,"turns":3.0},{"damage":0.0,"enemies":"2 Fungi Beasts","floor":14.0,"turns":2.0},{"damage":0.0,"enemies":"Slime Boss","floor":16.0,"turns":7.0},{"damage":9.0,"enemies":"Shell Parasite","floor":18.0,"turns":4.0},{"damage":28.0,"enemies":"Masked Bandits","floor":19.0,"turns":4.0},{"damage":0.0,"enemies":"3 Byrds","floor":20.0,"turns":3.0},{"damage":0.0,"enemies":"Snake Plant","floor":22.0,"turns":2.0},{"damage":4.0,"enemies":"Centurion and Healer","floor":28.0,"turns":6.0},{"damage":0.0,"enemies":"Cultist and Chosen","floor":30.0,"turns":5.0},{"damage":22,"enemies":"Shelled Parasite and Fungi","floor":31,"turns":4},{"damage":16,"enemies":"Collector","floor":33,"turns":9},{"damage":0,"enemies":"3 Shapes","floor":35,"turns":4},{"damage":9,"enemies":"3 Darklings","floor":36,"turns":4},{"damage":12,"enemies":"Mind Bloom Boss Battle","floor":37,"turns":6},{"damage":0,"enemies":"4 Shapes","floor":38,"turns":6},{"damage":0,"enemies":"Transient","floor":40,"turns":6},{"damage":0,"enemies":"2 Orb Walkers","floor":45,"turns":5},{"damage":0,"enemies":"Jaw Worm Horde","floor":46,"turns":4},{"damage":0,"enemies":"Writhing Mass","floor":48,"turns":7},{"damage":7,"enemies":"Awakened One","floor":50,"turns":8}],"seed_played":"8719995576903937906","potions_obtained":[{"floor":6.0,"key":"PowerPotion"},{"floor":10.0,"key":"LiquidBronze"},{"floor":14.0,"key":"EntropicBrew"},{"floor":19.0,"key":"LiquidBronze"},{"floor":22.0,"key":"AttackPotion"},{"floor":31,"key":"EssenceOfSteel"},{"floor":37,"key":"Weak Potion"},{"floor":38,"key":"BottledMiracle"},{"floor":40,"key":"Block Potion"},{"floor":48,"key":"DuplicationPotion"}],"is_trial":false,"path_per_floor":["M","?","M","?","?","E","$","R","T","E","M","R","E","M","R","B",null,"M","?","M","$","M","R","?","?","T","R","M","?","M","M","R","B",null,"M","M","?","M","$","M","R","?","T","R","?","M","R","M","R","B",null],"character_chosen":"WATCHER","items_purchased":["AttackPotion","TalkToTheHand","Impatience","MentalFortress"],"campfire_rested":5,"item_purchase_floors":[7,21,21,39],"current_hp_per_floor":[61,61,59,45,45,9,9,30,30,18,18,39,9,9,30,30,62,53,25,25,25,25,25,25,9,9,45,41,41,41,19,55,39,64,64,55,43,43,43,43,43,43,43,43,47,51,51,55,55,52],"gold":117,"neow_bonus":"UPGRADE_CARD","is_daily":false,"chose_seed":false,"campfire_upgraded":5,"win_rate":0.0,"timestamp":1612454245,"path_taken":["M","?","?","?","?","E","$","R","T","E","M","R","E","M","R","BOSS","M","?","M","$","M","R","?","?","T","R","M","?","?","M","R","BOSS","M","M","?","M","$","M","R","?","T","R","?","?","R","M","R","BOSS"],"items_purchased_type":["Potion","Card","Card","Card"],"build_version":"2020-12-22","purchased_purges":3,"victory":true,"max_hp_per_floor":[72,72,72,72,72,72,72,72,72,72,72,72,72,72,72,72,72,72,72,72,72,72,72,72,72,72,72,72,72,72,72,72,72,72,72,72,72,72,72,72,72,72,72,72,72,72,72,72,72,72],"relic_stats":{"Regal Pillow":30,"counters":[25,116],"Bronze Scales":[264],"Letter Opener":[420],"Whetstone":["Strike_P","FollowUp"],"obtain_stats":[{"Girya":45,"Regal Pillow":26,"Nilry\u0027s Codex":25,"Incense Burner":10,"Letter Opener":9,"Whetstone":9,"Empty Cage":17,"Bottled Flame":26,"CaptainsWheel":43,"Matryoshka":6,"Bronze Scales":13,"Red Mask":19,"Coffee Dripper":34,"PureWater":0,"FossilizedHelix":37},{"Girya":22,"Regal Pillow":12,"Nilry\u0027s Codex":12,"Incense Burner":4,"Letter Opener":3,"Whetstone":3,"Empty Cage":8,"Bottled Flame":12,"CaptainsWheel":21,"Matryoshka":3,"Bronze Scales":6,"Red Mask":10,"Coffee Dripper":16,"PureWater":0,"FossilizedHelix":19},{"Girya":97,"Regal Pillow":42,"Nilry\u0027s Codex":42,"Incense Burner":15,"Letter Opener":10,"Whetstone":10,"Empty Cage":29,"Bottled Flame":42,"CaptainsWheel":92,"Matryoshka":10,"Bronze Scales":20,"Red Mask":37,"Coffee Dripper":66,"PureWater":0,"FossilizedHelix":80}]},"card_choices":[{"not_picked":["Protect","EmptyBody"],"picked":"Study","floor":1.0},{"not_picked":["JustLucky","Protect"],"picked":"EmptyBody","floor":3.0},{"not_picked":["Devotion","Consecrate"],"picked":"FollowUp","floor":6.0},{"not_picked":["FollowUp","EmptyFist","Weave"],"picked":"SKIP","floor":10.0},{"not_picked":["DeceiveReality","Sanctity"],"picked":"Tantrum","floor":11.0},{"not_picked":["Crescendo","FollowUp"],"picked":"Scrawl","floor":13.0},{"not_picked":["Evaluate","EmptyFist"],"picked":"Halt","floor":14.0},{"not_picked":["Alpha","Devotion"],"picked":"Vault","floor":16.0},{"not_picked":["EmptyFist","Study"],"picked":"Halt","floor":18.0},{"not_picked":["CutThroughFate","FlyingSleeves+1","CrushJoints"],"picked":"SKIP","floor":20.0},{"not_picked":["Conclude","Consecrate","SandsOfTime"],"picked":"SKIP","floor":22.0},{"not_picked":["ClearTheMind","EmptyMind","FlurryOfBlows"],"picked":"SKIP","floor":28.0},{"not_picked":["PathToVictory+1","EmptyFist"],"picked":"Meditate","floor":30.0},{"not_picked":["ForeignInfluence","Nirvana"],"picked":"InnerPeace","floor":31},{"not_picked":["JustLucky","EmptyFist"],"picked":"FearNoEvil","floor":35},{"not_picked":["EmptyBody","CarveReality","Fasting2"],"picked":"SKIP","floor":36},{"not_picked":["BowlingBash","FollowUp+1"],"picked":"WreathOfFlame+1","floor":37},{"not_picked":["JustLucky","BattleHymn","BowlingBash+1"],"picked":"SKIP","floor":38},{"not_picked":["Protect","Worship","ThirdEye"],"picked":"SKIP","floor":40},{"not_picked":["Blind","Discovery"],"picked":"Bandage Up","floor":42},{"not_picked":["ThirdEye","Sanctity"],"picked":"ClearTheMind+1","floor":45},{"not_picked":["ThirdEye","Prostrate","Meditate"],"picked":"SKIP","floor":46},{"not_picked":["CarveReality","BattleHymn","EmptyBody"],"picked":"SKIP","floor":48}],"player_experience":714851,"relics_obtained":[{"floor":6.0,"key":"Matryoshka"},{"floor":9.0,"key":"Letter Opener"},{"floor":9.0,"key":"Whetstone"},{"floor":10.0,"key":"Incense Burner"},{"floor":13.0,"key":"Bronze Scales"},{"floor":19.0,"key":"Red Mask"},{"floor":25.0,"key":"Nilry\u0027s Codex"},{"floor":26.0,"key":"Bottled Flame"},{"floor":26.0,"key":"Regal Pillow"},{"floor":37,"key":"FossilizedHelix"},{"floor":43,"key":"CaptainsWheel"},{"floor":45,"key":"Girya"}],"event_choices":[{"damage_healed":0.0,"max_hp_gain":0.0,"max_hp_loss":0.0,"gold_gain":100.0,"event_name":"Golden Shrine","player_choice":"Pray","floor":2.0,"gold_loss":0.0,"damage_taken":0.0},{"damage_healed":0.0,"max_hp_gain":0.0,"max_hp_loss":0.0,"gold_gain":0.0,"event_name":"Shining Light","player_choice":"Entered Light","floor":4.0,"gold_loss":0.0,"damage_taken":14.0,"cards_upgraded":["Strike_P","Strike_P"]},{"cards_removed":["Defend_P"],"damage_healed":0.0,"max_hp_gain":0.0,"max_hp_loss":0.0,"gold_gain":0.0,"event_name":"Living Wall","player_choice":"Forget","floor":5.0,"gold_loss":0.0,"damage_taken":0.0},{"damage_healed":0.0,"max_hp_gain":0.0,"max_hp_loss":0.0,"gold_gain":0.0,"event_name":"Masked Bandits","player_choice":"Fought Bandits","floor":19.0,"gold_loss":0.0,"damage_taken":0.0},{"cards_removed":["Defend_P"],"damage_healed":0.0,"max_hp_gain":0.0,"max_hp_loss":0.0,"gold_gain":0.0,"event_name":"Back to Basics","player_choice":"Elegance","floor":24.0,"gold_loss":0.0,"damage_taken":0.0},{"damage_healed":0.0,"max_hp_gain":0.0,"max_hp_loss":0.0,"gold_gain":0.0,"event_name":"Cursed Tome","player_choice":"Obtained Book","floor":25.0,"gold_loss":0.0,"damage_taken":16.0},{"cards_removed":["Strike_P"],"damage_healed":0.0,"max_hp_gain":0.0,"max_hp_loss":0.0,"gold_gain":0.0,"event_name":"Beggar","player_choice":"Gave Gold","floor":29.0,"gold_loss":75.0,"damage_taken":0.0},{"damage_healed":0,"gold_gain":0,"player_choice":"Fight","damage_taken":0,"max_hp_gain":0,"max_hp_loss":0,"event_name":"MindBloom","floor":37,"gold_loss":0},{"damage_healed":0,"gold_gain":0,"player_choice":"Memory 1","damage_taken":0,"max_hp_gain":0,"max_hp_loss":0,"event_name":"SensoryStone","floor":42,"gold_loss":0},{"damage_healed":0,"gold_gain":0,"player_choice":"Fight","damage_taken":0,"max_hp_gain":0,"max_hp_loss":0,"event_name":"Mysterious Sphere","floor":45,"gold_loss":0}],"is_beta":false,"boss_relics":[{"not_picked":["Velvet Choker","Busted Crown"],"picked":"Empty Cage"},{"not_picked":["Snecko Eye","Calling Bell"],"picked":"Coffee Dripper"}],"items_purged_floors":[7,21,39],"is_endless":false,"potions_floor_spawned":[6,10,14,19,22,31,37,38,40,48],"ascension_level":13}}