{"host":"6fkscwgr344hcmao","time":1612437420,"event":{"mods":["2.2 Compatiblity","AchievementEnabler","BaseMod","Colored Map","Highlight Path","Minty Spire (QoL Compilation)","Random Character Button","Rare Cards Sparkle"],"gold_per_floor":[118,218,234,250,250,277,277,310,333,352,409,409,427,447,447,544,544,558,657,582,582,582],"floor_reached":21,"language":"POL","playtime":1237,"items_purged":[],"score":189,"play_id":"d08842e6-d846-4744-9fb5-9aaf8d5bbe67","local_time":"20210204121700","is_ascension_mode":false,"campfire_choices":[{"floor":7.0,"key":"REST"},{"floor":12,"key":"REST"},{"data":"Armaments","floor":15,"key":"SMITH"}],"circlet_count":0,"master_deck":["Strike_R","Strike_R","Strike_R","Strike_R","Defend_R","Defend_R","Defend_R","Defend_R","Bash","Twin Strike","Power Through","Shrug It Off","Warcry","Battle Trance","Armaments+1","Barricade","Shockwave"],"relics":["SlaversCollar","Potion Belt","MealTicket","Smiling Mask","Regal Pillow","Busted Crown"],"acts_visited":["Exordium","TheCity"],"potions_floor_usage":[8,11,18,21],"damage_taken":[{"damage":6.0,"enemies":"Jaw Worm","floor":1.0,"turns":3.0},{"damage":1.0,"enemies":"Cultist","floor":3.0,"turns":3.0},{"damage":0.0,"enemies":"2 Louse","floor":4.0,"turns":3.0},{"damage":18.0,"enemies":"Gremlin Nob","floor":6.0,"turns":4.0},{"damage":2,"enemies":"Lagavulin","floor":8,"turns":5},{"damage":0,"enemies":"Exordium Wildlife","floor":10,"turns":4},{"damage":39,"enemies":"Lagavulin Event","floor":11,"turns":10},{"damage":2,"enemies":"Looter","floor":13,"turns":5},{"damage":8,"enemies":"Blue Slaver","floor":14,"turns":6},{"damage":21,"enemies":"The Guardian","floor":16,"turns":14},{"damage":30,"enemies":"3 Byrds","floor":18,"turns":8},{"damage":66,"enemies":"Masked Bandits","floor":21,"turns":9}],"seed_played":"-1809915904020036866","potions_obtained":[{"floor":1.0,"key":"DuplicationPotion"},{"floor":4.0,"key":"Strength Potion"},{"floor":8,"key":"SkillPotion"},{"floor":11,"key":"AttackPotion"},{"floor":16,"key":"SpeedPotion"}],"is_trial":false,"path_per_floor":["M","?","M","M","T","E","R","E","T","M","?","R","M","M","R","B",null,"M","?","?","?"],"character_chosen":"IRONCLAD","items_purchased":[],"campfire_rested":2,"item_purchase_floors":[],"current_hp_per_floor":[74,74,73,73,73,55,79,77,77,77,38,77,75,67,67,46,80,50,50,50,0,0],"gold":582,"neow_bonus":"BOSS_RELIC","is_daily":false,"chose_seed":false,"campfire_upgraded":1,"win_rate":0.0,"timestamp":1612437420,"path_taken":["M","?","M","?","?","E","R","E","T","M","?","R","M","M","R","BOSS","M","?","?","?"],"items_purchased_type":[],"build_version":"2020-12-22","purchased_purges":0,"victory":false,"max_hp_per_floor":[80,80,80,80,80,80,80,80,80,80,80,80,80,80,80,80,80,80,80,80,80,80],"card_choices":[{"not_picked":["Reckless Charge","Heavy Blade"],"picked":"Twin Strike","floor":1.0},{"not_picked":["Warcry","Sever Soul"],"picked":"Power Through","floor":3.0},{"not_picked":["Shockwave","Clothesline"],"picked":"Shrug It Off","floor":4.0},{"not_picked":["Rage","Flex"],"picked":"Warcry","floor":6.0},{"not_picked":["Thunderclap","Cleave"],"picked":"Battle Trance","floor":8},{"not_picked":["Whirlwind","Sword Boomerang"],"picked":"Armaments","floor":10},{"not_picked":["Thunderclap","Twin Strike","Headbutt"],"picked":"SKIP","floor":13},{"not_picked":["Corruption","Twin Strike","True Grit"],"picked":"SKIP","floor":14},{"not_picked":["Offering","Limit Break"],"picked":"Barricade","floor":16},{"not_picked":[],"picked":"Shockwave","floor":18}],"player_experience":220993,"relics_obtained":[{"floor":6.0,"key":"Potion Belt"},{"floor":8,"key":"MealTicket"},{"floor":9,"key":"Smiling Mask"}],"event_choices":[{"damage_healed":0.0,"max_hp_gain":0.0,"max_hp_loss":0.0,"gold_gain":100.0,"event_name":"Golden Shrine","player_choice":"Pray","floor":2.0,"gold_loss":0.0,"damage_taken":0.0},{"damage_healed":0,"gold_gain":0,"player_choice":"Searched \u00272\u0027 times","damage_taken":0,"relics_obtained":["Regal Pillow"],"max_hp_gain":0,"max_hp_loss":0,"event_name":"Dead Adventurer","floor":11,"gold_loss":0},{"damage_healed":0,"gold_gain":99,"player_choice":"Stole From Cult","damage_taken":0,"max_hp_gain":0,"max_hp_loss":0,"event_name":"Nest","floor":19,"gold_loss":0},{"cards_removed":["Strike_R"],"damage_healed":0,"gold_gain":0,"player_choice":"Gave Gold","damage_taken":0,"max_hp_gain":0,"max_hp_loss":0,"event_name":"Beggar","floor":20,"gold_loss":75},{"damage_healed":0,"gold_gain":0,"player_choice":"Fought Bandits","damage_taken":0,"max_hp_gain":0,"max_hp_loss":0,"event_name":"Masked Bandits","floor":21,"gold_loss":0}],"is_beta":false,"boss_relics":[{"not_picked":["Snecko Eye","SacredBark"],"picked":"Busted Crown"}],"items_purged_floors":[],"is_endless":false,"potions_floor_spawned":[1,4,8,11,16],"killed_by":"Masked Bandits","ascension_level":0}}