{"host":"osk2oboccoevp2u5","time":1612471748,"event":{"mods":["AchievementEnabler","Alarm Clock","BaseMod","Colored Powertips","Disable Question Mark Monsters","Displayed Cursed Tome","Key Reminder","Koishi","Minty Spire (QoL Compilation)","Potion Indicator Mod","Quick Restart","Rare Cards Sparkle","Reorder Act Four","StSLib","Useless Jewels Mod"],"gold_per_floor":[109,119,9,9,9,37,37,54,54,5,28,40,53,84,84,84,84],"floor_reached":16,"language":"ENG","playtime":766,"items_purged":["Koishi:BasicStrike"],"score":149,"play_id":"d1c224c0-b83d-4607-b2ab-160ec4655472","local_time":"20210204164908","is_ascension_mode":true,"campfire_choices":[{"data":"Koishi:UnconsciousUrges","floor":7,"key":"SMITH"},{"data":"Koishi:GhostParty","floor":15,"key":"SMITH"}],"circlet_count":0,"master_deck":["Koishi:BasicStrike","Koishi:BasicStrike","Koishi:BasicDefend","Koishi:BasicDefend","Koishi:BasicDefend","Koishi:BasicDefend","Koishi:Provoke","Koishi:HauntingSlash","Koishi:SubconsciousSweep","Koishi:Prune","Koishi:UnconsciousUrges+1","Koishi:UnconsciousUprising","Koishi:SubterraneanRose","Koishi:GhostParty+1"],"relics":["Koishi:ImaginaryFriend","NeowsBlessing","Blood Vial","Koishi:TeethAndClaws","Boot","Orichalcum"],"acts_visited":["Exordium"],"potions_floor_usage":[12,13,14,16,16],"damage_taken":[{"damage":0,"enemies":"2 Louse","floor":1,"turns":1},{"damage":0,"enemies":"Small Slimes","floor":2,"turns":1},{"damage":0,"enemies":"Lagavulin","floor":6,"turns":2},{"damage":1,"enemies":"Cultist","floor":8,"turns":3},{"damage":0,"enemies":"Lots of Slimes","floor":12,"turns":2},{"damage":10,"enemies":"Exordium Thugs","floor":13,"turns":6},{"damage":13,"enemies":"3 Sentries","floor":14,"turns":7},{"damage":104,"enemies":"Hexaghost","floor":16,"turns":25}],"seed_played":"-8432368262216056595","potions_obtained":[{"floor":2,"key":"Energy Potion"},{"floor":12,"key":"DuplicationPotion"},{"floor":13,"key":"Explosive Potion"},{"floor":14,"key":"Swift Potion"}],"is_trial":false,"path_per_floor":["M","M","$","?","?","E","R","M","T","$","T","M","M","E","R","B"],"character_chosen":"KOISHI","items_purchased":["Koishi:UnconsciousUrges","Explosive Potion"],"campfire_rested":0,"item_purchase_floors":[3,10],"current_hp_per_floor":[60,60,60,60,70,70,70,70,70,70,70,70,61,50,50,15,15],"gold":84,"neow_bonus":"THREE_ENEMY_KILL","is_daily":false,"chose_seed":false,"campfire_upgraded":2,"win_rate":0.0,"timestamp":1612471748,"path_taken":["M","M","$","?","?","E","R","?","T","?","?","M","M","E","R","BOSS"],"items_purchased_type":["Card","Potion"],"build_version":"2020-12-22","purchased_purges":1,"victory":false,"max_hp_per_floor":[60,60,60,60,70,70,70,70,70,70,70,70,70,70,70,70,70],"card_choices":[{"not_picked":["Koishi:FreudianInstinct","Koishi:Prune"],"picked":"Koishi:SubconsciousSweep","floor":1},{"not_picked":["Koishi:PhantomBarrier","Koishi:Vanish"],"picked":"Koishi:Prune","floor":2},{"not_picked":["Koishi:SpiritedAway","Koishi:Bloodlust","Koishi:PerfectMindControl"],"picked":"SKIP","floor":6},{"not_picked":["Koishi:ReflexRadar","Koishi:PhantomBarrier"],"picked":"Koishi:UnconsciousUprising","floor":8},{"not_picked":["Koishi:DreadfulBlow","Koishi:DNAsFlaw"],"picked":"Koishi:SubterraneanRose","floor":12},{"not_picked":["Koishi:BloodcurdlingScream","Koishi:TremblingHands","Koishi:MindNumbingTerror"],"picked":"SKIP","floor":13},{"not_picked":["Koishi:EmbersOfLove","Koishi:LastRemote"],"picked":"Koishi:GhostParty","floor":14}],"player_experience":953688,"relics_obtained":[{"floor":6,"key":"Blood Vial"},{"floor":9,"key":"Koishi:TeethAndClaws"},{"floor":11,"key":"Boot"},{"floor":14,"key":"Orichalcum"}],"event_choices":[{"damage_healed":0,"gold_gain":0,"cards_transformed":["Koishi:BasicStrike"],"player_choice":"Change","damage_taken":0,"max_hp_gain":0,"max_hp_loss":0,"event_name":"Living Wall","floor":4,"gold_loss":0,"cards_obtained":["Koishi:ConfinedInnocent"]},{"cards_removed":["Koishi:ConfinedInnocent"],"damage_healed":0,"gold_gain":0,"player_choice":"Offered Rare","damage_taken":0,"max_hp_gain":10,"max_hp_loss":0,"event_name":"Bonfire Elementals","floor":5,"gold_loss":0}],"is_beta":false,"boss_relics":[],"items_purged_floors":[3],"is_endless":false,"potions_floor_spawned":[2,12,13,14],"killed_by":"Hexaghost","ascension_level":2}}