{"host":"z7byfb4bpt09dh7e","time":1612454894,"event":{"mods":["Aspiration","BaseMod","BetterRewards","Colored Map","Displayed Cursed Tome","Infinite Spire","Minty Spire (QoL Compilation)","Reliquary","Replay The Spire","StSLib","The Blue Laboratory","The Marked","Uncapped"],"gold_per_floor":[111,111,111,111,131,150,150,161,213,230,243,243,263,285,285,388,388,401,420,420,420,420,420,420,420,420],"floor_reached":25,"language":"ENG","playtime":1840,"items_purged":["Strike_B"],"score":193,"play_id":"7f357991-1053-42e9-b3d5-a48cee2a6512","local_time":"20210204110814","is_ascension_mode":false,"campfire_choices":[{"data":"FIFO Queue","floor":7.0,"key":"SMITH"},{"floor":12.0,"key":"REST"},{"floor":15.0,"key":"REST"}],"circlet_count":0,"master_deck":["Strike_B","Strike_B","Strike_B","Defend_B","Defend_B","Defend_B","Defend_B","Zap","Dualcast","FIFO Queue+1","Weave","Rainbow","Flying Knee","Self Repair","Ball Lightning","Auto Shields","Double Energy","Flying Knee","Chaos","Fission","Genetic Algorithm","Genetic Algorithm"],"relics":["Cracked Core","aspiration:Nostalgia","Replay:M_StaffOfTheSnake","infinitespire:Satchel","Odd Mushroom","reliquary:WritOfMandamus","ReplayTheSpireMod:Lightbulb","ChewingGum","MutagenicStrength"],"acts_visited":["Exordium","TheCity"],"potions_floor_usage":[25,25,25],"damage_taken":[{"damage":5.0,"enemies":"Small Slimes","floor":1.0,"turns":3.0},{"damage":0.0,"enemies":"Cultist","floor":5.0,"turns":4.0},{"damage":8.0,"enemies":"2 Louse","floor":6.0,"turns":2.0},{"damage":8.0,"enemies":"Looter","floor":8.0,"turns":3.0},{"damage":15.0,"enemies":"Large Slime","floor":10.0,"turns":5.0},{"damage":8.0,"enemies":"Red Slaver","floor":11.0,"turns":2.0},{"damage":14.0,"enemies":"Blue Slaver","floor":13.0,"turns":3.0},{"damage":23.0,"enemies":"The Mushroom Lair","floor":14.0,"turns":5.0},{"damage":43,"enemies":"Hexaghost","floor":16,"turns":11},{"damage":10,"enemies":"3 Byrds","floor":18,"turns":5},{"damage":30,"enemies":"Spheric Guardian","floor":19,"turns":5},{"damage":45,"enemies":"Snecko","floor":25,"turns":5}],"seed_played":"1560984276370554015","potions_obtained":[{"floor":1.0,"key":"blueLaboratory:PyrophylliteBrew"},{"floor":10.0,"key":"Explosive Potion"},{"floor":14.0,"key":"Venom Potion"},{"floor":16,"key":"blueLaboratory:LouseDecoction"}],"is_trial":false,"path_per_floor":["M","$","?","$","M","M","R","M","T","M","M","R","M","?","R","B",null,"M","M","AVR","?","PTL","PTL","?","M"],"character_chosen":"DEFECT","items_purchased":[],"campfire_rested":2,"item_purchase_floors":[],"current_hp_per_floor":[70,70,70,70,70,62,62,61,61,53,45,67,60,44,66,30,75,72,49,49,35,35,35,35,0,0],"gold":420,"neow_bonus":"NOSTALGIA","is_daily":false,"chose_seed":false,"campfire_upgraded":1,"win_rate":0.0,"timestamp":1612454894,"path_taken":["M","$","?","$","?","M","R","M","T","M","M","R","M","?","R","BOSS","M","M","AVR","?","PTL","PTL","?","M"],"items_purchased_type":[],"build_version":"2020-12-22","purchased_purges":1,"victory":false,"max_hp_per_floor":[75,75,75,75,75,75,75,75,75,75,75,75,75,75,75,75,75,75,75,75,80,80,80,80,80,80],"card_choices":[{"not_picked":["Heatsinks","Predator"],"picked":"FIFO Queue","floor":1.0},{"not_picked":["Escape Plan","Steam"],"picked":"Flying Knee","floor":5.0},{"not_picked":["Beam Cell","Cold Snap"],"picked":"Self Repair","floor":6.0},{"not_picked":["Leap","Self Repair"],"picked":"Ball Lightning","floor":8.0},{"not_picked":["aspiration:Polymerization","FIFO Queue"],"picked":"Auto Shields","floor":10.0},{"not_picked":["Coolheaded","Doom and Gloom"],"picked":"Double Energy","floor":11.0},{"not_picked":["ReplaySort","Dagger Throw"],"picked":"Flying Knee","floor":13.0},{"not_picked":["Phantasmal Killer","ClearTheMind"],"picked":"Chaos","floor":14.0},{"not_picked":["Hyperbeam","Electrodynamics"],"picked":"Fission","floor":16},{"not_picked":["Beam Cell","Tempest"],"picked":"Genetic Algorithm","floor":18},{"not_picked":["Cold Snap","Steam"],"picked":"Genetic Algorithm","floor":19}],"player_experience":302878,"relics_obtained":[{"floor":9.0,"key":"infinitespire:Satchel"},{"floor":14.0,"key":"Odd Mushroom"}],"event_choices":[{"damage_healed":0.0,"max_hp_gain":0.0,"max_hp_loss":0.0,"gold_gain":0.0,"event_name":"Match and Keep!","player_choice":"2 cards matched","floor":3.0,"gold_loss":0.0,"damage_taken":0.0,"cards_obtained":["Weave","Rainbow"]},{"damage_healed":0.0,"max_hp_gain":0.0,"max_hp_loss":0.0,"gold_gain":0.0,"event_name":"Mushrooms","player_choice":"Fought Mushrooms","floor":14.0,"gold_loss":0.0,"damage_taken":0.0},{"damage_healed":0,"gold_gain":0,"player_choice":"Shed Blood","damage_taken":19,"max_hp_gain":5,"max_hp_loss":0,"event_name":"Forgotten Altar","floor":21,"gold_loss":0},{"damage_healed":0,"gold_gain":0,"player_choice":"Inject Mutagens","damage_taken":0,"relics_obtained":["MutagenicStrength"],"max_hp_gain":0,"max_hp_loss":0,"event_name":"Drug Dealer","floor":24,"gold_loss":0}],"is_beta":false,"boss_relics":[{"not_picked":["Runic Dome","aspiration:SilentSkillbook"],"picked":"reliquary:WritOfMandamus"}],"items_purged_floors":[20],"is_endless":false,"potions_floor_spawned":[1,10,14,16],"killed_by":"Snecko","ascension_level":0}}