{"host":"q9sqrn60n8lvmavn","time":1612416984,"event":{"mods":["AchievementEnabler","AlwaysNeverKeys","BaseMod","Better Third Choice","Better Vampires","Block Reminder","Colored Powertips","Curses Come First","DNKmod","Friendly Minions","Minty Spire (QoL Compilation)","Permanent Neow","Relic Filter Mod","StSLib","Weighted Paths"],"gold_per_floor":[1011,1011,1022,1037,1112,1112,562,562,616,644,703,703,730,746,746,850,850,870,870,496,506,556,583,583,583,583,614,629,664,677,341,341,440,440,457,476,346,363,275,275,289,289,289,110,122,140,152,186,186,186,186,186,36,63,63],"floor_reached":56,"language":"ENG","playtime":2134,"items_purged":["Defend_P","Defend_P","Eruption+1","Strike_P","Strike_P","Strike_P"],"score":2242,"play_id":"e2c1b4b1-1401-4a7c-ad05-6ec500875e07","local_time":"20210203213624","is_ascension_mode":true,"campfire_choices":[{"data":"CutThroughFate","floor":6,"key":"SMITH"},{"data":"Tantrum","floor":8,"key":"SMITH"},{"data":"Madness","floor":12,"key":"SMITH"},{"data":"CutThroughFate","floor":15,"key":"SMITH"},{"data":"Vault","floor":25,"key":"SMITH"},{"data":"FlurryOfBlows","floor":32,"key":"SMITH"},{"data":"FlurryOfBlows","floor":40,"key":"SMITH"},{"data":"EmptyFist","floor":42,"key":"SMITH"},{"data":"InnerPeace","floor":49,"key":"SMITH"},{"floor":52,"key":"REST"}],"circlet_count":0,"master_deck":["Defend_P+1","Vigilance+1","CutThroughFate+1","Adaptation+1","Tantrum+1","Madness+1","CutThroughFate+1","Vault+1","FlurryOfBlows+1","J.A.X.+1","Adaptation+1","Adaptation+1","FlurryOfBlows+1","EmptyFist+1","Indignation+1","TalkToTheHand+1","Wallop+1","MentalFortress+1","InnerPeace+1"],"relics":["PureWater","Frozen Egg 2","StrikeDummy","InkBottle","TeardropLocket","Tiny Chest","Mango","Bird Faced Urn","Letter Opener","Sozu","DollysMirror","MealTicket","TungstenRod","Molten Egg 2","FossilizedHelix","Pear","Membership Card","War Paint","Empty Cage","Toxic Egg 2","Lantern","Pantograph","Bag of Preparation","OrangePellets","Unceasing Top"],"acts_visited":["Exordium","TheCity","TheBeyond","TheEnding"],"potions_floor_usage":[11,16,30,30],"damage_taken":[{"damage":0,"enemies":"Jaw Worm","floor":1,"turns":2},{"damage":0,"enemies":"Cultist","floor":3,"turns":2},{"damage":0,"enemies":"2 Louse","floor":4,"turns":1},{"damage":15,"enemies":"3 Sentries","floor":10,"turns":3},{"damage":0,"enemies":"Gremlin Nob","floor":11,"turns":1},{"damage":0,"enemies":"Gremlin Nob","floor":13,"turns":2},{"damage":0,"enemies":"Looter","floor":14,"turns":2},{"damage":0,"enemies":"Slime Boss","floor":16,"turns":2},{"damage":2,"enemies":"3 Byrds","floor":18,"turns":3},{"damage":0,"enemies":"Spheric Guardian","floor":21,"turns":2},{"damage":8,"enemies":"Gremlin Leader","floor":23,"turns":3},{"damage":19,"enemies":"Slavers","floor":27,"turns":3},{"damage":17,"enemies":"3 Cultists","floor":28,"turns":3},{"damage":0,"enemies":"Book of Stabbing","floor":29,"turns":2},{"damage":0,"enemies":"Chosen and Byrds","floor":30,"turns":2},{"damage":2,"enemies":"Collector","floor":33,"turns":3},{"damage":0,"enemies":"3 Darklings","floor":35,"turns":2},{"damage":10,"enemies":"3 Shapes","floor":36,"turns":2},{"damage":7,"enemies":"Writhing Mass","floor":38,"turns":3},{"damage":3,"enemies":"Sphere and 2 Shapes","floor":41,"turns":2},{"damage":0,"enemies":"4 Shapes","floor":45,"turns":3},{"damage":21,"enemies":"Writhing Mass","floor":46,"turns":4},{"damage":2,"enemies":"Maw","floor":47,"turns":2},{"damage":0,"enemies":"Giant Head","floor":48,"turns":2},{"damage":8,"enemies":"Awakened One","floor":50,"turns":3},{"damage":2,"enemies":"Shield and Spear","floor":54,"turns":4},{"damage":38,"enemies":"The Heart","floor":55,"turns":6}],"seed_played":"-421372051328895636","potions_obtained":[{"floor":1,"key":"SteroidPotion"},{"floor":10,"key":"Ambrosia"},{"floor":13,"key":"StancePotion"},{"floor":16,"key":"SkillPotion"}],"is_trial":false,"path_per_floor":["M","?","M","M","?","R","$","R","T","E","?","R","E","M","R","B",null,"M","?","$","M","?","E","T","R","T","E","M","E","M","$","R","B",null,"M","M","$","M","$","R","M","R","T","$","M","M","M","E","R","B",null,"R","$","E","B",null],"character_chosen":"WATCHER","items_purchased":["TeardropLocket","Adaptation+1","Tantrum","Madness","DollysMirror","Adaptation+1","FlurryOfBlows","Membership Card","TalkToTheHand+1","War Paint","MentalFortress+1","InnerPeace","Lantern","Bag of Preparation","OrangePellets"],"campfire_rested":1,"item_purchase_floors":[7,7,7,7,20,20,20,31,31,31,37,37,44,53,53],"current_hp_per_floor":[100,100,100,100,89,89,89,89,89,88,88,88,90,92,92,94,109,109,109,109,114,114,108,108,108,108,95,84,100,104,119,119,122,124,124,114,124,119,124,124,121,121,121,124,124,103,109,117,117,116,122,124,124,122,88],"gold":63,"neow_bonus":"UPGRADE_CARD","is_daily":false,"chose_seed":false,"campfire_upgraded":9,"win_rate":0.0,"timestamp":1612416984,"path_taken":["M","?","?","M","?","R","$","R","T","E","?","R","E","M","R","BOSS","M","?","$","M","?","E","?","R","T","E","M","E","M","$","R","BOSS","M","M","?","?","$","R","M","R","T","$","M","M","M","E","R","BOSS","R","$","E","BOSS"],"items_purchased_type":["Relic","Card","Card","Card","Relic","Card","Card","Relic","Card","Relic","Card","Card","Relic","Relic","Relic"],"build_version":"2020-12-22","purchased_purges":6,"victory":true,"max_hp_per_floor":[100,100,100,100,100,100,100,100,100,114,114,114,114,114,114,114,114,114,114,114,114,114,114,114,114,114,114,114,124,124,124,124,124,124,124,124,124,124,124,124,124,124,124,124,124,124,124,124,124,124,124,124,124,124,124],"card_choices":[{"not_picked":["ThirdEye","Consecrate","Weave"],"picked":"SKIP","floor":1},{"not_picked":["JustLucky","WindmillStrike","FollowUp"],"picked":"SKIP","floor":3},{"not_picked":["FlyingSleeves","Protect"],"picked":"CutThroughFate","floor":4},{"not_picked":["Vengeance","LikeWater+1","SignatureMove"],"picked":"SKIP","floor":10},{"not_picked":["Evaluate","FollowUp","EmptyBody"],"picked":"SKIP","floor":13},{"not_picked":["Sanctity","FlyingSleeves"],"picked":"CutThroughFate","floor":14},{"not_picked":["DeusExMachina","LessonLearned"],"picked":"Vault","floor":16},{"not_picked":["Halt+1","Protect"],"picked":"FlurryOfBlows","floor":18},{"not_picked":["JustLucky+1","EmptyBody","Prostrate+1"],"picked":"SKIP","floor":21},{"not_picked":["Vault","SashWhip"],"picked":"EmptyFist","floor":23},{"not_picked":["Meditate","BattleHymn+1","Crescendo"],"picked":"SKIP","floor":27},{"not_picked":["BattleHymn+1","FollowUp+1","LikeWater+1"],"picked":"SKIP","floor":28},{"not_picked":["Swivel","WaveOfTheHand"],"picked":"Indignation+1","floor":29},{"not_picked":["Sanctity","Collect","SashWhip+1"],"picked":"SKIP","floor":30},{"not_picked":["Conclude+1","FollowUp+1","Crescendo"],"picked":"SKIP","floor":35},{"not_picked":["FlurryOfBlows+1","Judgement"],"picked":"Wallop+1","floor":36},{"not_picked":["CrushJoints+1","FlurryOfBlows+1","Protect+1"],"picked":"SKIP","floor":38},{"not_picked":["FearNoEvil+1","Meditate+1","FlyingSleeves+1"],"picked":"SKIP","floor":41},{"not_picked":["CrushJoints+1","Wireheading+1","SignatureMove+1"],"picked":"SKIP","floor":45},{"not_picked":["Wireheading+1","SashWhip+1","InnerPeace+1"],"picked":"SKIP","floor":46},{"not_picked":["ThirdEye+1","Meditate+1","FlurryOfBlows+1"],"picked":"SKIP","floor":47},{"not_picked":["Wallop+1","Blasphemy+1","Wireheading+1"],"picked":"SKIP","floor":48},{"not_picked":["Evaluate+1","SashWhip+1","FollowUp+1"],"picked":"SKIP","floor":54}],"player_experience":219634,"relics_obtained":[{"floor":9,"key":"Tiny Chest"},{"floor":10,"key":"Mango"},{"floor":13,"key":"Letter Opener"},{"floor":23,"key":"MealTicket"},{"floor":24,"key":"TungstenRod"},{"floor":26,"key":"Molten Egg 2"},{"floor":27,"key":"FossilizedHelix"},{"floor":29,"key":"Pear"},{"floor":43,"key":"Toxic Egg 2"},{"floor":48,"key":"Pantograph"},{"floor":54,"key":"Unceasing Top"}],"event_choices":[{"damage_healed":0,"gold_gain":0,"player_choice":"Forge","damage_taken":0,"max_hp_gain":0,"max_hp_loss":0,"event_name":"Accursed Blacksmith","floor":2,"gold_loss":0,"cards_upgraded":["Vigilance"]},{"damage_healed":0,"gold_gain":75,"player_choice":"Gold","damage_taken":11,"max_hp_gain":0,"max_hp_loss":0,"event_name":"betterThird:BetterGoop","floor":5,"gold_loss":0},{"damage_healed":0,"gold_gain":0,"player_choice":"Searched \u00272\u0027 times","damage_taken":0,"relics_obtained":["Bird Faced Urn"],"max_hp_gain":0,"max_hp_loss":0,"event_name":"Dead Adventurer","floor":11,"gold_loss":0},{"damage_healed":0,"gold_gain":0,"player_choice":"Obtain J.A.X.","damage_taken":0,"max_hp_gain":0,"max_hp_loss":0,"event_name":"Drug Dealer","floor":19,"gold_loss":0,"cards_obtained":["J.A.X."]},{"damage_healed":0,"gold_gain":100,"player_choice":"Bet on Murderer","damage_taken":0,"max_hp_gain":0,"max_hp_loss":0,"event_name":"The Joust","floor":22,"gold_loss":50}],"is_beta":false,"boss_relics":[{"not_picked":["SlaversCollar","Cursed Key"],"picked":"Sozu"},{"not_picked":["Coffee Dripper","Runic Pyramid"],"picked":"Empty Cage"}],"items_purged_floors":[7,20,31,37,39,44],"is_endless":false,"potions_floor_spawned":[1,10,13,16,23,28,29,33,35,36,45,46],"ascension_level":9}}