{"host":"p7cjtxxrilhp4dw7","time":1612426043,"event":{"mods":["BaseMod","Block Reminder","Colored Map","Curses Come First","Highlight Path","Minty Spire (QoL Compilation)","Replay The Spire","StSLib","The Hierophant"],"gold_per_floor":[144,189,234,234,279,324,24,114,114,159,249,249,294,339,339,639,739,784,829,779,824,449,539,539,449,499,499,544,544,589,634,634,934,934,979,1024,847,847,847,937,937,787,787,787,877,877,877,922,922,922],"floor_reached":51,"language":"ENG","playtime":6658,"items_purged":["Clash"],"score":1014,"play_id":"de726ff8-0c00-4787-9a38-f21d74926764","local_time":"20210204010723","daily_mods":["Insanity","Colorless Cards","Midas"],"is_ascension_mode":false,"campfire_choices":[{"floor":12,"key":"REST"},{"floor":15,"key":"REST"},{"floor":24,"key":"REST"},{"floor":27,"key":"REST"},{"floor":32,"key":"REST"},{"floor":46,"key":"REST"},{"floor":49,"key":"REST"}],"circlet_count":0,"master_deck":["Twin Strike","Discovery","Metallicize","Havoc","Dropkick","Replay:BasicMightCard","Clothesline","Replay:Undeath\u0027s Touch+1","Twin Strike","Iron Wave+1","True Grit","ReplayTheSpireMod:Muscle Training","Jack Of All Trades","Pommel Strike","Sword Boomerang","Impatience","Replay:Undeath\u0027s Touch","Feel No Pain","Replay:Sssssssssstrike","Iron Wave+1","Clothesline","Armaments","True Grit","Perfected Strike","Flex","Cleave","Headbutt","Dramatic Entrance","Finesse","Defy Death","Flame Barrier","Hemokinesis+1","Iron Wave+1","Armaments","Thunderclap","Headbutt","Intimidate","Iron Wave+1","ReplayTheSpireMod:Stacked","Sword Boomerang","Perfected Strike","Pain","ReplayTheSpireMod:LeadingStrike","Shrug It Off","Armaments","Abandon","Clash","Rupture+1","ReplayTheSpireMod:Necrogeddon","ReplayTheSpireMod:LeadingStrike","Seeing Red+1","Perfected Strike+1","Replay:Many Hands","Mayhem+1","Panacea+1","Exhume+1","Anger+1","ReplayUltimateDefense","Doubt","Demonic Infusion","Impatience","Replay:Bootleg Shield Generator+1","Injury"],"relics":["Burning Blood","WarpedTongs","Replay:PocketPolymizer","Onion Ring","Replay:WaspNest","Art of War","Replay:Wanted Poster","Du-Vu Doll","Juzu Bracelet","Red Skull","Astrolabe","Question Card","Whetstone","Replay:Bottled Eggs","Meat on the Bone"],"acts_visited":["Exordium","TheCity","TheBeyond"],"potions_floor_usage":[16,33,40,45,50],"damage_taken":[{"damage":0,"enemies":"Small Slimes","floor":1,"turns":2},{"damage":0,"enemies":"Cultist","floor":2,"turns":2},{"damage":0,"enemies":"2 Louse","floor":3,"turns":1},{"damage":0,"enemies":"Exordium Thugs","floor":5,"turns":3},{"damage":14,"enemies":"Looter","floor":6,"turns":2},{"damage":4,"enemies":"3 Sentries","floor":8,"turns":6},{"damage":0,"enemies":"Large Slime","floor":10,"turns":4},{"damage":0,"enemies":"Lagavulin","floor":11,"turns":2},{"damage":2,"enemies":"Exordium Wildlife","floor":13,"turns":2},{"damage":0,"enemies":"3 Louse","floor":14,"turns":1},{"damage":31,"enemies":"The Guardian","floor":16,"turns":6},{"damage":0,"enemies":"3 Byrds","floor":18,"turns":4},{"damage":10,"enemies":"Shell Parasite","floor":19,"turns":3},{"damage":1,"enemies":"Snake Plant","floor":21,"turns":2},{"damage":10,"enemies":"Slavers","floor":23,"turns":3},{"damage":8,"enemies":"Sentry and Sphere","floor":28,"turns":3},{"damage":5,"enemies":"Chosen and Byrds","floor":30,"turns":3},{"damage":10,"enemies":"Shelled Parasite and Fungi","floor":31,"turns":2},{"damage":20,"enemies":"Pondfish","floor":33,"turns":6},{"damage":1,"enemies":"3 Shapes","floor":35,"turns":3},{"damage":0,"enemies":"Orb Walker","floor":36,"turns":2},{"damage":5,"enemies":"Giant Head","floor":40,"turns":9},{"damage":15,"enemies":"Reptomancer","floor":45,"turns":4},{"damage":11,"enemies":"3 Darklings","floor":48,"turns":3},{"damage":65,"enemies":"Awakened One","floor":50,"turns":11}],"seed_played":"2514053361250750194","potions_obtained":[{"floor":5,"key":"Weak Potion"},{"floor":6,"key":"SkillPotion"},{"floor":8,"key":"Energy Potion"},{"floor":18,"key":"ColorlessPotion"},{"floor":30,"key":"Flashbang"},{"floor":33,"key":"Adrenaline Potion"}],"is_trial":false,"path_per_floor":["M","M","M","?","M","M","$","E","T","M","E","R","M","M","R","B",null,"M","M","?","M","$","E","R","?","T","R","M","$","M","M","R","B",null,"M","M","$","?","?","E","$","$","T","?","E","R","?","M","R","B",null],"character_chosen":"IRONCLAD","items_purchased":["Replay:PocketPolymizer","Du-Vu Doll","ReplayUltimateDefense","Whetstone"],"campfire_rested":7,"item_purchase_floors":[7,22,37,42],"current_hp_per_floor":[80,80,80,80,80,72,72,74,74,80,80,80,80,80,80,55,80,80,76,76,80,80,76,80,80,80,80,78,78,79,75,80,66,80,80,80,80,80,80,80,80,80,80,80,71,80,80,75,80,33],"gold":922,"neow_bonus":"","is_daily":true,"chose_seed":false,"campfire_upgraded":0,"win_rate":0.0,"timestamp":1612426043,"path_taken":["M","M","M","?","M","M","$","E","T","M","E","R","?","M","R","BOSS","M","?","?","?","$","E","R","?","T","R","M","?","M","M","R","BOSS","M","M","$","?","?","E","?","$","T","?","E","R","?","M","R","BOSS"],"items_purchased_type":["Relic","Relic","Card","Relic"],"build_version":"2020-12-22","purchased_purges":1,"victory":true,"max_hp_per_floor":[80,80,80,80,80,80,80,80,80,80,80,80,80,80,80,80,80,80,80,80,80,80,80,80,80,80,80,80,80,80,80,80,80,80,80,80,80,80,80,80,80,80,80,80,80,80,80,80,80,80],"card_choices":[{"not_picked":["Sword Boomerang","Body Slam","Replay:Undeath\u0027s Touch"],"picked":"SKIP","floor":1},{"not_picked":["Warcry","Iron Wave","Run Through"],"picked":"SKIP","floor":2},{"not_picked":["Cleave","Pommel Strike"],"picked":"Perfected Strike","floor":3},{"not_picked":["Flash of Steel","Havoc"],"picked":"ReplayTheSpireMod:LeadingStrike","floor":5},{"not_picked":["Body Slam","Defy Death","Forethought"],"picked":"SKIP","floor":6},{"not_picked":["Dramatic Entrance","Fire Breathing"],"picked":"Shrug It Off","floor":8},{"not_picked":["Spot Weakness","Specialist","Sever Soul"],"picked":"SKIP","floor":10},{"not_picked":["Swift Strike","Cleave","True Grit"],"picked":"SKIP","floor":11},{"not_picked":["Iron Wave","Armaments","Body Slam"],"picked":"SKIP","floor":13},{"not_picked":["Iron Wave","Body Slam"],"picked":"Armaments","floor":13},{"not_picked":["Havoc","ReplayTheSpireMod:Limb From Limb"],"picked":"Abandon","floor":14},{"not_picked":["Clash","Power Through","Shrug It Off"],"picked":"SKIP","floor":18},{"not_picked":["Fire Breathing","Replay:Undeath\u0027s Touch"],"picked":"Rupture+1","floor":19},{"not_picked":["Headbutt","Fire Breathing+1","Thunderclap"],"picked":"SKIP","floor":21},{"not_picked":["Flex","ReplayReversal","Heavy Blade"],"picked":"SKIP","floor":23},{"not_picked":["Clothesline+1","Abandon"],"picked":"Seeing Red+1","floor":28},{"not_picked":["Havoc","Cleave"],"picked":"Perfected Strike+1","floor":30},{"not_picked":["Rupture","Iron Wave","Wild Strike"],"picked":"SKIP","floor":31},{"not_picked":["Metamorphosis","Corruption"],"picked":"Replay:Many Hands","floor":33},{"not_picked":["Heavy Blade","Replay:Undeath\u0027s Touch","Clothesline"],"picked":"SKIP","floor":35},{"not_picked":["Thunderclap+1","ReplayReversal"],"picked":"Anger+1","floor":36},{"not_picked":["Sword Boomerang","Pommel Strike+1","Run Through+1"],"picked":"SKIP","floor":40},{"not_picked":["Wild Strike+1","Heavy Blade","Sever Soul+1"],"picked":"Demonic Infusion","floor":45},{"not_picked":["Clash+1","Panacea+1","Specialist"],"picked":"Replay:Bootleg Shield Generator+1","floor":48}],"player_experience":627296,"relics_obtained":[{"floor":8,"key":"Onion Ring"},{"floor":9,"key":"Replay:WaspNest"},{"floor":11,"key":"Art of War"},{"floor":23,"key":"Juzu Bracelet"},{"floor":26,"key":"Red Skull"},{"floor":40,"key":"Question Card"},{"floor":43,"key":"Replay:Bottled Eggs"},{"floor":45,"key":"Meat on the Bone"}],"event_choices":[{"damage_healed":0,"gold_gain":0,"player_choice":"Rummage","damage_taken":0,"relics_obtained":["WarpedTongs"],"max_hp_gain":0,"max_hp_loss":0,"event_name":"Accursed Blacksmith","floor":4,"gold_loss":0,"cards_obtained":["Pain"]},{"damage_healed":0,"gold_gain":0,"player_choice":"Bet on Murderer","damage_taken":0,"max_hp_gain":0,"max_hp_loss":0,"event_name":"The Joust","floor":20,"gold_loss":50},{"cards_removed":["Searing Blow"],"damage_healed":0,"gold_gain":0,"player_choice":"Upgrade and Remove","damage_taken":0,"max_hp_gain":0,"max_hp_loss":0,"event_name":"Designer","floor":25,"gold_loss":90,"cards_upgraded":["Hemokinesis"]},{"cards_removed":["Battle Trance"],"damage_healed":0,"gold_gain":0,"player_choice":"Removed Skill","damage_taken":0,"max_hp_gain":0,"max_hp_loss":0,"event_name":"Falling","floor":38,"gold_loss":0},{"damage_healed":20,"gold_gain":0,"player_choice":"Writhe","damage_taken":0,"max_hp_gain":0,"max_hp_loss":0,"event_name":"Winding Halls","floor":44,"gold_loss":0,"cards_obtained":["Writhe"]},{"damage_healed":0,"gold_gain":0,"cards_transformed":["PanicButton"],"player_choice":"Transformed","damage_taken":0,"max_hp_gain":0,"max_hp_loss":0,"event_name":"Transmorgrifier","floor":47,"gold_loss":0,"cards_obtained":["Impatience"]}],"is_beta":false,"boss_relics":[{"not_picked":["Snecko Heart","Painkiller Herb"],"picked":"Replay:Wanted Poster"},{"not_picked":["Snecko Eye","Black Blood"],"picked":"Astrolabe"}],"items_purged_floors":[22],"is_endless":false,"potions_floor_spawned":[5,6,8,11,18,19,21,30,33,35],"ascension_level":0}}