{"host":"d73an99q9oevilk5","time":1612474179,"event":{"mods":["2.2 Compatiblity","AchievementEnabler","Act Like it!","Aspiration","BaseMod","Beaked The Cultist","Better Third Choice","BetterRewards","Colored Map","Colored Powertips","Conspire","Downfall","GifTheSpireLib","Halation","Hubris","Infinite Spire","Mimic Mod","Minty Spire (QoL Compilation)","Quick Restart","Relic Sorter","Reliquary","Replay The Spire","Shop Mod","Spikes Relics","StSLib","Stuff the Spire","The Cursed","The Necromancer","The Saiyan","Waifu the Spire","egg","slay the spire mod where everything is the same but ironclad has a cowboy hat"],"gold_per_floor":[116,116,129,53,71,71,97,119,131,143,166,178,209,239,251,366,378,403,415,441,113,127,127,140,140,165,165,195,245,245,3,3,113,113,141,141,141,91,91,144,144,144,144,144,184,99,99,138,138,173,173,179,179],"floor_reached":52,"language":"ENG","playtime":2007,"items_purged":[],"score":700,"play_id":"69e6d8f0-0b1b-4fad-a1e3-a6c79ccbe932","local_time":"20210204142939","is_ascension_mode":false,"campfire_choices":[{"data":"TheCursedMod:Hemoplague","floor":6.0,"key":"SMITH"},{"data":"TheCursedMod:SaltUponWound","floor":10.0,"key":"SMITH"},{"data":"TheCursedMod:CollectTribute","floor":23.0,"key":"SMITH"},{"data":"TheCursedMod:Hemoplague","floor":25,"key":"SMITH"},{"floor":30,"key":"REST"},{"floor":32,"key":"REST"},{"data":"TheCursedMod:UltimatePain","floor":41,"key":"SMITH"},{"data":"infinitespire:Fortify","floor":44,"key":"SMITH"},{"data":"TheCursedMod:FleshFromBone","floor":47,"key":"SMITH"}],"circlet_count":0,"master_deck":["TheCursedMod:Strike_TheCursed","TheCursedMod:Strike_TheCursed","TheCursedMod:Strike_TheCursed","TheCursedMod:Defend_TheCursed","TheCursedMod:Defend_TheCursed","TheCursedMod:Defend_TheCursed","TheCursedMod:Defend_TheCursed","TheCursedMod:CursedWand","TheCursedMod:CleanUpWorkshop+1","TheCursedMod:Dregs","TheCursedMod:CursedBlade","TheCursedMod:Obscuration+1","TheCursedMod:SaltUponWound+1","TheCursedMod:HellsGateOpen","TheCursedMod:RavingStaff+1","TheCursedMod:Hemoplague+1","TheCursedMod:VitalStrike+1","TheCursedMod:Torture+1","TheCursedMod:AbyssShockwave+1","TheCursedMod:WearCloak+1","TheCursedMod:SmokeScreen+1","infinitespire:Fortify+1","TheCursedMod:VitalStrike+1","TheCursedMod:Obscuration+1","TheCursedMod:Hemoplague+1","TheCursedMod:SpitefulPlan+1","TheCursedMod:Obscuration+1","TheCursedMod:UltimatePain+1","TheCursedMod:VoidForm+1","TheCursedMod:RapidMovement+1","TheCursedMod:FleshFromBone+1"],"relics":["TheCursedMod:BlackMagic101","halation:PinkSoulGem","Darkstone Periapt","StuffTheSpire:Rhapsscallions","MawBank","Simple Rune","halation:HeavySnake","conspire:SpecialSausage","reliquary:WeakTea","Durian","Replay:Bandana","halation:WeightlessCrab","Chameleon Ring","infinitespire:EvilPickle","aspiration:WatcherSkillbook","reliquary:Sideboard","Garlic","Rawhide"],"acts_visited":["Exordium","TheCity","TheBeyond"],"potions_floor_usage":[24,29,40,50,52,52,52],"damage_taken":[{"damage":2.0,"enemies":"Jaw Worm","floor":1.0,"turns":4.0},{"damage":0.0,"enemies":"2 Louse","floor":3.0,"turns":2.0},{"damage":4.0,"enemies":"Cultist","floor":5.0,"turns":4.0},{"damage":23.0,"enemies":"Lagavulin","floor":7.0,"turns":6.0},{"damage":8.0,"enemies":"3 Louse","floor":8.0,"turns":3.0},{"damage":10.0,"enemies":"Lots of Slimes","floor":11.0,"turns":3.0},{"damage":5.0,"enemies":"Looter","floor":13.0,"turns":3.0},{"damage":9.0,"enemies":"2 Fungi Beasts","floor":14.0,"turns":3.0},{"damage":12.0,"enemies":"Hexaghost","floor":16.0,"turns":7.0},{"damage":29.0,"enemies":"Spheric Guardian","floor":18.0,"turns":6.0},{"damage":5.0,"enemies":"3 Byrds","floor":20.0,"turns":4.0},{"damage":1.0,"enemies":"3 Cultists","floor":22.0,"turns":5.0},{"damage":0,"enemies":"Snake Plant","floor":24,"turns":4},{"damage":9,"enemies":"Chosen and Byrds","floor":28,"turns":6},{"damage":45,"enemies":"Gremlin Leader","floor":29,"turns":4},{"damage":44,"enemies":"Pondfish","floor":33,"turns":8},{"damage":0,"enemies":"Orb Walker","floor":35,"turns":4},{"damage":14,"enemies":"Reptomancer","floor":40,"turns":6},{"damage":0,"enemies":"3 Shapes","floor":45,"turns":8},{"damage":6,"enemies":"3 Shapes","floor":48,"turns":3},{"damage":10,"enemies":"Sphere and 2 Shapes","floor":50,"turns":3},{"damage":90,"enemies":"hubris:GrandSnecko","floor":52,"turns":12}],"seed_played":"-1767980528425223209","potions_obtained":[{"floor":1.0,"key":"LiquidBronze"},{"floor":7.0,"key":"SpeedPotion"},{"floor":8.0,"key":"conspire:TimeTravelPotion"},{"floor":16.0,"key":"DistilledChaos"},{"floor":18.0,"key":"LiquidMemories"},{"floor":28,"key":"Fire Potion"},{"floor":29,"key":"Elixir"},{"floor":48,"key":"Death Potion"},{"floor":51,"key":"TheCursedMod:DregsPotion"},{"floor":51,"key":"Reflective Coating"}],"is_trial":false,"path_per_floor":["M","?","M","$","M","R","E","M","T","R","M","?","M","M","R_BF","B",null,"M","AVR","M","$","M","R","M","R","T","?","M","E","R","$","R","B",null,"M","?","?","$","T","E","R","PTL","PTL","R","MIM","$","R","M","?","M","R_BF","B"],"character_chosen":"THE_CURSED","items_purchased":["Darkstone Periapt","TheCursedMod:CursedBlade","TheCursedMod:Obscuration+1","TheCursedMod:Hemoplague","Durian","TheCursedMod:Obscuration+1","Chameleon Ring","hexamod:SoulburnPotion","TheCursedMod:RapidMovement+1","TheCursedMod:FleshFromBone"],"campfire_rested":2,"item_purchase_floors":[0,0,0,4,21,21,31,38,46,46],"current_hp_per_floor":[73,83,83,83,79,79,56,48,48,48,38,38,33,24,24,12,85,73,73,68,73,72,72,72,72,72,72,63,18,45,45,72,28,90,90,90,90,90,90,76,76,76,76,76,76,76,76,70,100,90,90,0,0],"gold":179,"neow_bonus":"","is_daily":false,"chose_seed":false,"campfire_upgraded":7,"win_rate":0.0,"timestamp":1612474179,"path_taken":["M","?","M","$","M","R","E","M","T","R","M","?","M","M","R_BF","BOSS","M","AVR","M","?","M","R","M","R","T","?","M","E","R","?","R","BOSS","M","?","?","$","?","E","R","PTL","PTL","R","MIM","?","R","?","?","?","R_BF","BOSS"],"items_purchased_type":["Relic","Card","Card","Card","Relic","Card","Relic","Potion","Card","Card"],"build_version":"2020-12-22","purchased_purges":0,"victory":false,"max_hp_per_floor":[75,85,85,85,85,85,85,85,85,85,85,85,85,85,85,85,85,85,85,85,90,90,90,90,90,90,90,90,90,90,90,90,90,90,90,90,90,90,90,90,90,90,90,90,90,90,90,90,100,100,100,100,100],"card_choices":[{"not_picked":["TheCursedMod:CursedStaff","TheCursedMod:Wield"],"picked":"TheCursedMod:HellsGateOpen","floor":1.0},{"not_picked":["TheCursedMod:EmpowerCircles","TheCursedMod:Evocation"],"picked":"TheCursedMod:RavingStaff","floor":3.0},{"not_picked":["TheCursedMod:RavingStaff","TheCursedMod:SpitefulPlan"],"picked":"TheCursedMod:VitalStrike","floor":5.0},{"not_picked":["TheCursedMod:CursedShiv","TheCursedMod:HellfireBreathing"],"picked":"TheCursedMod:Torture","floor":7.0},{"not_picked":["TheCursedMod:SpitefulStrike","TheCursedMod:CircleOfBlood","TheCursedMod:CircleOfFlame"],"picked":"SKIP","floor":8.0},{"not_picked":["TheCursedMod:CursedMace","TheCursedMod:BlessingInDisguise"],"picked":"TheCursedMod:AbyssShockwave","floor":11.0},{"not_picked":["TheCursedMod:CursedStaff","TheCursedMod:Wield","TheCursedMod:SpitefulStrike"],"picked":"SKIP","floor":13.0},{"not_picked":["TheCursedMod:VoidForm","TheCursedMod:Stretching"],"picked":"TheCursedMod:WearCloak","floor":14.0},{"not_picked":["TheCursedMod:CircleOfAbyss","TheCursedMod:StunningStrike"],"picked":"TheCursedMod:CollectTribute","floor":16.0},{"not_picked":["TheCursedMod:CursedAmulet","TheCursedMod:SurpriseAttack"],"picked":"TheCursedMod:SmokeScreen","floor":18.0},{"not_picked":["TheCursedMod:CollectTribute","TheCursedMod:CursedAmulet"],"picked":"TheCursedMod:VitalStrike","floor":20.0},{"not_picked":["TheCursedMod:TacticalStrike+1","TheCursedMod:SmokeScreen"],"picked":"TheCursedMod:Hemoplague","floor":22.0},{"not_picked":["TheCursedMod:TacticalStrike","TheCursedMod:RavingStaff"],"picked":"TheCursedMod:SpitefulPlan","floor":24},{"not_picked":["TheCursedMod:Stretching","TheCursedMod:Stigma"],"picked":"TheCursedMod:Obscuration+1","floor":28},{"not_picked":["TheCursedMod:Evocation","TheCursedMod:FleshFromBone"],"picked":"TheCursedMod:UltimatePain","floor":29},{"not_picked":["TheCursedMod:CollectTribute","TheCursedMod:OutForBlood"],"picked":"TheCursedMod:VoidForm","floor":33},{"not_picked":["Weave","Replay:Vibes+1","Crescendo","FollowUp+1"],"picked":"SKIP","floor":35},{"not_picked":["Prostrate+1","Consecrate","TheCursedMod:SpitefulStrike","Replay:Battleflow"],"picked":"SKIP","floor":40},{"not_picked":["TheCursedMod:CircleOfAmplification","TheCursedMod:ShockAndAwe","Prostrate"],"picked":"TheCursedMod:FleshFromBone+1","floor":45},{"not_picked":["TheCursedMod:SurpriseAttack","TheCursedMod:CursedAmulet","JustLucky+1","TheCursedMod:CircleOfFlame"],"picked":"SKIP","floor":48},{"not_picked":["TheCursedMod:TacticalStrike","TheCursedMod:CircleOfAmplification","TheCursedMod:CircleOfCorruption+1"],"picked":"TheCursedMod:Wield+1","floor":50}],"player_experience":1817597,"relics_obtained":[{"floor":7.0,"key":"MawBank"},{"floor":9.0,"key":"Simple Rune"},{"floor":26,"key":"Replay:Bandana"},{"floor":29,"key":"halation:WeightlessCrab"},{"floor":39,"key":"reliquary:Sideboard"},{"floor":40,"key":"Garlic"},{"floor":45,"key":"Rawhide"}],"event_choices":[{"damage_healed":0.0,"max_hp_gain":0.0,"max_hp_loss":0.0,"gold_gain":0.0,"event_name":"NoteForYourself","player_choice":"Ignored","floor":12.0,"gold_loss":0.0,"damage_taken":0.0},{"damage_healed":0.0,"max_hp_gain":0.0,"max_hp_loss":0.0,"gold_gain":0.0,"event_name":"Lab","player_choice":"Got Potions","floor":15.0,"gold_loss":0.0,"damage_taken":0.0},{"cards_removed":["TheCursedMod:CollectTribute"],"damage_healed":20,"gold_gain":0,"player_choice":"Offered Rare","damage_taken":0,"max_hp_gain":10,"max_hp_loss":0,"event_name":"Bonfire Elementals","floor":49,"gold_loss":0}],"is_beta":false,"boss_relics":[{"not_picked":["Runic Dome","reliquary:WritOfMandamus"],"picked":"halation:HeavySnake"},{"not_picked":["beaked:MawFillet","hubris:HollowSoul"],"picked":"aspiration:WatcherSkillbook"}],"items_purged_floors":[],"is_endless":false,"potions_floor_spawned":[1,7,8,16,18,28,29,48],"killed_by":"hubris:GrandSnecko","ascension_level":0}}