{"host":"1sqx9dmsrxu9kvq7","time":1612400528,"event":{"mods":["2.2 Compatiblity","Act Like it!","BaseMod","CapriCore","Colored Powertips","Custom Start","Friendly Minions","Gensokyo","Highlight Path","Koishi","Marisa（霧雨　魔理沙）","Minty Spire (QoL Compilation)","Quick Restart","Rare Cards Sparkle","Reimu（博??梦）","Relic Stats","Remilia（蕾米莉?）","Shop Mod","Spicy Shops","StSLib","The Administrix","The Blue Laboratory","The Immortal","The Servant 0.9.4","Waifu the Spire","Yakumo Yukari mod","Yuyuko"],"gold_per_floor":[111,111,2,21,21,49,49,49,49,49,49,59,13,13,13,108,108,123,123,55,73,99,99,99,181,181,181,201,201,211,211,211,211],"floor_reached":33,"language":"ENG","playtime":2125,"items_purged":[],"score":270,"play_id":"cba0697e-1f78-44a1-9d61-e49a1c855737","local_time":"20210203190208","is_ascension_mode":true,"campfire_choices":[{"floor":8,"key":"RECALL"},{"floor":11,"key":"REST"},{"floor":15,"key":"REST"},{"floor":24,"key":"REST"},{"floor":25,"key":"REST"},{"data":"BestPractice","floor":28,"key":"SMITH"},{"data":"TheWorld","floor":30,"key":"SMITH"},{"floor":32,"key":"REST"}],"circlet_count":0,"master_deck":["Strike_S","Strike_S","Strike_S","Strike_S","Defend_S","Defend_S","Defend_S","Defend_S","KidneyShot+1","Exchange","Defy","ShatteredReality","TheWorld+1","Rewind","Starlight","Dilation","Moonlight","GearUp","BestPractice+1","SpecialFormula+1","TimeWarp","Sabotage","DoubleEdge+1"],"relics":["Uniform","Gensokyo:CelestialsFlawlessClothing","Broom","Gensokyo:PortableGap","Tea:ReiMu","Mango","Philosopher\u0027s Stone","Gensokyo:Companionship","PocketWatch","Letter Opener","Gensokyo:DayTheSeaSplit"],"acts_visited":["Gensokyo:Gensokyo","Gensokyo:Gensokyoer"],"potions_floor_usage":[23],"damage_taken":[{"damage":1,"enemies":"Gensokyo:2_Kodama","floor":1,"turns":4},{"damage":6,"enemies":"Gensokyo:Gryphon","floor":4,"turns":5},{"damage":22,"enemies":"Gensokyo:Aya","floor":6,"turns":8},{"damage":6,"enemies":"Gensokyo:Python","floor":12,"turns":6},{"damage":33,"enemies":"Gensokyo:Yukari","floor":16,"turns":12},{"damage":24,"enemies":"Gensokyo:3_Dogs","floor":18,"turns":7},{"damage":8,"enemies":"Gensokyo:2_Gloops","floor":22,"turns":5},{"damage":46,"enemies":"Gensokyo:Tenshi","floor":23,"turns":9},{"damage":14,"enemies":"Gensokyo:Swordslinger","floor":29,"turns":3},{"damage":19,"enemies":"Gensokyo:Mirror_and_Dog","floor":31,"turns":5},{"damage":77,"enemies":"Gensokyo:Eternal_Rivals","floor":33,"turns":8}],"seed_played":"8527767358685360736","potions_obtained":[{"floor":1,"key":"Explosive Potion"},{"floor":6,"key":"blueLaboratory:PyrophylliteBrew"},{"floor":12,"key":"blueLaboratory:BottleOfRum"},{"floor":22,"key":"blueLaboratory:FruitPunch"}],"is_trial":false,"path_per_floor":["M","?","COS","M","?","E","?","R","T","$","R","M","$","?","R","B",null,"M","?","$","M","E","R","R","T","?","R","M","R","M","R","B"],"character_chosen":"THE_SERVANT","items_purchased":["Starlight","BestPractice"],"campfire_rested":5,"item_purchase_floors":[13,20],"current_hp_per_floor":[64,64,64,58,42,20,20,20,20,20,37,31,31,24,66,33,73,49,49,49,41,5,26,46,46,46,46,40,40,29,48,66,66],"gold":211,"neow_bonus":"UPGRADE_CARD","is_daily":false,"chose_seed":false,"campfire_upgraded":2,"win_rate":0.0,"timestamp":1612400528,"path_taken":["M","?","COS","M","?","E","?","R","T","$","R","?","?","?","R","BOSS","M","?","?","M","E","R","R","T","?","R","M","R","M","R","BOSS"],"items_purchased_type":["Card","Card"],"build_version":"2020-12-22","purchased_purges":0,"victory":false,"max_hp_per_floor":[65,65,65,65,65,65,59,59,59,59,59,59,59,73,73,73,73,73,73,70,70,72,69,66,66,66,66,66,66,66,66,66,66],"relic_stats":{"counters":[11,71],"Letter Opener":[15],"obtain_stats":[{"Gensokyo:Companionship":18,"Gensokyo:DayTheSeaSplit":27,"Tea:ReiMu":12,"Mango":14,"Philosopher\u0027s Stone":17,"Uniform":0,"Broom":6,"PocketWatch":23,"Letter Opener":26,"Gensokyo:CelestialsFlawlessClothing":5,"Gensokyo:PortableGap":7},{"Gensokyo:Companionship":6,"Gensokyo:DayTheSeaSplit":8,"Tea:ReiMu":4,"Mango":4,"Philosopher\u0027s Stone":5,"Uniform":0,"Broom":3,"PocketWatch":8,"Letter Opener":8,"Gensokyo:CelestialsFlawlessClothing":2,"Gensokyo:PortableGap":3},{"Gensokyo:Companionship":36,"Gensokyo:DayTheSeaSplit":56,"Tea:ReiMu":20,"Mango":23,"Philosopher\u0027s Stone":35,"Uniform":0,"Broom":17,"PocketWatch":56,"Letter Opener":56,"Gensokyo:CelestialsFlawlessClothing":9,"Gensokyo:PortableGap":17}]},"card_choices":[{"not_picked":["Hightail","Revamp"],"picked":"Defy","floor":1},{"not_picked":["Starlight","Replace"],"picked":"ShatteredReality","floor":4},{"not_picked":["Defy","BottledTime"],"picked":"TheWorld","floor":6},{"not_picked":["Revamp","Rearm"],"picked":"Rewind","floor":12},{"not_picked":["Embodiment","Sunlight"],"picked":"Dilation","floor":16},{"not_picked":["Starlight","Unruled"],"picked":"Moonlight","floor":18},{"not_picked":["Gouge","Alleviate"],"picked":"SpecialFormula+1","floor":22},{"not_picked":["Ricochet+1","Starlight"],"picked":"TimeWarp","floor":23},{"not_picked":["Snipe+1","StarChef"],"picked":"Sabotage","floor":29},{"not_picked":["Spin","DualDimension"],"picked":"DoubleEdge+1","floor":31}],"player_experience":218301,"relics_obtained":[{"floor":6,"key":"Broom"},{"floor":23,"key":"PocketWatch"},{"floor":26,"key":"Letter Opener"}],"event_choices":[],"is_beta":false,"boss_relics":[{"not_picked":["Black Star","Runic Pyramid"],"picked":"Philosopher\u0027s Stone"}],"items_purged_floors":[],"is_endless":false,"potions_floor_spawned":[1,6,12,18,22],"killed_by":"Gensokyo:Eternal_Rivals","ascension_level":1}}