{"host":"oi6p1guiqfwwvxym","time":1612433649,"event":{"mods":["BaseMod","Bestiary","Colored Map","Minty Spire (QoL Compilation)","Relic Stats"],"gold_per_floor":[117,128,128,151,164,204,204,247,298,298,323,339,373,391,391,510,510,525,372,95,111,130,164,185,228,253,297,322,322,322,322,322,421,421,434,243,243,0,50,84,96,96,96,96,124,143,173,191,191,191],"floor_reached":51,"language":"ENG","playtime":3686,"items_purged":["Defend_B","Strike_B"],"score":1058,"play_id":"437de7d0-0c0a-4345-9bb8-7ddc94d37393","local_time":"20210204021409","is_ascension_mode":true,"campfire_choices":[{"data":"Streamline","floor":7,"key":"SMITH"},{"data":"Fission","floor":15,"key":"SMITH"},{"floor":32,"key":"REST"},{"data":"Seek","floor":42,"key":"SMITH"},{"data":"Lockon","floor":44,"key":"SMITH"},{"data":"Turbo","floor":49,"key":"SMITH"}],"circlet_count":0,"master_deck":["Defend_B","Defend_B","Defend_B","Zap+1","Dualcast+1","Cold Snap","Ball Lightning","Streamline+1","Compile Driver","FTL","Fission+1","Coolheaded","Reinforced Body","Defragment+1","Turbo+1","Seek+1","Stack+1","Streamline+1","FTL+1","Leap+1","Buffer+1","Lockon+1","Defragment+1","Loop+1","Barrage+1","Auto Shields","Go for the Eyes+1","Writhe","Electrodynamics+1","Reinforced Body+1","Loop+1","Hologram","Purity","Undo","Parasite","Redo","Hologram+1","Self Repair+1","Static Discharge+1"],"relics":["Cracked Core","NeowsBlessing","Bloody Idol","War Paint","Frozen Egg 2","Smiling Mask","Centennial Puzzle","InkBottle","Astrolabe","Runic Capacitor","PreservedInsect","Unceasing Top","Calipers","Bag of Preparation","Darkstone Periapt","The Courier","Black Star","Red Mask","Peace Pipe","Prayer Wheel","FossilizedHelix","Ice Cream","Dream Catcher","Turnip","Cables","HornCleat"],"acts_visited":["Exordium","TheCity","TheBeyond"],"potions_floor_usage":[13,14,24,27,37,45,47],"damage_taken":[{"damage":0,"enemies":"Cultist","floor":1,"turns":1},{"damage":0,"enemies":"2 Louse","floor":2,"turns":1},{"damage":0,"enemies":"Small Slimes","floor":4,"turns":1},{"damage":0,"enemies":"2 Fungi Beasts","floor":5,"turns":2},{"damage":26,"enemies":"Lagavulin","floor":6,"turns":6},{"damage":6,"enemies":"Gremlin Nob","floor":8,"turns":3},{"damage":0,"enemies":"Looter","floor":11,"turns":1},{"damage":0,"enemies":"Large Slime","floor":12,"turns":2},{"damage":3,"enemies":"Lagavulin","floor":13,"turns":5},{"damage":0,"enemies":"Exordium Wildlife","floor":14,"turns":2},{"damage":8,"enemies":"Hexaghost","floor":16,"turns":6},{"damage":6,"enemies":"Shell Parasite","floor":18,"turns":4},{"damage":10,"enemies":"3 Byrds","floor":21,"turns":3},{"damage":4,"enemies":"Centurion and Healer","floor":22,"turns":5},{"damage":4,"enemies":"Book of Stabbing","floor":23,"turns":4},{"damage":0,"enemies":"Shelled Parasite and Fungi","floor":24,"turns":4},{"damage":0,"enemies":"Gremlin Leader","floor":25,"turns":3},{"damage":13,"enemies":"Slavers","floor":27,"turns":3},{"damage":0,"enemies":"Chosen and Byrds","floor":28,"turns":7},{"damage":28,"enemies":"Collector","floor":33,"turns":9},{"damage":13,"enemies":"3 Darklings","floor":35,"turns":3},{"damage":0,"enemies":"3 Shapes","floor":37,"turns":1},{"damage":0,"enemies":"Mind Bloom Boss Battle","floor":39,"turns":3},{"damage":3,"enemies":"Giant Head","floor":40,"turns":7},{"damage":0,"enemies":"Writhing Mass","floor":41,"turns":5},{"damage":45,"enemies":"Nemesis","floor":45,"turns":5},{"damage":8,"enemies":"Maw","floor":46,"turns":7},{"damage":0,"enemies":"Reptomancer","floor":47,"turns":3},{"damage":0,"enemies":"Spire Growth","floor":48,"turns":4},{"damage":31,"enemies":"Time Eater","floor":50,"turns":9}],"seed_played":"1541489028570178897","potions_obtained":[{"floor":5,"key":"Weak Potion"},{"floor":8,"key":"DistilledChaos"},{"floor":11,"key":"SmokeBomb"},{"floor":12,"key":"Block Potion"},{"floor":14,"key":"SpeedPotion"},{"floor":18,"key":"FairyPotion"},{"floor":22,"key":"Block Potion"},{"floor":24,"key":"AttackPotion"},{"floor":28,"key":"Dexterity Potion"},{"floor":35,"key":"EssenceOfDarkness"},{"floor":46,"key":"Energy Potion"},{"floor":47,"key":"SneckoOil"},{"floor":48,"key":"FearPotion"}],"is_trial":false,"path_per_floor":["M","M","?","M","M","E","R","E","T","?","M","M","E","M","R","B",null,"M","$","$","M","M","E","M","E","T","E","M","?","?","?","R","B",null,"M","$","M","?","?","E","M","R","T","R","E","M","E","M","R","B",null],"character_chosen":"DEFECT","items_purchased":["Runic Capacitor","Buffer+1","PreservedInsect","Loop+1","Hologram","Purity"],"campfire_rested":1,"item_purchase_floors":[19,20,20,36,36,36],"current_hp_per_floor":[75,75,69,69,69,43,43,37,37,37,37,37,34,34,34,26,69,63,63,63,53,49,45,45,45,45,32,32,32,38,38,60,37,75,67,67,67,67,72,74,81,81,81,81,41,48,63,78,78,57],"gold":191,"neow_bonus":"THREE_ENEMY_KILL","is_daily":false,"chose_seed":false,"campfire_upgraded":5,"win_rate":0.0,"timestamp":1612433649,"path_taken":["M","M","?","M","M","E","R","E","T","?","?","M","E","M","R","BOSS","M","?","$","M","M","E","M","E","T","E","M","?","?","?","R","BOSS","M","$","M","?","?","E","M","R","T","R","E","M","E","M","R","BOSS"],"items_purchased_type":["Relic","Card","Relic","Card","Card","Card"],"build_version":"2020-12-22","purchased_purges":2,"victory":true,"max_hp_per_floor":[75,75,69,69,69,69,69,69,69,69,69,69,69,69,69,69,69,69,69,69,69,69,69,69,69,69,69,69,69,75,75,75,75,75,75,75,75,75,75,75,81,81,81,81,81,81,81,81,81,81],"relic_stats":{"Darkstone Periapt":12,"counters":[30,118],"Astrolabe":["Stack","Streamline","FTL"],"PreservedInsect":357,"Bag of Preparation":[26],"War Paint":["Dualcast","Zap"],"Smiling Mask":55,"Cables":[13,12,1,0,0],"Peace Pipe":0,"Centennial Puzzle":[39],"Dream Catcher":0,"Bloody Idol":41,"Prayer Wheel":3,"Turnip":[3],"Black Star":3,"obtain_stats":[{"Darkstone Periapt":27,"Ice Cream":43,"Calipers":25,"Runic Capacitor":19,"Bag of Preparation":26,"Smiling Mask":9,"Centennial Puzzle":10,"Dream Catcher":45,"HornCleat":47,"Prayer Wheel":40,"Red Mask":38,"Cracked Core":0,"InkBottle":13,"NeowsBlessing":0,"Golden Idol":3,"Astrolabe":17,"PreservedInsect":20,"The Courier":30,"War Paint":6,"Frozen Egg 2":8,"Cables":47,"Peace Pipe":39,"Bloody Idol":29,"Turnip":45,"Black Star":34,"Unceasing Top":23,"FossilizedHelix":40},{"Darkstone Periapt":18,"Ice Cream":25,"Calipers":17,"Runic Capacitor":12,"Bag of Preparation":17,"Smiling Mask":6,"Centennial Puzzle":6,"Dream Catcher":26,"HornCleat":28,"Prayer Wheel":24,"Red Mask":22,"Cracked Core":0,"InkBottle":9,"NeowsBlessing":0,"Golden Idol":2,"Astrolabe":11,"PreservedInsect":12,"The Courier":19,"War Paint":5,"Frozen Egg 2":6,"Cables":28,"Peace Pipe":23,"Bloody Idol":19,"Turnip":26,"Black Star":20,"Unceasing Top":15,"FossilizedHelix":24},{"Darkstone Periapt":56,"Ice Cream":91,"Calipers":53,"Runic Capacitor":34,"Bag of Preparation":53,"Smiling Mask":14,"Centennial Puzzle":14,"Dream Catcher":96,"HornCleat":105,"Prayer Wheel":86,"Red Mask":76,"Cracked Core":0,"InkBottle":22,"NeowsBlessing":0,"Golden Idol":2,"Astrolabe":30,"PreservedInsect":34,"The Courier":63,"War Paint":11,"Frozen Egg 2":14,"Cables":105,"Peace Pipe":79,"Bloody Idol":63,"Turnip":96,"Black Star":72,"Unceasing Top":46,"FossilizedHelix":86}],"InkBottle":[43],"Unceasing Top":[12]},"card_choices":[{"not_picked":["Turbo","Rebound"],"picked":"Cold Snap","floor":1},{"not_picked":["Stack","Hologram"],"picked":"Ball Lightning","floor":2},{"not_picked":["Hologram","Loop"],"picked":"Streamline","floor":4},{"not_picked":["Steam","Ball Lightning"],"picked":"Compile Driver","floor":5},{"not_picked":["Redo","Blizzard"],"picked":"FTL","floor":6},{"not_picked":["Redo","Coolheaded"],"picked":"Fission","floor":8},{"not_picked":["Redo","Compile Driver"],"picked":"Coolheaded","floor":11},{"not_picked":["Darkness","Barrage"],"picked":"Reinforced Body","floor":12},{"not_picked":["Static Discharge+1","Steam"],"picked":"Defragment+1","floor":13},{"not_picked":["Beam Cell","Coolheaded"],"picked":"Turbo","floor":14},{"not_picked":["Amplify","Thunder Strike"],"picked":"Seek","floor":16},{"not_picked":["Redo","Gash"],"picked":"Leap+1","floor":18},{"not_picked":["Steam","Coolheaded"],"picked":"Lockon","floor":21},{"not_picked":["Lockon","Leap+1"],"picked":"Defragment+1","floor":22},{"not_picked":["FTL","Meteor Strike","Leap"],"picked":"SKIP","floor":23},{"not_picked":["Compile Driver","Stack"],"picked":"Loop+1","floor":24},{"not_picked":["Steam","Conserve Battery"],"picked":"Barrage+1","floor":25},{"not_picked":["Scrape","Go for the Eyes"],"picked":"Auto Shields","floor":27},{"not_picked":["Gash","Leap"],"picked":"Go for the Eyes+1","floor":28},{"not_picked":["Thunder Strike","Machine Learning+1"],"picked":"Electrodynamics+1","floor":33},{"not_picked":["Gash+1","Reprogram"],"picked":"Reinforced Body+1","floor":35},{"not_picked":["Ball Lightning+1","Melter+1"],"picked":"Undo","floor":40},{"not_picked":["Compile Driver+1","Sweeping Beam"],"picked":"Redo","floor":41},{"not_picked":["Skim","Ball Lightning+1","Hologram+1"],"picked":"SKIP","floor":41},{"not_picked":["Skim","Ball Lightning+1"],"picked":"Hologram+1","floor":41},{"not_picked":["Compile Driver","All For One"],"picked":"Self Repair+1","floor":45},{"not_picked":["Compile Driver","Capacitor+1","Rebound"],"picked":"SKIP","floor":46},{"not_picked":["Go for the Eyes+1","Genetic Algorithm","Fusion"],"picked":"SKIP","floor":46},{"not_picked":["Compile Driver","Blizzard+1","FTL+1"],"picked":"SKIP","floor":47},{"not_picked":["Steam","Compile Driver+1"],"picked":"Static Discharge+1","floor":48},{"not_picked":["Barrage","Auto Shields","Leap+1"],"picked":"SKIP","floor":48}],"player_experience":424287,"relics_obtained":[{"floor":6,"key":"War Paint"},{"floor":8,"key":"Frozen Egg 2"},{"floor":9,"key":"Smiling Mask"},{"floor":13,"key":"InkBottle"},{"floor":23,"key":"Unceasing Top"},{"floor":25,"key":"Calipers"},{"floor":26,"key":"Bag of Preparation"},{"floor":27,"key":"Darkstone Periapt"},{"floor":39,"key":"Peace Pipe"},{"floor":40,"key":"Prayer Wheel"},{"floor":40,"key":"FossilizedHelix"},{"floor":43,"key":"Ice Cream"},{"floor":45,"key":"Dream Catcher"},{"floor":45,"key":"Turnip"},{"floor":47,"key":"Cables"},{"floor":47,"key":"HornCleat"}],"event_choices":[{"damage_healed":0,"gold_gain":0,"player_choice":"Lose Max HP","damage_taken":0,"relics_obtained":["Golden Idol"],"max_hp_gain":0,"max_hp_loss":6,"event_name":"Golden Idol","floor":3,"gold_loss":0},{"damage_healed":0,"gold_gain":0,"player_choice":"Gave Potion","damage_taken":0,"relics_obtained":["Centennial Puzzle"],"max_hp_gain":0,"max_hp_loss":0,"event_name":"WeMeetAgain","floor":10,"gold_loss":0},{"damage_healed":0,"gold_gain":0,"player_choice":"Gave Idol","damage_taken":0,"relics_obtained":["Bloody Idol"],"max_hp_gain":0,"max_hp_loss":0,"event_name":"Forgotten Altar","floor":29,"relics_lost":["Golden Idol"],"gold_loss":0},{"damage_healed":0,"gold_gain":0,"player_choice":"Opened","damage_taken":0,"relics_obtained":["The Courier"],"max_hp_gain":0,"max_hp_loss":0,"event_name":"The Mausoleum","floor":30,"gold_loss":0,"cards_obtained":["Writhe"]},{"damage_healed":0,"gold_gain":0,"player_choice":"Ignored","damage_taken":0,"max_hp_gain":0,"max_hp_loss":0,"event_name":"Ghosts","floor":31,"gold_loss":0},{"damage_healed":0,"gold_gain":0,"player_choice":"Paid","damage_taken":0,"relics_obtained":["Red Mask"],"max_hp_gain":0,"max_hp_loss":0,"event_name":"Tomb of Lord Red Mask","floor":38,"gold_loss":243},{"damage_healed":0,"gold_gain":0,"player_choice":"Fight","damage_taken":0,"max_hp_gain":0,"max_hp_loss":0,"event_name":"MindBloom","floor":39,"gold_loss":0}],"is_beta":false,"boss_relics":[{"not_picked":["SlaversCollar","Calling Bell"],"picked":"Astrolabe"},{"not_picked":["FrozenCore","Tiny House"],"picked":"Black Star"}],"items_purged_floors":[20,36],"is_endless":false,"potions_floor_spawned":[5,8,11,12,14,18,22,24,28,35,46,47,48],"ascension_level":4}}