{"host":"50per11302020","time":1612424081,"event":{"mods":["AchievementEnabler","BaseMod","Colored Map","Minty Spire (QoL Compilation)","Relic Stats","StSLib"],"gold_per_floor":[162,179,110,129,129,129,146,146,173,173,186,186,186,199,199,199,199],"floor_reached":16,"language":"ENG","playtime":405,"items_purged":[],"score":97,"play_id":"424275df-a25a-44d4-bf87-17fa87fbdc0f","local_time":"20210203233441","is_ascension_mode":true,"campfire_choices":[{"data":"Sunder","floor":6,"key":"SMITH"},{"data":"Buffer","floor":8,"key":"SMITH"},{"floor":15,"key":"RECALL"}],"circlet_count":0,"master_deck":["Strike_B","Strike_B","Strike_B","Strike_B","Defend_B","Defend_B","Defend_B","Defend_B","Zap","Dualcast+1","Sweeping Beam","Beam Cell","Streamline","Sunder+1","Buffer+1","Pain","Regret"],"relics":["Tiny House","Singing Bowl","Art of War","WarpedTongs","Bird Faced Urn"],"acts_visited":["Exordium"],"potions_floor_usage":[],"damage_taken":[{"damage":0,"enemies":"Cultist","floor":1,"turns":4},{"damage":4,"enemies":"2 Louse","floor":2,"turns":2},{"damage":5,"enemies":"Small Slimes","floor":4,"turns":3},{"damage":7,"enemies":"2 Fungi Beasts","floor":7,"turns":3},{"damage":2,"enemies":"Exordium Thugs","floor":11,"turns":4},{"damage":6,"enemies":"Large Slime","floor":14,"turns":3},{"damage":63,"enemies":"The Guardian","floor":16,"turns":4}],"seed_played":"-795749127080751960","potions_obtained":[{"floor":0,"key":"SmokeBomb"},{"floor":2,"key":"EssenceOfSteel"},{"floor":4,"key":"Swift Potion"}],"is_trial":false,"path_per_floor":["M","M","$","M","T","R","M","R","T","?","M","?","$","M","R","B"],"character_chosen":"DEFECT","items_purchased":["Sunder"],"campfire_rested":0,"item_purchase_floors":[3],"current_hp_per_floor":[80,76,76,71,71,71,66,66,66,66,66,66,66,62,62,0,0],"gold":199,"neow_bonus":"BOSS_RELIC","is_daily":false,"chose_seed":false,"campfire_upgraded":2,"win_rate":0.0,"timestamp":1612424081,"path_taken":["M","M","$","?","?","R","?","R","T","?","?","?","$","M","R","BOSS"],"items_purchased_type":["Card"],"build_version":"2020-12-18","purchased_purges":0,"victory":false,"max_hp_per_floor":[80,80,80,80,80,80,82,82,82,82,84,84,84,86,86,86,86],"relic_stats":{"Singing Bowl":6,"counters":[7,23],"Bird Faced Urn":[0],"Art of War":[4],"obtain_stats":[{"Tiny House":0,"Singing Bowl":5,"Bird Faced Urn":12,"Art of War":9,"Cracked Core":0,"WarpedTongs":10},{"Tiny House":0,"Singing Bowl":3,"Bird Faced Urn":5,"Art of War":4,"Cracked Core":0,"WarpedTongs":4},{"Tiny House":0,"Singing Bowl":9,"Bird Faced Urn":16,"Art of War":12,"Cracked Core":0,"WarpedTongs":12}],"WarpedTongs":[11]},"card_choices":[{"not_picked":["Turbo","Streamline"],"picked":"Sweeping Beam","floor":0},{"not_picked":["Go for the Eyes","Auto Shields"],"picked":"Beam Cell","floor":1},{"not_picked":["Cold Snap","Self Repair"],"picked":"Streamline","floor":2},{"not_picked":["Streamline","Stack"],"picked":"Buffer","floor":4},{"not_picked":["Hello World","Barrage","Ball Lightning"],"picked":"Singing Bowl","floor":7},{"not_picked":["Lockon","Storm","Rebound"],"picked":"Singing Bowl","floor":11},{"not_picked":["Beam Cell","Conserve Battery","Gash"],"picked":"Singing Bowl","floor":14}],"player_experience":420846,"relics_obtained":[{"floor":5,"key":"Singing Bowl"},{"floor":9,"key":"Art of War"}],"event_choices":[{"damage_healed":0,"gold_gain":0,"player_choice":"Rummage","damage_taken":0,"relics_obtained":["WarpedTongs"],"max_hp_gain":0,"max_hp_loss":0,"event_name":"Accursed Blacksmith","floor":10,"gold_loss":0,"cards_obtained":["Pain"]},{"damage_healed":0,"gold_gain":0,"player_choice":"Box","damage_taken":0,"relics_obtained":["Bird Faced Urn"],"max_hp_gain":0,"max_hp_loss":0,"event_name":"Big Fish","floor":12,"gold_loss":0,"cards_obtained":["Regret"]}],"is_beta":true,"boss_relics":[],"items_purged_floors":[],"is_endless":false,"potions_floor_spawned":[2,4,7],"killed_by":"The Guardian","ascension_level":1}}