{"host":"7jl348xfsxr8glry","time":1612439183,"event":{"mods":["AchievementEnabler","BaseMod","Colored Map","Minty Spire (QoL Compilation)","Random Character Button","Unceasing Turn Reminder"],"gold_per_floor":[113,132,132,144,156,156,191,191,191,202,202,221,221,235,235,334,334,352,267,286,300,313,313,313],"floor_reached":23,"language":"ENG","playtime":1157,"items_purged":[],"score":284,"play_id":"11ee1ce2-bf6a-454d-8e9c-28f1421642c8","local_time":"20210204224623","is_ascension_mode":true,"campfire_choices":[{"data":"Whirlwind","floor":6,"key":"SMITH"},{"data":"Seeing Red","floor":8,"key":"SMITH"},{"data":"Demon Form","floor":11,"key":"SMITH"},{"data":"Armaments","floor":15,"key":"SMITH"}],"circlet_count":0,"master_deck":["Strike_R","Strike_R","Defend_R","Defend_R","Defend_R","Defend_R","Bash","Seeing Red+1","Whirlwind+1","Cleave","Swift Strike","Clash","Demon Form+1","Shrug It Off","Cleave","Pommel Strike+1","Thunderclap+1","Seeing Red","Armaments+1","Limit Break","Twin Strike+1","Heavy Blade+1","Twin Strike+1","Pommel Strike+1"],"relics":["Burning Blood","Molten Egg 2","Eternal Feather","Empty Cage","Anchor"],"acts_visited":["Exordium","TheCity"],"potions_floor_usage":[10,16,20,23,23],"damage_taken":[{"damage":7,"enemies":"Jaw Worm","floor":1,"turns":3},{"damage":0,"enemies":"Cultist","floor":2,"turns":3},{"damage":0,"enemies":"Small Slimes","floor":4,"turns":2},{"damage":5,"enemies":"Red Slaver","floor":5,"turns":3},{"damage":10,"enemies":"3 Sentries","floor":7,"turns":3},{"damage":2,"enemies":"Exordium Wildlife","floor":10,"turns":4},{"damage":0,"enemies":"2 Fungi Beasts","floor":12,"turns":1},{"damage":0,"enemies":"Large Slime","floor":14,"turns":2},{"damage":0,"enemies":"Slime Boss","floor":16,"turns":6},{"damage":7,"enemies":"3 Byrds","floor":18,"turns":4},{"damage":21,"enemies":"Shell Parasite","floor":20,"turns":4},{"damage":26,"enemies":"Chosen and Byrds","floor":21,"turns":5},{"damage":22,"enemies":"3 Cultists","floor":22,"turns":4},{"damage":30,"enemies":"Gremlin Leader","floor":23,"turns":6}],"seed_played":"5045353830694452195","potions_obtained":[{"floor":1,"key":"SkillPotion"},{"floor":5,"key":"Ancient Potion"},{"floor":12,"key":"FearPotion"},{"floor":14,"key":"Explosive Potion"},{"floor":18,"key":"SteroidPotion"},{"floor":21,"key":"FearPotion"},{"floor":22,"key":"Weak Potion"}],"is_trial":false,"path_per_floor":["M","M","?","M","M","R","E","R","T","M","R","M","?","M","R","B",null,"M","?","M","M","M","E"],"character_chosen":"IRONCLAD","items_purchased":[],"campfire_rested":0,"item_purchase_floors":[],"current_hp_per_floor":[79,80,80,80,80,80,76,76,76,80,80,80,80,80,80,80,80,79,79,64,44,28,0,0],"gold":313,"neow_bonus":"TRANSFORM_CARD","is_daily":false,"chose_seed":false,"campfire_upgraded":4,"win_rate":0.0,"timestamp":1612439183,"path_taken":["M","M","?","M","?","R","E","R","T","M","R","M","?","M","R","BOSS","M","?","M","M","M","E"],"items_purchased_type":[],"build_version":"2020-12-22","purchased_purges":0,"victory":false,"max_hp_per_floor":[80,80,80,80,80,80,80,80,80,80,80,80,80,80,80,80,80,80,80,80,80,80,80,80],"card_choices":[{"not_picked":["Burning Pact","Spot Weakness"],"picked":"Whirlwind","floor":1},{"not_picked":["Hemokinesis","Combust"],"picked":"Cleave","floor":2},{"not_picked":["Thunderclap","Hemokinesis"],"picked":"Shrug It Off","floor":4},{"not_picked":["Infernal Blade","Burning Pact"],"picked":"Cleave","floor":5},{"not_picked":["Seeing Red","Armaments"],"picked":"Pommel Strike+1","floor":7},{"not_picked":["Uppercut+1","Havoc"],"picked":"Thunderclap+1","floor":10},{"not_picked":["Entrench","Cleave+1"],"picked":"Seeing Red","floor":12},{"not_picked":["Rage","Inflame"],"picked":"Armaments","floor":14},{"not_picked":["Impervious","Double Tap"],"picked":"Limit Break","floor":16},{"not_picked":["Pummel+1","Intimidate"],"picked":"Twin Strike+1","floor":18},{"not_picked":["True Grit","Blood for Blood+1"],"picked":"Heavy Blade+1","floor":20},{"not_picked":["Evolve","True Grit"],"picked":"Twin Strike+1","floor":21},{"not_picked":["Anger+1","Wild Strike+1"],"picked":"Pommel Strike+1","floor":22}],"player_experience":218015,"relics_obtained":[{"floor":7,"key":"Molten Egg 2"},{"floor":9,"key":"Eternal Feather"}],"event_choices":[{"damage_healed":0,"gold_gain":0,"player_choice":"3 cards matched","damage_taken":0,"max_hp_gain":0,"max_hp_loss":0,"event_name":"Match and Keep!","floor":3,"gold_loss":0,"cards_obtained":["Swift Strike","Clash","Demon Form"]},{"damage_healed":0,"gold_gain":0,"player_choice":"Bought 0 Potions","damage_taken":0,"max_hp_gain":0,"max_hp_loss":0,"event_name":"The Woman in Blue","floor":13,"gold_loss":0},{"damage_healed":0,"gold_gain":0,"player_choice":"Obtained Relic","damage_taken":0,"relics_obtained":["Anchor"],"max_hp_gain":0,"max_hp_loss":0,"event_name":"Addict","floor":19,"gold_loss":85}],"is_beta":false,"boss_relics":[{"not_picked":["Ectoplasm","Velvet Choker"],"picked":"Empty Cage"}],"items_purged_floors":[],"is_endless":false,"potions_floor_spawned":[1,5,12,14,18,21,22],"killed_by":"Gremlin Leader","ascension_level":3}}