{"host":"hk3n60c9tb8azi3z","time":1612420056,"event":{"mods":["AchievementEnabler","BaseMod","Minty Spire (QoL Compilation)","Relic Sorter","Relic Stats"],"gold_per_floor":[144,144,189,234,279,369,369,414,414,459,459,504,599,689,689,989,989,1034,1079,271,281,326,416,416,506,556,556,601,11,56,101,101,401,401,446,491,31,81,0,90,42,42,42,92,182,232,327,372,372,372],"floor_reached":51,"language":"ENG","playtime":2791,"items_purged":[],"score":1011,"play_id":"dd336843-7e8e-4abb-aafe-c9b42dd57833","local_time":"20210204072736","daily_mods":["Insanity","Red Cards","Midas"],"is_ascension_mode":false,"campfire_choices":[{"floor":7.0,"key":"REST"},{"floor":15.0,"key":"REST"},{"floor":24.0,"key":"REST"},{"floor":27.0,"key":"REST"},{"floor":32.0,"key":"REST"},{"floor":49,"key":"REST"}],"circlet_count":0,"master_deck":["Stack+1","Flex+1","Shrug It Off+1","Fire Breathing+1","Rip and Tear+1","Bloodletting+1","Disarm+1","Anger+1","Flex+1","Barrage+1","Warcry+1","Barrage+1","Go for the Eyes+1","Hello World+1","Dual Wield+1","Steam+1","Blood for Blood+1","Warcry+1","Metallicize+1","Shrug It Off+1","Flame Barrier+1","Shrug It Off+1","Reckless Charge+1","Conserve Battery+1","Clothesline+1","Clothesline+1","Barrage+1","Wild Strike+1","Genetic Algorithm+1","Shrug It Off+1","Hologram+1","Cleave+1","Cold Snap+1","Force Field+1","Loop+1","Scrape+1","Whirlwind+1","Undo+1","Chaos+1","Chaos+1","Warcry+1","Gash+1","Ball Lightning+1","Heavy Blade+1","Tempest+1","Clash+1","Double Energy+1","Warcry+1","Pain","Armaments+1","Dual Wield+1","Spot Weakness+1","Loop+1","Headbutt+1","Recycle+1","Offering+1","Seek+1","Warcry+1","Double Tap+1","Hologram+1","Loop+1","Chaos+1","Bloodletting+1","Capacitor+1","Mind Blast+1","Hologram+1","Headbutt+1","Heatsinks+1","Limit Break+1","Thinking Ahead+1","Chaos+1","Pommel Strike+1","Seek+1","Wild Strike+1","Sword Boomerang+1","Mind Blast+1","Defragment+1","Sunder+1","Reboot+1","Battle Trance+1","Body Slam+1","Self Repair+1","Cleave+1","Gash+1","Burning Pact+1"],"relics":["Cracked Core","WarpedTongs","Gremlin Horn","Cables","SsserpentHead","Orichalcum","Philosopher\u0027s Stone","Molten Egg 2","Orrery","Eternal Feather","Happy Flower","Ornamental Fan","Bronze Scales","Whetstone","Akabeko","HandDrill","Sozu","Shuriken","Red Mask","InkBottle","The Courier","Mark of the Bloom","Emotion Chip"],"acts_visited":["Exordium","TheCity","TheBeyond"],"potions_floor_usage":[],"damage_taken":[{"damage":0.0,"enemies":"Small Slimes","floor":1.0,"turns":2.0},{"damage":1.0,"enemies":"Cultist","floor":3.0,"turns":2.0},{"damage":0.0,"enemies":"2 Louse","floor":4.0,"turns":3.0},{"damage":0.0,"enemies":"Exordium Thugs","floor":5.0,"turns":4.0},{"damage":19.0,"enemies":"3 Sentries","floor":6.0,"turns":5.0},{"damage":0.0,"enemies":"Looter","floor":8.0,"turns":2.0},{"damage":0.0,"enemies":"Large Slime","floor":10.0,"turns":5.0},{"damage":16.0,"enemies":"Exordium Wildlife","floor":12.0,"turns":4.0},{"damage":0.0,"enemies":"3 Louse","floor":13.0,"turns":2.0},{"damage":12.0,"enemies":"Lagavulin","floor":14.0,"turns":7.0},{"damage":30.0,"enemies":"Hexaghost","floor":16.0,"turns":9.0},{"damage":2.0,"enemies":"Shell Parasite","floor":18.0,"turns":3.0},{"damage":2.0,"enemies":"3 Byrds","floor":19.0,"turns":2.0},{"damage":0.0,"enemies":"Snake Plant","floor":22.0,"turns":1.0},{"damage":8.0,"enemies":"Slavers","floor":23.0,"turns":3.0},{"damage":6.0,"enemies":"Book of Stabbing","floor":25.0,"turns":3.0},{"damage":3.0,"enemies":"Sentry and Sphere","floor":28.0,"turns":2.0},{"damage":0.0,"enemies":"Chosen and Byrds","floor":30.0,"turns":1.0},{"damage":3.0,"enemies":"Shelled Parasite and Fungi","floor":31.0,"turns":2.0},{"damage":54.0,"enemies":"Collector","floor":33.0,"turns":9.0},{"damage":0.0,"enemies":"Orb Walker","floor":35.0,"turns":1.0},{"damage":9.0,"enemies":"3 Shapes","floor":36.0,"turns":3.0},{"damage":0,"enemies":"Reptomancer","floor":40,"turns":2},{"damage":0,"enemies":"Nemesis","floor":45,"turns":1},{"damage":0,"enemies":"Jaw Worm Horde","floor":47,"turns":1},{"damage":0,"enemies":"Sphere and 2 Shapes","floor":48,"turns":1},{"damage":30,"enemies":"Time Eater","floor":50,"turns":3}],"seed_played":"2514053361250750194","potions_obtained":[{"floor":5.0,"key":"Weak Potion"},{"floor":6.0,"key":"Dexterity Potion"},{"floor":13.0,"key":"PotionOfCapacity"},{"floor":14.0,"key":"EntropicBrew"},{"floor":16.0,"key":"SkillPotion"},{"floor":19.0,"key":"Weak Potion"},{"floor":28.0,"key":"SteroidPotion"},{"floor":30.0,"key":"CultistPotion"},{"floor":33.0,"key":"GamblersBrew"}],"is_trial":false,"path_per_floor":["M","?","M","M","M","E","R","M","T","M","?","M","M","E","R","B",null,"M","M","$","?","M","E","R","E","T","R","M","$","M","M","R","B",null,"M","M","$","?","?","E","$","$","T","?","E","?","M","M","R","B",null],"character_chosen":"DEFECT","items_purchased":["Molten Egg 2","Orrery","Capacitor","Eternal Feather","Mind Blast+1","Thinking Ahead","Whetstone","Akabeko","HandDrill","Mind Blast+1","Shuriken","Defragment","Sunder+1","Battle Trance","Body Slam+1"],"campfire_rested":6,"item_purchase_floors":[20,20,20,20,20,29,29,29,29,37,37,37,37,41,41],"current_hp_per_floor":[75,75,74,74,74,55,75,75,75,75,75,59,59,47,69,39,75,73,71,71,71,71,63,75,69,69,75,72,72,72,69,75,21,75,75,66,66,66,66,66,66,66,66,66,66,66,66,66,66,36],"gold":372,"neow_bonus":"","is_daily":true,"chose_seed":false,"campfire_upgraded":0,"win_rate":0.0,"timestamp":1612420056,"path_taken":["M","?","?","M","M","E","R","M","T","?","?","M","?","E","R","BOSS","M","M","$","?","M","E","R","E","T","R","M","?","M","M","R","BOSS","M","M","$","?","?","E","?","$","T","?","E","?","?","M","R","BOSS"],"items_purchased_type":["Relic","Relic","Card","Relic","Card","Card","Relic","Relic","Relic","Card","Relic","Card","Card","Card","Card"],"build_version":"2020-12-22","purchased_purges":0,"victory":true,"max_hp_per_floor":[75,75,75,75,75,75,75,75,75,75,75,75,75,75,75,75,75,75,75,75,75,75,75,75,75,75,75,75,75,75,75,75,75,75,75,75,75,75,75,75,75,75,75,75,75,75,75,75,75,75],"relic_stats":{"Mark of the Bloom":73,"Gremlin Horn":[21,21],"Happy Flower":[9],"counters":[27,83],"Eternal Feather":24,"Whetstone":["Scrape","Reckless Charge"],"Orichalcum":[48],"WarpedTongs":[77],"Cables":[51,34,4,8,5],"Sozu":2,"SsserpentHead":450,"Emotion Chip":[3,1,0,1,1],"Ornamental Fan":[48],"Shuriken":[5],"Bronze Scales":[39],"HandDrill":[12],"obtain_stats":[{"Mark of the Bloom":44,"Gremlin Horn":6,"Happy Flower":23,"Eternal Feather":20,"The Courier":43,"Whetstone":29,"Orichalcum":14,"Akabeko":29,"WarpedTongs":2,"Cables":9,"Sozu":34,"SsserpentHead":11,"Emotion Chip":45,"Ornamental Fan":25,"Shuriken":37,"Bronze Scales":26,"Orrery":20,"Philosopher\u0027s Stone":17,"Molten Egg 2":20,"HandDrill":29,"Red Mask":39,"Cracked Core":0,"InkBottle":40},{"Mark of the Bloom":23,"Gremlin Horn":5,"Happy Flower":15,"Eternal Feather":13,"The Courier":23,"Whetstone":17,"Orichalcum":10,"Akabeko":17,"WarpedTongs":1,"Cables":6,"Sozu":20,"SsserpentHead":7,"Emotion Chip":24,"Ornamental Fan":16,"Shuriken":22,"Bronze Scales":16,"Orrery":13,"Philosopher\u0027s Stone":11,"Molten Egg 2":13,"HandDrill":17,"Red Mask":22,"Cracked Core":0,"InkBottle":23},{"Mark of the Bloom":77,"Gremlin Horn":16,"Happy Flower":54,"Eternal Feather":50,"The Courier":77,"Whetstone":59,"Orichalcum":36,"Akabeko":59,"WarpedTongs":2,"Cables":18,"Sozu":71,"SsserpentHead":23,"Emotion Chip":78,"Ornamental Fan":57,"Shuriken":75,"Bronze Scales":57,"Orrery":50,"Philosopher\u0027s Stone":45,"Molten Egg 2":50,"HandDrill":59,"Red Mask":75,"Cracked Core":0,"InkBottle":77}],"InkBottle":[2]},"card_choices":[{"not_picked":["Rebound","Havoc","Barrage"],"picked":"SKIP","floor":1.0},{"not_picked":["Wild Strike","Heavy Blade","Thunderclap"],"picked":"SKIP","floor":3.0},{"not_picked":["Sweeping Beam","Stack"],"picked":"Armaments","floor":4.0},{"not_picked":["Searing Blow","True Grit"],"picked":"Dual Wield","floor":5.0},{"not_picked":["BootSequence","Creative AI"],"picked":"Spot Weakness","floor":6.0},{"not_picked":["Ball Lightning","Go for the Eyes","Anger"],"picked":"SKIP","floor":8.0},{"not_picked":["Cold Snap","Blizzard"],"picked":"Loop","floor":10.0},{"not_picked":["True Grit","Warcry"],"picked":"Headbutt","floor":12.0},{"not_picked":["Body Slam","Ball Lightning"],"picked":"Recycle","floor":13.0},{"not_picked":["Dropkick","Reprogram"],"picked":"Offering","floor":14.0},{"not_picked":["Creative AI","Buffer"],"picked":"Seek","floor":16.0},{"not_picked":["Steam","Tempest"],"picked":"Warcry","floor":18.0},{"not_picked":["Scrape","Perfected Strike","Flex"],"picked":"SKIP","floor":19.0},{"not_picked":["Sweeping Beam+1","Anger+1"],"picked":"Double Tap","floor":20.0},{"not_picked":["Flex","Force Field"],"picked":"Hologram+1","floor":20.0},{"not_picked":["Pummel+1","Shrug It Off"],"picked":"Loop","floor":20.0},{"not_picked":["Armaments","Sweeping Beam+1"],"picked":"Chaos+1","floor":20.0},{"not_picked":["Perfected Strike+1","Twin Strike+1"],"picked":"Bloodletting","floor":20.0},{"not_picked":["Pummel+1","Consume"],"picked":"Hologram","floor":22.0},{"not_picked":["Armaments","Gash+1"],"picked":"Headbutt+1","floor":23.0},{"not_picked":["Heavy Blade+1","Dual Wield+1"],"picked":"Heatsinks","floor":25.0},{"not_picked":["Heavy Blade+1","Twin Strike+1"],"picked":"Limit Break","floor":28.0},{"not_picked":["Sentinel","Chaos","Iron Wave+1"],"picked":"SKIP","floor":30.0},{"not_picked":["Sentinel","Iron Wave+1"],"picked":"Chaos","floor":30.0},{"not_picked":["Compile Driver+1","Ghostly Armor+1"],"picked":"Pommel Strike+1","floor":31.0},{"not_picked":["Limit Break","All For One+1"],"picked":"Seek","floor":33.0},{"not_picked":["Thunderclap+1","Body Slam+1"],"picked":"Wild Strike+1","floor":35.0},{"not_picked":["Heavy Blade+1","Combust"],"picked":"Sword Boomerang+1","floor":36.0},{"not_picked":["Capacitor","Go for the Eyes+1"],"picked":"Reboot","floor":40},{"not_picked":["Barrage+1","Ball Lightning+1"],"picked":"Self Repair+1","floor":45},{"not_picked":["Turbo","Conserve Battery+1"],"picked":"Gash+1","floor":47},{"not_picked":["Juggernaut","Flex"],"picked":"Burning Pact+1","floor":48}],"player_experience":1653321,"relics_obtained":[{"floor":6.0,"key":"Gremlin Horn"},{"floor":9.0,"key":"Cables"},{"floor":14.0,"key":"Orichalcum"},{"floor":23.0,"key":"Happy Flower"},{"floor":25.0,"key":"Ornamental Fan"},{"floor":26.0,"key":"Bronze Scales"},{"floor":40,"key":"InkBottle"},{"floor":43,"key":"The Courier"},{"floor":45,"key":"Emotion Chip"}],"event_choices":[{"damage_healed":0.0,"max_hp_gain":0.0,"max_hp_loss":0.0,"gold_gain":0.0,"event_name":"Accursed Blacksmith","player_choice":"Rummage","floor":2.0,"gold_loss":0.0,"damage_taken":0.0,"relics_obtained":["WarpedTongs"],"cards_obtained":["Pain"]},{"damage_healed":0.0,"max_hp_gain":0.0,"max_hp_loss":0.0,"gold_gain":0.0,"event_name":"FaceTrader","player_choice":"Trade","floor":11.0,"gold_loss":0.0,"damage_taken":0.0,"relics_obtained":["SsserpentHead"]},{"damage_healed":0.0,"max_hp_gain":0.0,"max_hp_loss":0.0,"gold_gain":0.0,"event_name":"Designer","player_choice":"Upgraded Two","floor":21.0,"gold_loss":40.0,"damage_taken":0.0,"cards_upgraded":["Loop","Genetic Algorithm"]},{"cards_removed":["Havoc"],"damage_healed":0,"gold_gain":0,"player_choice":"Removed Skill","damage_taken":0,"max_hp_gain":0,"max_hp_loss":0,"event_name":"Falling","floor":38,"gold_loss":0},{"damage_healed":0,"gold_gain":0,"player_choice":"Paid","damage_taken":0,"relics_obtained":["Red Mask"],"max_hp_gain":0,"max_hp_loss":0,"event_name":"Tomb of Lord Red Mask","floor":39,"gold_loss":131},{"damage_healed":0,"gold_gain":0,"player_choice":"Upgrade","damage_taken":0,"relics_obtained":["Mark of the Bloom"],"max_hp_gain":0,"max_hp_loss":0,"event_name":"MindBloom","floor":44,"gold_loss":0,"cards_upgraded":["Stack","Flex","Shrug It Off","Fire Breathing","Rip and Tear","Bloodletting","Disarm","Anger","Flex","Barrage","Warcry","Barrage","Go for the Eyes","Hello World","Dual Wield","Steam","Leap","Blood for Blood","Warcry","Metallicize","Shrug It Off","Flame Barrier","Shrug It Off","Conserve Battery","Clothesline","Clothesline","Barrage","Wild Strike","Shrug It Off","Hologram","Cleave","Cold Snap","Force Field","Loop","Whirlwind","Undo","Chaos","Chaos","Warcry","Gash","Ball Lightning","Heavy Blade","Tempest","Clash","Double Energy","Warcry","Armaments","Dual Wield","Spot Weakness","Loop","Headbutt","Recycle","Offering","Seek","Warcry","Double Tap","Bloodletting","Capacitor","Hologram","Heatsinks","Limit Break","Thinking Ahead","Chaos","Seek","Defragment","Reboot","Battle Trance"]},{"damage_healed":0,"gold_gain":0,"cards_transformed":["Leap"],"player_choice":"Transformed","damage_taken":0,"max_hp_gain":0,"max_hp_loss":0,"event_name":"Transmorgrifier","floor":46,"gold_loss":0,"cards_obtained":["Cleave"]}],"is_beta":false,"boss_relics":[{"not_picked":["Empty Cage","Runic Dome"],"picked":"Philosopher\u0027s Stone"},{"not_picked":["SacredBark","Nuclear Battery"],"picked":"Sozu"}],"items_purged_floors":[],"is_endless":false,"potions_floor_spawned":[5,6,13,14,16,19,28,30,31,33,45,48],"ascension_level":0}}