{"host":"4par9lyhj7bf4dsa","time":1612419402,"event":{"mods":["AchievementEnabler","BaseMod","Colored Map","Minty Spire (QoL Compilation)","Relic Stats","StSLib"],"gold_per_floor":[114,133,30,30,40,71,90,120,120,40,40,66,39,49,49,121,121,133,146,146,162,212,212,212],"floor_reached":23,"language":"ENG","playtime":1284,"items_purged":[],"score":351,"play_id":"888ec2e6-5f16-47fa-b840-e5dd821a082c","local_time":"20210204171642","is_ascension_mode":true,"campfire_choices":[{"data":"Wallop","floor":11,"key":"SMITH"},{"data":"Wallop","floor":15,"key":"SMITH"}],"circlet_count":0,"master_deck":["AscendersBane","Strike_P","Strike_P","Strike_P","Strike_P","Defend_P","Defend_P","Defend_P","Defend_P","Eruption","Vigilance","Wallop+1","Vengeance","Omniscience","MentalFortress","EmptyFist","Wallop+1","Indignation+1","Wish+1","Crescendo+1","Necronomicurse","EmptyMind+1"],"relics":["Coffee Dripper","Dead Branch","Matryoshka","Toxic Egg 2","Ginger","Art of War","Busted Crown","Necronomicon"],"acts_visited":["Exordium","TheCity"],"potions_floor_usage":[6,8,16,18],"damage_taken":[{"damage":0,"enemies":"Small Slimes","floor":1,"turns":3},{"damage":0,"enemies":"Cultist","floor":2,"turns":4},{"damage":0,"enemies":"Jaw Worm","floor":5,"turns":3},{"damage":15,"enemies":"Gremlin Nob","floor":6,"turns":3},{"damage":2,"enemies":"2 Fungi Beasts","floor":7,"turns":3},{"damage":6,"enemies":"Lagavulin","floor":8,"turns":7},{"damage":7,"enemies":"3 Sentries","floor":12,"turns":7},{"damage":1,"enemies":"3 Louse","floor":14,"turns":3},{"damage":20,"enemies":"Slime Boss","floor":16,"turns":6},{"damage":1,"enemies":"Spheric Guardian","floor":18,"turns":4},{"damage":5,"enemies":"3 Byrds","floor":19,"turns":7},{"damage":0,"enemies":"Snecko","floor":21,"turns":2},{"damage":2,"enemies":"Chosen and Byrds","floor":22,"turns":5},{"damage":48,"enemies":"Gremlin Leader","floor":23,"turns":3}],"seed_played":"-4961733213586634588","potions_obtained":[{"floor":5,"key":"Fire Potion"},{"floor":6,"key":"BottledMiracle"},{"floor":12,"key":"GamblersBrew"},{"floor":16,"key":"SpeedPotion"},{"floor":18,"key":"BottledMiracle"}],"is_trial":false,"path_per_floor":["M","M","$","?","M","E","M","E","T","$","R","E","?","M","R","B",null,"M","M","?","M","M","E"],"character_chosen":"WATCHER","items_purchased":["AttackPotion","Swift Potion","Wallop"],"campfire_rested":0,"item_purchase_floors":[3,3,10],"current_hp_per_floor":[65,65,65,65,65,50,48,42,42,42,42,35,35,34,34,14,58,57,52,36,36,34,0,0],"gold":212,"neow_bonus":"BOSS_RELIC","is_daily":false,"chose_seed":false,"campfire_upgraded":2,"win_rate":0.0,"timestamp":1612419402,"path_taken":["M","M","$","?","M","E","?","E","T","?","R","E","?","M","R","BOSS","M","M","?","M","M","E"],"items_purchased_type":["Potion","Potion","Card"],"build_version":"2020-12-22","purchased_purges":0,"victory":false,"max_hp_per_floor":[72,72,72,72,72,72,72,72,72,72,72,72,72,72,72,72,72,72,72,72,72,72,72,72],"relic_stats":{"Busted Crown":8,"counters":[14,60],"Dead Branch":[33],"Art of War":[2],"Necronomicon":[5],"Ginger":[6],"obtain_stats":[{"Matryoshka":8,"Busted Crown":17,"Dead Branch":6,"Coffee Dripper":0,"Art of War":12,"Necronomicon":20,"Ginger":9,"PureWater":0,"Toxic Egg 2":9},{"Matryoshka":6,"Busted Crown":9,"Dead Branch":4,"Coffee Dripper":0,"Art of War":7,"Necronomicon":11,"Ginger":6,"PureWater":0,"Toxic Egg 2":6},{"Matryoshka":23,"Busted Crown":39,"Dead Branch":13,"Coffee Dripper":0,"Art of War":30,"Necronomicon":50,"Ginger":23,"PureWater":0,"Toxic Egg 2":23}]},"card_choices":[{"not_picked":["FlyingSleeves","EmptyFist"],"picked":"Wallop","floor":1},{"not_picked":["EmptyBody","CrushJoints"],"picked":"Vengeance","floor":2},{"not_picked":["SashWhip","EmptyBody","SpiritShield"],"picked":"SKIP","floor":5},{"not_picked":["CutThroughFate","MasterReality"],"picked":"MentalFortress","floor":6},{"not_picked":["Weave","Prostrate","ClearTheMind"],"picked":"SKIP","floor":7},{"not_picked":["Halt","EmptyBody"],"picked":"EmptyFist","floor":8},{"not_picked":["Perseverance+1","BattleHymn","SashWhip"],"picked":"SKIP","floor":12},{"not_picked":["Wireheading","WreathOfFlame+1"],"picked":"Indignation+1","floor":14},{"not_picked":["Brilliance","SpiritShield+1"],"picked":"Wish+1","floor":16},{"not_picked":["Swivel+1"],"picked":"SKIP","floor":18},{"not_picked":[],"picked":"Crescendo+1","floor":19},{"not_picked":[],"picked":"EmptyMind+1","floor":21},{"not_picked":["Protect+1"],"picked":"SKIP","floor":22}],"player_experience":997263,"relics_obtained":[{"floor":6,"key":"Dead Branch"},{"floor":8,"key":"Matryoshka"},{"floor":9,"key":"Toxic Egg 2"},{"floor":9,"key":"Ginger"},{"floor":12,"key":"Art of War"},{"floor":20,"key":"Necronomicon"}],"event_choices":[{"damage_healed":0,"gold_gain":0,"player_choice":"1 cards matched","damage_taken":0,"max_hp_gain":0,"max_hp_loss":0,"event_name":"Match and Keep!","floor":4,"gold_loss":0,"cards_obtained":["Omniscience"]},{"damage_healed":0,"gold_gain":0,"player_choice":"Left Gold","damage_taken":0,"max_hp_gain":0,"max_hp_loss":0,"event_name":"World of Goop","floor":13,"gold_loss":27},{"damage_healed":0,"gold_gain":0,"player_choice":"Obtained Book","damage_taken":16,"max_hp_gain":0,"max_hp_loss":0,"event_name":"Cursed Tome","floor":20,"gold_loss":0}],"is_beta":false,"boss_relics":[{"not_picked":["Empty Cage","SlaversCollar"],"picked":"Busted Crown"}],"items_purged_floors":[],"is_endless":false,"potions_floor_spawned":[5,6,7,12,16,18],"killed_by":"Gremlin Leader","ascension_level":13}}