{"host":"xp5rvh2jwe2ejyfm","time":1612397302,"event":{"mods":["Aspiration","BaseMod","BetterRewards","Colored Powertips","Conspire","Downfall","GifTheSpireLib","Gremlin Mod","Hermit","Hubris","Jorbs\u0027s Wanderer Trilogy","Minty Spire (QoL Compilation)","Replay The Spire","Robot Space Explorer","Shade Mod","Somnambulant","StSLib","The Bug Knight","The Clintock","The Construct","The Cursed","The Disciple","The Forsaken","The Hierophant","The Necromancer","The Runesmith","The Servant 0.9.4","The Valiant","The Witch","thorton"],"gold_per_floor":[110,210,222,29,47,75,97,127,127,149,324,366,366,366,366,370,370],"floor_reached":16,"language":"ENG","playtime":550,"items_purged":[],"score":112,"play_id":"dd555255-0a62-4f0f-9807-502565ea5002","local_time":"20210203190822","is_ascension_mode":false,"campfire_choices":[{"floor":13,"key":"REST"},{"floor":15,"key":"RECALL"}],"circlet_count":0,"master_deck":["Shade:Strike_Shade","Shade:Strike_Shade","Shade:Strike_Shade","Shade:Strike_Shade","Shade:Defend_Shade","Shade:Defend_Shade","Shade:Defend_Shade","Shade:Defend_Shade","Shade:AnimateDead","Shade:CarefulCut","construct:AttackMode","Bone_Wall","Shade:FingerOfDeath","Shade:PoundOfFlesh","Sadistic Nature","Shade:Premonition","Shade:Bite_Shade","Shade:CallOfTheGrave","Shade:GreaterAnimation","Shade:FleshToFlesh","Doubt","Injury"],"relics":["Shade:YorickSkull","Pondfish Scales","Replay:Bandana","Singing Bowl","Torii","Frozen Egg 2"],"acts_visited":["Exordium"],"potions_floor_usage":[6,8,16,16],"damage_taken":[{"damage":0,"enemies":"Small Slimes","floor":1,"turns":3},{"damage":0,"enemies":"Cultist","floor":3,"turns":4},{"damage":1,"enemies":"2 Louse","floor":5,"turns":2},{"damage":6,"enemies":"3 Sentries","floor":6,"turns":7},{"damage":4,"enemies":"2 Fungi Beasts","floor":7,"turns":3},{"damage":9,"enemies":"Exordium Thugs","floor":8,"turns":5},{"damage":2,"enemies":"Looter","floor":10,"turns":3},{"damage":9,"enemies":"Gremlin Nob","floor":12,"turns":4},{"damage":66,"enemies":"Slime Boss","floor":16,"turns":12}],"seed_played":"-5249301083761236653","potions_obtained":[{"floor":1,"key":"SkillPotion"},{"floor":6,"key":"champ:CounterPotion"},{"floor":7,"key":"ColorlessPotion"},{"floor":10,"key":"Block Potion"}],"is_trial":false,"path_per_floor":["M","?","M","$","M","E","M","M","T","M","?","E","R","?","R","B"],"character_chosen":"SHADE","items_purchased":["Sadistic Nature"],"campfire_rested":1,"item_purchase_floors":[4],"current_hp_per_floor":[65,65,65,65,64,58,56,49,49,47,47,42,62,62,62,0,0],"gold":370,"neow_bonus":"ONE_RARE_RELIC","is_daily":false,"chose_seed":false,"campfire_upgraded":0,"win_rate":0.0,"timestamp":1612397302,"path_taken":["M","?","M","$","?","E","M","M","T","M","?","E","R","?","R","BOSS"],"items_purchased_type":["Card"],"build_version":"2020-12-22","purchased_purges":0,"victory":false,"max_hp_per_floor":[65,65,65,65,65,65,65,65,65,65,65,67,67,67,67,67,67],"card_choices":[{"not_picked":["Shade:Premonition","Shade:RitualOffering"],"picked":"Shade:FingerOfDeath","floor":1},{"not_picked":["Shade:AncientSpear","Shade:FleshOffering"],"picked":"Shade:PoundOfFlesh","floor":3},{"not_picked":["Shade:RitualOffering","Shade:AncientSpear"],"picked":"Shade:Premonition","floor":5},{"not_picked":["Shade:Premonition","Shade:Frenzy"],"picked":"Shade:Bite_Shade","floor":6},{"not_picked":["Shade:DangerousRitual","Shade:AncientSpear"],"picked":"Shade:CallOfTheGrave","floor":7},{"not_picked":["Shade:FuneraryArmor","Shade:CommandSoldier"],"picked":"Shade:GreaterAnimation","floor":8},{"not_picked":["Shade:WallOfFlesh","Shade:GraveStillness"],"picked":"Shade:FleshToFlesh","floor":10},{"not_picked":["Shade:LyeBath","Shade:ClawBack","Shade:SpontaneousRitual"],"picked":"Singing Bowl","floor":12}],"player_experience":410046,"relics_obtained":[{"floor":6,"key":"Replay:Bandana"},{"floor":9,"key":"Singing Bowl"},{"floor":12,"key":"Torii"}],"event_choices":[{"damage_healed":0,"gold_gain":100,"player_choice":"Pray","damage_taken":0,"max_hp_gain":0,"max_hp_loss":0,"event_name":"Golden Shrine","floor":2,"gold_loss":0},{"damage_healed":0,"gold_gain":175,"player_choice":"AGREE","damage_taken":0,"max_hp_gain":0,"max_hp_loss":0,"event_name":"Liars Game","floor":11,"gold_loss":0,"cards_obtained":["Doubt"]}],"is_beta":false,"boss_relics":[],"items_purged_floors":[],"is_endless":false,"potions_floor_spawned":[1,6,7,10],"killed_by":"Slime Boss","ascension_level":0}}