{"host":"e8062yfkmywf26f0","time":1612455654,"event":{"mods":["AchievementEnabler","BaseMod","Colored Map","Minty Spire (QoL Compilation)","Quick Restart","Shop Mod","StSLib"],"gold_per_floor":[117,192,192,192,192,231,231,271,296,296,296,317,338,97,97,97,97],"floor_reached":16,"language":"ENG","playtime":465,"items_purged":[],"score":106,"play_id":"3100a007-f902-475d-bc91-9e3c7a09ee1e","local_time":"20210204162054","is_ascension_mode":false,"campfire_choices":[{"floor":7,"key":"REST"},{"floor":11,"key":"REST"},{"data":"Inflame","floor":15,"key":"SMITH"}],"circlet_count":0,"master_deck":["Strike_R","Strike_R","Strike_R","Strike_R","Strike_R","Defend_R+1","Defend_R","Defend_R","Defend_R+1","Bash","Injury","Inflame+1","Ghostly Armor","Iron Wave"],"relics":["Burning Blood","Golden Idol","PreservedInsect","Shuriken","Red Skull","Omamori","Frozen Egg 2"],"acts_visited":["Exordium"],"potions_floor_usage":[],"damage_taken":[{"damage":1,"enemies":"Jaw Worm","floor":1,"turns":5},{"damage":38,"enemies":"Lagavulin","floor":6,"turns":8},{"damage":6,"enemies":"Gremlin Nob","floor":8,"turns":3},{"damage":2,"enemies":"Small Slimes","floor":12,"turns":4},{"damage":0,"enemies":"2 Louse","floor":13,"turns":2},{"damage":17,"enemies":"Slime Boss","floor":16,"turns":6}],"seed_played":"-648679851792550977","potions_obtained":[{"floor":6,"key":"BlessingOfTheForge"}],"is_trial":false,"path_per_floor":["M","?","?","?","?","E","R","E","T","$","R","M","M","$","R","B"],"character_chosen":"IRONCLAD","items_purchased":["Frozen Egg 2"],"campfire_rested":2,"item_purchase_floors":[14],"current_hp_per_floor":[88,77,77,70,52,20,46,46,46,46,72,76,82,82,82,65,65],"gold":97,"neow_bonus":"TEN_PERCENT_HP_BONUS","is_daily":false,"chose_seed":false,"campfire_upgraded":1,"win_rate":0.0,"timestamp":1612455654,"path_taken":["M","?","?","?","?","E","R","E","T","?","R","?","M","$","R","BOSS"],"items_purchased_type":["Relic"],"build_version":"2020-12-22","purchased_purges":0,"victory":false,"max_hp_per_floor":[88,88,88,88,88,88,88,88,88,88,88,88,88,88,88,88,88],"card_choices":[{"not_picked":["Flex","Warcry","Evolve"],"picked":"SKIP","floor":1},{"not_picked":["Feel No Pain","Heavy Blade"],"picked":"Inflame","floor":6},{"not_picked":["Perfected Strike","Anger"],"picked":"Ghostly Armor","floor":8},{"not_picked":["Sever Soul","Wild Strike"],"picked":"Iron Wave","floor":12},{"not_picked":["Dual Wield","Wild Strike","Rage"],"picked":"SKIP","floor":13}],"player_experience":50402,"relics_obtained":[{"floor":6,"key":"Shuriken"},{"floor":8,"key":"Red Skull"},{"floor":9,"key":"Omamori"}],"event_choices":[{"damage_healed":0,"gold_gain":75,"player_choice":"Gather Gold","damage_taken":11,"max_hp_gain":0,"max_hp_loss":0,"event_name":"World of Goop","floor":2,"gold_loss":0},{"damage_healed":0,"gold_gain":0,"player_choice":"Take Wound","damage_taken":0,"relics_obtained":["Golden Idol"],"max_hp_gain":0,"max_hp_loss":0,"event_name":"Golden Idol","floor":3,"gold_loss":0,"cards_obtained":["Injury"]},{"damage_healed":0,"gold_gain":0,"player_choice":"Success","damage_taken":7,"relics_obtained":["PreservedInsect"],"max_hp_gain":0,"max_hp_loss":0,"event_name":"Scrap Ooze","floor":4,"gold_loss":0},{"damage_healed":0,"gold_gain":0,"player_choice":"Entered Light","damage_taken":18,"max_hp_gain":0,"max_hp_loss":0,"event_name":"Shining Light","floor":5,"gold_loss":0,"cards_upgraded":["Defend_R","Defend_R"]}],"is_beta":false,"boss_relics":[],"items_purged_floors":[],"is_endless":false,"potions_floor_spawned":[6],"killed_by":"Slime Boss","ascension_level":0}}