{"host":"a3oe3gstxz77c7qu","time":1612471702,"event":{"mods":["2.2 Compatiblity","Act Like it!","Astrologer","BaseMod","Bestiary","Better Altar","Better Match","Better Note","Better Skull","Better Third Choice","Block Reminder","Curses Come First","Custom Start","Dark Map","Downfall","Friendly Minions","GifTheSpireLib","Hallownest","Hermit","Jorbs\u0027s Wanderer Trilogy","Lobotomy","LobotomyExtend","Marisa????????","Minty Spire (QoL Compilation)","Permanent Neow","Quick Restart","Relic Filter Mod","Relic Stats","Reliquary","Replay The Spire","Smile Girya","Spire Arcade","StSLib","The Bug Knight","The Cursed","The Disciple","The Jungle","Uncapped","Unknown Chances","Wandering Minibosses"],"gold_per_floor":[199,209,228,83,83,83,165,3,3,3,33,48,48,59,74,177,177,77,95,95,95,80,80,80,99,112,130,31,31,16,27,39,39,39,39],"floor_reached":33,"language":"ENG","playtime":2094,"items_purged":["bronze:Strike","bronze:ClassDefault"],"score":272,"play_id":"e2098dae-95b4-4b2e-bfdc-c51144f29e20","local_time":"20210204204822","is_ascension_mode":true,"campfire_choices":[{"data":"bronze:Strike","floor":1,"key":"PURGE"},{"data":"bronze:Repulsor","floor":10,"key":"SMITH"},{"data":"bronze:ItsAFeature","floor":13,"key":"SMITH"},{"floor":18,"key":"RECALL"},{"data":"bronze:ClassDefault","floor":23,"key":"SMITH"},{"data":"m_BronzeAgony","floor":29,"key":"SMITH"}],"circlet_count":0,"master_deck":["bronze:Strike","bronze:Strike","bronze:Defend","bronze:Defend","bronze:Defend","bronze:Defend","bronze:Constructor","bronze:Repulsor+1","bronze:ClassDefault+1","m_BronzeAgony+1","m_BronzeSurvivor","bronze:BugBarrage+1","bronze:Shield+1","bronze:ItsAFeature+1","bronze:Refactor+1","bronze:InfiniteLoop+1","bronze:Shield+1","bronze:DelayedGuard+1","Finesse+1"],"relics":["bronze:BronzeCore","LetterFromLob","Golden Egg","Toxic Egg 2","Coffee Dripper","downfall:HeartBlessingGreen","wanderingMiniBosses:Inkheart","RedMistMask"],"acts_visited":["Exordium","TheCity"],"potions_floor_usage":[11,16,16],"damage_taken":[{"damage":0,"enemies":"2 Louse","floor":2,"turns":3},{"damage":13,"enemies":"Small Slimes","floor":3,"turns":9},{"damage":5,"enemies":"downfall:FleeingMerchant","floor":4,"turns":4},{"damage":0,"enemies":"downfall:FleeingMerchant","floor":8,"turns":5},{"damage":9,"enemies":"3 Sentries","floor":11,"turns":7},{"damage":0,"enemies":"Cultist","floor":12,"turns":4},{"damage":0,"enemies":"2 Fungi Beasts","floor":14,"turns":5},{"damage":0,"enemies":"Exordium Wildlife","floor":15,"turns":4},{"damage":4,"enemies":"DF_ARCHETYPE_STREAMLINE","floor":16,"turns":11},{"damage":0,"enemies":"Chosen","floor":19,"turns":5},{"damage":0,"enemies":"downfall:FleeingMerchant","floor":22,"turns":7},{"damage":19,"enemies":"Snake Plant","floor":25,"turns":7},{"damage":7,"enemies":"Shelled Parasite and Fungi","floor":26,"turns":4},{"damage":0,"enemies":"Cultist and Chosen","floor":27,"turns":7},{"damage":0,"enemies":"downfall:FleeingMerchant","floor":28,"turns":4},{"damage":0,"enemies":"downfall:FleeingMerchant","floor":30,"turns":4},{"damage":10,"enemies":"Centurion and Healer","floor":31,"turns":3},{"damage":0,"enemies":"Snecko","floor":32,"turns":5},{"damage":40,"enemies":"WA_ARCHETYPE_CALM","floor":33,"turns":5}],"seed_played":"-3229841942677814733","potions_obtained":[{"floor":3,"key":"bronze:BurnAndBuffPotion"},{"floor":14,"key":"Adrenaline Potion"},{"floor":15,"key":"SkillPotion"},{"floor":20,"key":"CultistPotion"},{"floor":25,"key":"Block Potion"},{"floor":31,"key":"GamblersBrew"}],"is_trial":false,"path_per_floor":["R","M","M","$","?","?","T","$","?","R","E","M","R","M","M","B",null,"R","M","?","?","$","R","T","M","M","M","$","R","$","M","M","B"],"character_chosen":"THE_AUTOMATON","items_purchased":["bronze:ClassDefault","bronze:BugBarrage","Finesse+1"],"campfire_rested":0,"item_purchase_floors":[4,8,28],"current_hp_per_floor":[70,70,57,52,52,52,52,52,52,52,43,43,43,43,43,39,70,70,70,70,70,70,70,70,51,44,44,44,44,44,34,34,0,0,0],"gold":39,"neow_bonus":"HUNDRED_GOLD","is_daily":false,"chose_seed":false,"campfire_upgraded":4,"win_rate":0.0,"timestamp":1612471702,"path_taken":["R","M","M","$","?","?","T","$","?","R","E","M","R","M","M","BOSS","R","M","?","?","$","R","T","M","M","M","?","R","$","M","M","BOSS"],"items_purchased_type":["Card","Card","Card"],"build_version":"2020-12-22","purchased_purges":2,"victory":false,"max_hp_per_floor":[70,70,70,70,70,70,70,70,70,70,70,70,70,70,70,70,70,70,70,70,70,70,70,70,70,70,70,70,70,70,70,70,70,70,70],"relic_stats":{"counters":[19,103],"obtain_stats":[{"Golden Egg":7,"bronze:BronzeCore":0,"downfall:HeartBlessingGreen":18,"RedMistMask":27,"LetterFromLob":2,"Coffee Dripper":17,"Toxic Egg 2":11,"wanderingMiniBosses:Inkheart":25},{"Golden Egg":3,"bronze:BronzeCore":0,"downfall:HeartBlessingGreen":9,"RedMistMask":14,"LetterFromLob":1,"Coffee Dripper":9,"Toxic Egg 2":5,"wanderingMiniBosses:Inkheart":12},{"Golden Egg":16,"bronze:BronzeCore":0,"downfall:HeartBlessingGreen":52,"RedMistMask":82,"LetterFromLob":3,"Coffee Dripper":52,"Toxic Egg 2":28,"wanderingMiniBosses:Inkheart":71}]},"card_choices":[{"not_picked":["bronze:OilSpill","bronze:Overheat"],"picked":"bronze:Constructor","floor":2},{"not_picked":["bronze:CloningBeam","bronze:WhirlingStrike"],"picked":"bronze:Repulsor","floor":3},{"not_picked":["bronze:Invalidate","bronze:ForLoop","bronze:BronzeOrb"],"picked":"SKIP","floor":4},{"not_picked":["bronze:MaxOutput","bronze:Turbo","bronze:WhirlingStrike"],"picked":"SKIP","floor":8},{"not_picked":["bronze:Flail","bronze:Frontload+1"],"picked":"bronze:Shield+1","floor":11},{"not_picked":["bronze:Overload+1","bronze:HyperBeam"],"picked":"bronze:ItsAFeature","floor":12},{"not_picked":["bronze:Refactor+1","bronze:Deprecate+1","bronze:OilSpill"],"picked":"SKIP","floor":14},{"not_picked":["bronze:FineTuning+1","bronze:ChildClass+1"],"picked":"bronze:Refactor+1","floor":15},{"not_picked":["bronze:Virus","bronze:FindAndReplace+1"],"picked":"bronze:InfiniteLoop","floor":16},{"not_picked":["bronze:CutThrough+1","bronze:WildBeam","bronze:Philosophize+1"],"picked":"SKIP","floor":19},{"not_picked":["bronze:Assembly+1","bronze:Constructor+1"],"picked":"bronze:Shield+1","floor":22},{"not_picked":["bronze:BuggyMess+1","bronze:BitShift+1","bronze:Iterate"],"picked":"SKIP","floor":25},{"not_picked":["bronze:WhirlingStrike","bronze:DigitalCarnage"],"picked":"bronze:DelayedGuard+1","floor":26},{"not_picked":["bronze:DelayedGuard+1","bronze:ForceShield+1","bronze:DelayedSlice"],"picked":"SKIP","floor":27},{"not_picked":["bronze:SpaghettiCode+1","bronze:Deprecate+1","bronze:FineTuning+1"],"picked":"SKIP","floor":28},{"not_picked":["bronze:FineTuning+1","bronze:Deprecate+1","bronze:Iterate+1"],"picked":"SKIP","floor":30},{"not_picked":["bronze:Repulsor","bronze:BuggyMess+1","bronze:Invalidate+1"],"picked":"SKIP","floor":31},{"not_picked":["bronze:ForLoop+1","bronze:Frontload+1","bronze:InfiniteBeams"],"picked":"SKIP","floor":32}],"player_experience":1142961,"relics_obtained":[{"floor":2,"key":"LetterFromLob"},{"floor":7,"key":"Golden Egg"},{"floor":11,"key":"Toxic Egg 2"},{"floor":25,"key":"wanderingMiniBosses:Inkheart"},{"floor":27,"key":"RedMistMask"}],"event_choices":[{"damage_healed":0,"gold_gain":0,"player_choice":"Ignored","damage_taken":0,"max_hp_gain":0,"max_hp_loss":0,"event_name":"Vampires","floor":21,"gold_loss":0}],"is_beta":false,"boss_relics":[{"not_picked":["Honey Jar","Cursed Key"],"picked":"Coffee Dripper"}],"items_purged_floors":[4,8],"is_endless":false,"potions_floor_spawned":[3,14,15,25,31,32],"killed_by":"WA_ARCHETYPE_CALM","ascension_level":2}}