{"host":"50per11302020","time":1612423140,"event":{"mods":["AchievementEnabler","BaseMod","Colored Map","Minty Spire (QoL Compilation)","Relic Stats","StSLib"],"gold_per_floor":[109,109,109,184,134,160,160,195,195,208,240,240,260,260,260,260,260],"floor_reached":16,"language":"ENG","playtime":336,"items_purged":[],"score":174,"play_id":"3605d79b-ffd6-453d-9a0f-8317521a4223","local_time":"20210203231900","is_ascension_mode":true,"campfire_choices":[{"data":"Zap","floor":7,"key":"SMITH"},{"data":"Ball Lightning","floor":12,"key":"SMITH"},{"data":"Creative AI","floor":15,"key":"SMITH"}],"circlet_count":0,"master_deck":["Strike_B","Strike_B","Strike_B","Defend_B","Defend_B","Defend_B","Defend_B","Zap+1","Dualcast","Conserve Battery","Coolheaded","Ball Lightning","Glacier","Ball Lightning+1","Creative AI+1"],"relics":["Cracked Core","NeowsBlessing","Dream Catcher","Question Card","Sundial","Cables","DataDisk","Golden Idol"],"acts_visited":["Exordium"],"potions_floor_usage":[],"damage_taken":[{"damage":0,"enemies":"Small Slimes","floor":1,"turns":1},{"damage":0,"enemies":"3 Sentries","floor":6,"turns":1},{"damage":0,"enemies":"Lagavulin","floor":8,"turns":1},{"damage":0,"enemies":"2 Louse","floor":10,"turns":1},{"damage":8,"enemies":"3 Sentries","floor":11,"turns":7},{"damage":6,"enemies":"Jaw Worm","floor":13,"turns":2},{"damage":29,"enemies":"Hexaghost","floor":16,"turns":4}],"seed_played":"8373442901375994627","potions_obtained":[{"floor":1,"key":"Weak Potion"},{"floor":10,"key":"GamblersBrew"},{"floor":13,"key":"DistilledChaos"}],"is_trial":false,"path_per_floor":["M","?","$","?","?","E","R","E","T","M","E","R","M","?","R","B"],"character_chosen":"DEFECT","items_purchased":[],"campfire_rested":0,"item_purchase_floors":[],"current_hp_per_floor":[75,72,72,61,61,61,61,61,61,61,53,53,47,29,29,0,0],"gold":260,"neow_bonus":"THREE_ENEMY_KILL","is_daily":false,"chose_seed":false,"campfire_upgraded":3,"win_rate":0.0,"timestamp":1612423140,"path_taken":["M","?","$","?","?","E","R","E","T","M","E","R","M","?","R","BOSS"],"items_purchased_type":[],"build_version":"2020-12-18","purchased_purges":0,"victory":false,"max_hp_per_floor":[75,75,75,75,75,75,75,75,75,75,75,75,75,75,75,75,75],"relic_stats":{"Dream Catcher":0,"counters":[7,17],"Sundial":[2],"Golden Idol":0,"Question Card":4,"obtain_stats":[{"Dream Catcher":2,"DataDisk":11,"NeowsBlessing":0,"Sundial":8,"Golden Idol":14,"Cracked Core":0,"Question Card":6,"Cables":9},{"Dream Catcher":1,"DataDisk":5,"NeowsBlessing":0,"Sundial":3,"Golden Idol":6,"Cracked Core":0,"Question Card":2,"Cables":3},{"Dream Catcher":1,"DataDisk":11,"NeowsBlessing":0,"Sundial":3,"Golden Idol":13,"Cracked Core":0,"Question Card":2,"Cables":3}],"Cables":[14,11,3,0,0]},"card_choices":[{"not_picked":["Leap","Beam Cell"],"picked":"Conserve Battery","floor":1},{"not_picked":["Scrape","Lockon"],"picked":"Coolheaded","floor":6},{"not_picked":["Stack","Lockon","Aggregate"],"picked":"Ball Lightning","floor":8},{"not_picked":["Cold Snap","Conserve Battery","Auto Shields"],"picked":"Glacier","floor":10},{"not_picked":["Sweeping Beam","Hello World","Darkness"],"picked":"Ball Lightning","floor":11},{"not_picked":["Compile Driver","Lockon","Gash"],"picked":"Creative AI","floor":13}],"player_experience":420035,"relics_obtained":[{"floor":6,"key":"Question Card"},{"floor":8,"key":"Sundial"},{"floor":9,"key":"Cables"},{"floor":11,"key":"DataDisk"}],"event_choices":[{"damage_healed":0,"gold_gain":0,"player_choice":"Success","damage_taken":3,"relics_obtained":["Dream Catcher"],"max_hp_gain":0,"max_hp_loss":0,"event_name":"Scrap Ooze","floor":2,"gold_loss":0},{"damage_healed":0,"gold_gain":75,"player_choice":"Gather Gold","damage_taken":11,"max_hp_gain":0,"max_hp_loss":0,"event_name":"World of Goop","floor":4,"gold_loss":0},{"cards_removed":["Strike_B"],"damage_healed":0,"gold_gain":0,"player_choice":"Card Removal","damage_taken":0,"max_hp_gain":0,"max_hp_loss":0,"event_name":"The Cleric","floor":5,"gold_loss":50},{"damage_healed":0,"gold_gain":0,"player_choice":"Take Damage","damage_taken":18,"relics_obtained":["Golden Idol"],"max_hp_gain":0,"max_hp_loss":0,"event_name":"Golden Idol","floor":14,"gold_loss":0}],"is_beta":true,"boss_relics":[],"items_purged_floors":[],"is_endless":false,"potions_floor_spawned":[1,10,13],"killed_by":"Hexaghost","ascension_level":1}}