{"host":"3xls0xm49ftugio7","time":1612458184,"event":{"mods":["2.2 Compatiblity","AchievementEnabler","Act Like it!","BaseMod","Colored Powertips","GifTheSpireLib","Halation","Minty Spire (QoL Compilation)","StSLib","slay the spire mod where everything is the same but ironclad has a cowboy hat"],"gold_per_floor":[113,113,125,125,125,125,125,185,185,185,23,34,62,80,80,152,152,171,187,112,112,130,130,50,50,74,74,74],"floor_reached":27,"language":"ENG","playtime":736,"items_purged":[],"score":438,"play_id":"38916f6c-1488-4594-a18d-d90ef2dc3db0","local_time":"20210204190304","is_ascension_mode":true,"campfire_choices":[{"data":"Pommel Strike","floor":6.0,"key":"SMITH"},{"floor":10.0,"key":"REST"},{"floor":15.0,"key":"REST"},{"floor":23.0,"key":"REST"},{"data":"Searing Blow","floor":25.0,"key":"SMITH"}],"circlet_count":0,"master_deck":["AscendersBane","Strike_R","Strike_R+1","Strike_R","Strike_R","Defend_R","Defend_R","Defend_R","Defend_R+1","Bash+1","Parasite","Pommel Strike+1","Flame Barrier","Dropkick","Feed+1","Uppercut","Immolate+1","Wild Strike","Exhume","Rage","Battle Trance","Searing Blow+1"],"relics":["Burning Blood","Magic Flower","halation:PurpleSoulGem","halation:EternalFortune","Lizard Tail","Regal Pillow","Anchor","halation:HeavySnake","Oddly Smooth Stone"],"acts_visited":["Exordium","TheCity"],"potions_floor_usage":[],"damage_taken":[{"damage":11.0,"enemies":"Small Slimes","floor":1.0,"turns":4.0},{"damage":9.0,"enemies":"Jaw Worm","floor":3.0,"turns":3.0},{"damage":0.0,"enemies":"Lagavulin","floor":7.0,"turns":1.0},{"damage":59.0,"enemies":"Gremlin Nob","floor":8.0,"turns":5.0},{"damage":8.0,"enemies":"2 Louse","floor":12.0,"turns":3.0},{"damage":50.0,"enemies":"3 Sentries","floor":13.0,"turns":10.0},{"damage":4.0,"enemies":"Exordium Wildlife","floor":14.0,"turns":4.0},{"damage":30.0,"enemies":"Slime Boss","floor":16.0,"turns":9.0},{"damage":59.0,"enemies":"Spheric Guardian","floor":18.0,"turns":6.0},{"damage":37.0,"enemies":"Chosen","floor":19.0,"turns":7.0},{"damage":92.0,"enemies":"3 Cultists","floor":22.0,"turns":7.0},{"damage":60,"enemies":"Gremlin Leader","floor":27,"turns":6}],"seed_played":"-6992824685199555954","potions_obtained":[{"floor":1.0,"key":"Ancient Potion"},{"floor":3.0,"key":"SmokeBomb"},{"floor":13.0,"key":"Dexterity Potion"},{"floor":16.0,"key":"Strength Potion"},{"floor":18.0,"key":"Regen Potion"},{"floor":22.0,"key":"SteroidPotion"}],"is_trial":false,"path_per_floor":["M","?","M","?","?","R","E","?","T","R","$","M","E","M","R","B",null,"M","M","?","?","M","R","$","R","T","E"],"character_chosen":"IRONCLAD","items_purchased":["Feed","Searing Blow"],"campfire_rested":3,"item_purchase_floors":[11,24],"current_hp_per_floor":[66,66,66,69,69,69,78,28,28,66,66,72,36,46,87,71,85,35,24,24,24,15,57,57,57,57,0,0],"gold":74,"neow_bonus":"ONE_RARE_RELIC","is_daily":false,"chose_seed":false,"campfire_upgraded":2,"win_rate":0.0,"timestamp":1612458184,"path_taken":["M","?","M","?","?","R","E","?","T","R","$","M","E","M","R","BOSS","M","M","?","?","M","R","$","R","T","E"],"items_purchased_type":["Card","Card"],"build_version":"2020-12-22","purchased_purges":0,"victory":false,"max_hp_per_floor":[75,75,75,78,78,78,78,78,78,78,78,81,84,87,87,90,90,90,93,93,93,93,93,93,93,93,93,93],"card_choices":[{"not_picked":["True Grit","Rampage"],"picked":"Pommel Strike","floor":1.0},{"not_picked":["Cleave","Flex"],"picked":"Flame Barrier","floor":3.0},{"not_picked":["Headbutt","Armaments"],"picked":"Dropkick","floor":8.0},{"not_picked":["Clothesline","Carnage"],"picked":"Uppercut","floor":12.0},{"not_picked":["Armaments","Dual Wield"],"picked":"Immolate","floor":13.0},{"not_picked":["Body Slam","Clothesline"],"picked":"Wild Strike","floor":14.0},{"not_picked":["Corruption","Berserk"],"picked":"Exhume","floor":16.0},{"not_picked":["Anger","Sword Boomerang","Combust"],"picked":"SKIP","floor":18.0},{"not_picked":["Body Slam","Cleave"],"picked":"Rage","floor":19.0},{"not_picked":["Flex","Second Wind"],"picked":"Battle Trance","floor":22.0}],"player_experience":738480,"relics_obtained":[{"floor":8.0,"key":"Lizard Tail"},{"floor":9.0,"key":"Regal Pillow"},{"floor":13.0,"key":"Anchor"},{"floor":19.0,"key":"halation:EternalFortune"},{"floor":26.0,"key":"Oddly Smooth Stone"}],"event_choices":[{"damage_healed":0.0,"max_hp_gain":0.0,"max_hp_loss":0.0,"gold_gain":0.0,"event_name":"Living Wall","player_choice":"Grow","floor":5.0,"gold_loss":0.0,"damage_taken":0.0,"cards_upgraded":["Bash"]},{"damage_healed":0.0,"max_hp_gain":0.0,"max_hp_loss":0.0,"gold_gain":30.0,"event_name":"Dead Adventurer","player_choice":"Searched \u00272\u0027 times","floor":8.0,"gold_loss":0.0,"damage_taken":0.0},{"cards_removed":["Strike_R"],"damage_healed":0.0,"max_hp_gain":0.0,"max_hp_loss":0.0,"gold_gain":0.0,"event_name":"Beggar","player_choice":"Gave Gold","floor":20.0,"gold_loss":75.0,"damage_taken":0.0},{"damage_healed":0.0,"max_hp_gain":0.0,"max_hp_loss":0.0,"gold_gain":0.0,"event_name":"Accursed Blacksmith","player_choice":"Forge","floor":21.0,"gold_loss":0.0,"damage_taken":0.0,"cards_upgraded":["Feed"]}],"is_beta":false,"boss_relics":[{"not_picked":["SacredBark","halation:SmartPhone"],"picked":"halation:HeavySnake"}],"items_purged_floors":[],"is_endless":false,"potions_floor_spawned":[1,3,13,16,18,22],"killed_by":"Gremlin Leader","ascension_level":20}}