{"host":"a71rwr83kjmtknvr","time":1612472826,"event":{"mods":["A Penny For Your Troubles","AchievementEnabler","Act Like it!","Aspiration","BaseMod","Better Altar","Better Match","Better Sensory Stone","Better Skull","Better Third Choice","BetterRewards","Bossed Relics","Colored Map","Colored Powertips","Displayed Cursed Tome","Gensokyo","Halation","Hubris","Infinite Spire","Jedi Mod","Marisa????????","Minty Spire (QoL Compilation)","Permanent Neow","Poor People Problems","RNG Fix","Reliquary","Remilia??????","Replay The Spire","StSLib","SuperFastMode","The Blue Laboratory","The Servant 0.9.4","Uncapped","Unceasing Turn Reminder","Weighted Paths"],"gold_per_floor":[113,113,128,128,138,172,172,184,184,149,149,182,196,224,224,324,324,338,338,253,270,288,288,288,288],"floor_reached":24,"language":"ENG","playtime":878,"items_purged":[],"score":332,"play_id":"263b749e-2670-4db2-9633-ab67a19a6386","local_time":"20210205000706","is_ascension_mode":true,"campfire_choices":[{"data":"Body Slam","floor":7,"key":"SMITH"},{"data":"Disarm","floor":11,"key":"SMITH"},{"data":"Armaments","floor":15,"key":"SMITH"},{"data":"Metallicize","floor":23,"key":"SMITH"}],"circlet_count":0,"master_deck":["Strike_R","Strike_R","Strike_R","Strike_R","Strike_R","Defend_R","Defend_R","Defend_R","Defend_R","Bash","Battle Trance","Body Slam+1","Warcry","Disarm+1","Cleave","Offering","Armaments+1","Metallicize+1","Pride","Metallicize+1"],"relics":["Burning Blood","reliquary:HotPoker","Bottled Flame","halation:BottledLove","Pantograph","reliquary:TridentHead","reliquary:RedCape","GreatHeart","reliquary:TuningFork"],"acts_visited":["Exordium","TheCity"],"potions_floor_usage":[21,24],"damage_taken":[{"damage":10,"enemies":"Jaw Worm","floor":1,"turns":4},{"damage":0,"enemies":"Small Slimes","floor":3,"turns":4},{"damage":1,"enemies":"Cultist","floor":5,"turns":3},{"damage":42,"enemies":"Gremlin Nob","floor":6,"turns":5},{"damage":10,"enemies":"Looter","floor":8,"turns":4},{"damage":38,"enemies":"3 Sentries","floor":12,"turns":9},{"damage":13,"enemies":"3 Louse","floor":13,"turns":3},{"damage":10,"enemies":"Lagavulin","floor":14,"turns":5},{"damage":26,"enemies":"Hexaghost","floor":16,"turns":13},{"damage":8,"enemies":"2 Thieves","floor":18,"turns":3},{"damage":17,"enemies":"3 Byrds","floor":21,"turns":5},{"damage":37,"enemies":"Cultist and Chosen","floor":22,"turns":11},{"damage":53,"enemies":"Slavers","floor":24,"turns":3}],"seed_played":"1791511235839615092","potions_obtained":[{"floor":5,"key":"BloodPotion"},{"floor":6,"key":"blueLaboratory:PhilterOfMotion"},{"floor":12,"key":"blueLaboratory:Moonshine"},{"floor":14,"key":"Explosive Potion"},{"floor":21,"key":"blueLaboratory:NullPotion"}],"is_trial":false,"path_per_floor":["M","$","M","$","M","E","R","M","T","?","R","E","M","E","R","B",null,"M","?","?","M","M","R","E"],"character_chosen":"IRONCLAD","items_purchased":["Battle Trance","reliquary:HotPoker","Body Slam"],"campfire_rested":0,"item_purchase_floors":[0,0,0],"current_hp_per_floor":[76,76,80,80,80,44,44,40,40,60,60,28,21,17,17,22,80,78,78,78,67,36,36,0,0],"gold":288,"neow_bonus":"","is_daily":false,"chose_seed":false,"campfire_upgraded":4,"win_rate":0.0,"timestamp":1612472826,"path_taken":["M","?","M","$","?","E","R","?","T","?","R","E","M","E","R","BOSS","M","?","?","?","M","R","E"],"items_purchased_type":["Card","Relic","Card"],"build_version":"2020-12-22","purchased_purges":0,"victory":false,"max_hp_per_floor":[80,80,80,80,80,80,80,80,80,80,80,80,80,80,80,80,80,80,80,80,80,80,80,80,80],"card_choices":[{"not_picked":["Wild Strike","True Grit"],"picked":"Warcry","floor":1},{"not_picked":["Flame Barrier","hubris:ReadiedAction","Thunderclap"],"picked":"SKIP","floor":3},{"not_picked":["hubris:SharpeningStone","Flex"],"picked":"Disarm","floor":5},{"not_picked":["ReplayTheSpireMod:Stacked","Replay:Undeath\u0027s Touch"],"picked":"Cleave","floor":6},{"not_picked":["jedi:hate","Evolve","Heavy Blade"],"picked":"SKIP","floor":8},{"not_picked":["Armaments","jedi:suffering"],"picked":"Offering","floor":12},{"not_picked":["Sword Boomerang","Run Through"],"picked":"Armaments","floor":13},{"not_picked":["Rage","Abandon","Replay:Undeath\u0027s Touch"],"picked":"SKIP","floor":14},{"not_picked":["Dropkick","Armaments"],"picked":"Metallicize+1","floor":18},{"not_picked":["Shockwave","Twin Strike"],"picked":"Metallicize","floor":21},{"not_picked":["Wild Strike","Twin Strike","Heavy Blade"],"picked":"SKIP","floor":22}],"player_experience":776639,"relics_obtained":[{"floor":6,"key":"Bottled Flame"},{"floor":9,"key":"halation:BottledLove"},{"floor":12,"key":"Pantograph"},{"floor":14,"key":"reliquary:TridentHead"}],"event_choices":[{"damage_healed":20,"gold_gain":0,"player_choice":"Healed","damage_taken":0,"max_hp_gain":0,"max_hp_loss":0,"event_name":"The Cleric","floor":10,"gold_loss":35},{"damage_healed":0,"gold_gain":0,"player_choice":"Obtained Relic","damage_taken":0,"relics_obtained":["reliquary:TuningFork"],"max_hp_gain":0,"max_hp_loss":0,"event_name":"Addict","floor":20,"gold_loss":85}],"is_beta":false,"boss_relics":[{"not_picked":["halation:MonkeysPaw","Replay:Drink Me"],"picked":"reliquary:RedCape"}],"items_purged_floors":[],"is_endless":false,"potions_floor_spawned":[5,6,12,14,16,21,22],"killed_by":"Slavers","ascension_level":1}}