{"host":"e8062yfkmywf26f0","time":1612454226,"event":{"mods":["AchievementEnabler","BaseMod","Colored Map","Minty Spire (QoL Compilation)","Quick Restart","Shop Mod","StSLib"],"gold_per_floor":[112,112,112,133,133,166,189,189,189,189,213,213,32,70,70,70,70],"floor_reached":16,"language":"ENG","playtime":684,"items_purged":[],"score":108,"play_id":"c18a9666-6e25-44ac-b38d-77ab39a07e2d","local_time":"20210204155706","is_ascension_mode":false,"campfire_choices":[{"floor":8,"key":"REST"},{"data":"Uppercut","floor":10,"key":"SMITH"},{"data":"Pommel Strike","floor":12,"key":"SMITH"},{"data":"Pommel Strike","floor":15,"key":"SMITH"}],"circlet_count":0,"master_deck":["Strike_R","Strike_R","Strike_R+1","Strike_R","Strike_R","Defend_R+1","Defend_R","Defend_R","Defend_R","Bash","Pommel Strike+1","Injury","Pommel Strike+1","Uppercut+1","Cleave","Spot Weakness","Ghostly Armor"],"relics":["Burning Blood","Golden Idol","Regal Pillow","Darkstone Periapt","Membership Card","PreservedInsect"],"acts_visited":["Exordium"],"potions_floor_usage":[],"damage_taken":[{"damage":0,"enemies":"Small Slimes","floor":1,"turns":3},{"damage":0,"enemies":"2 Louse","floor":4,"turns":3},{"damage":46,"enemies":"3 Sentries","floor":6,"turns":9},{"damage":0,"enemies":"Jaw Worm","floor":7,"turns":4},{"damage":8,"enemies":"2 Fungi Beasts","floor":11,"turns":4},{"damage":14,"enemies":"Gremlin Nob","floor":14,"turns":4},{"damage":73,"enemies":"Hexaghost","floor":16,"turns":9}],"seed_played":"3205521427139295122","potions_obtained":[{"floor":7,"key":"Block Potion"},{"floor":11,"key":"Regen Potion"},{"floor":14,"key":"SneckoOil"}],"is_trial":false,"path_per_floor":["M","?","?","M","?","E","M","R","T","R","M","R","$","E","R","B"],"character_chosen":"IRONCLAD","items_purchased":["Spot Weakness","Membership Card"],"campfire_rested":1,"item_purchase_floors":[13,13],"current_hp_per_floor":[88,70,70,76,76,36,42,83,83,83,81,81,81,73,73,0,0],"gold":70,"neow_bonus":"TEN_PERCENT_HP_BONUS","is_daily":false,"chose_seed":false,"campfire_upgraded":3,"win_rate":0.0,"timestamp":1612454226,"path_taken":["M","?","?","M","?","E","M","R","T","R","M","R","?","E","R","BOSS"],"items_purchased_type":["Card","Relic"],"build_version":"2020-12-22","purchased_purges":0,"victory":false,"max_hp_per_floor":[88,88,88,88,88,88,88,88,88,88,88,88,88,88,88,88,88],"card_choices":[{"not_picked":["Heavy Blade","Shrug It Off"],"picked":"Pommel Strike","floor":1},{"not_picked":["True Grit","Sentinel"],"picked":"Pommel Strike","floor":4},{"not_picked":["Havoc","Clothesline"],"picked":"Uppercut","floor":6},{"not_picked":["Pommel Strike","Heavy Blade","Exhume"],"picked":"SKIP","floor":7},{"not_picked":["Clash","Rupture"],"picked":"Cleave","floor":11},{"not_picked":["Hemokinesis","Pommel Strike"],"picked":"Ghostly Armor","floor":14}],"player_experience":50402,"relics_obtained":[{"floor":6,"key":"Regal Pillow"},{"floor":9,"key":"Darkstone Periapt"},{"floor":14,"key":"PreservedInsect"}],"event_choices":[{"damage_healed":0,"gold_gain":0,"player_choice":"Entered Light","damage_taken":18,"max_hp_gain":0,"max_hp_loss":0,"event_name":"Shining Light","floor":2,"gold_loss":0,"cards_upgraded":["Strike_R","Defend_R"]},{"damage_healed":0,"gold_gain":0,"player_choice":"Take Wound","damage_taken":0,"relics_obtained":["Golden Idol"],"max_hp_gain":0,"max_hp_loss":0,"event_name":"Golden Idol","floor":3,"gold_loss":0,"cards_obtained":["Injury"]},{"damage_healed":0,"gold_gain":0,"player_choice":"Ignored","damage_taken":0,"max_hp_gain":0,"max_hp_loss":0,"event_name":"Liars Game","floor":5,"gold_loss":0}],"is_beta":false,"boss_relics":[],"items_purged_floors":[],"is_endless":false,"potions_floor_spawned":[7,11,14],"killed_by":"Hexaghost","ascension_level":0}}