{"host":"bf5upntvbdompq33","time":1612416448,"event":{"mods":["BaseMod","Colored Map","Colored Powertips","Curses Come First","Minty Spire (QoL Compilation)","Replay The Spire","StSLib","The Animator","The Disciple","The Dragon Tamer","The Hierophant","The Marked","The Mystic","The Necromancer","The Servant 0.9.4"],"gold_per_floor":[119,130,157,121,121,121,121],"floor_reached":6,"language":"ENG","playtime":692,"items_purged":[],"score":36,"play_id":"b6fa9275-9840-4b12-8001-ff66e1e03ad8","local_time":"20210203222728","is_ascension_mode":false,"campfire_choices":[],"circlet_count":0,"master_deck":["animator:Strike_Konosuba","animator:Defend_Konosuba","animator:Strike","animator:Strike","animator:Strike","animator:Defend","animator:Defend","animator:Defend+1","animator:Kazuma","animator:Aqua+1","animator:Laby","animator:Ciel","animator:Bozes","animator:GazelDwargon"],"relics":["animator:LivingPicture","animator:TheMissingPiece","animator:PurgingStone","NeowsBlessing"],"acts_visited":["Exordium"],"potions_floor_usage":[],"damage_taken":[{"damage":0,"enemies":"Small Slimes","floor":1,"turns":1},{"damage":0,"enemies":"Jaw Worm","floor":2,"turns":1},{"damage":0,"enemies":"2 Louse","floor":3,"turns":2},{"damage":62,"enemies":"Gremlin Nob","floor":6,"turns":6}],"seed_played":"-1872738033829279263","potions_obtained":[{"floor":2,"key":"Venom Potion"}],"is_trial":false,"path_per_floor":["M","M","M","$","?","E"],"character_chosen":"THE_ANIMATOR","items_purchased":["animator:GazelDwargon"],"campfire_rested":0,"item_purchase_floors":[4],"current_hp_per_floor":[66,66,66,66,53,0,0],"gold":121,"neow_bonus":"THREE_ENEMY_KILL","is_daily":false,"chose_seed":false,"campfire_upgraded":0,"win_rate":0.0,"timestamp":1612416448,"path_taken":["M","M","M","$","?","E"],"items_purchased_type":["Card"],"build_version":"2020-12-22","purchased_purges":0,"victory":false,"max_hp_per_floor":[66,66,66,66,66,66,66],"card_choices":[{"not_picked":["animator:Viivi","animator:Emonzaemon"],"picked":"animator:Laby","floor":1},{"not_picked":["animator:Tyuule","animator:Gillette"],"picked":"animator:Ciel","floor":2},{"not_picked":["animator:Hakurou","animator:MaesHughes"],"picked":"animator:Bozes","floor":3}],"player_experience":1391921,"relics_obtained":[],"event_choices":[{"damage_healed":0,"gold_gain":0,"player_choice":"Entered Light","damage_taken":13,"max_hp_gain":0,"max_hp_loss":0,"event_name":"Shining Light","floor":5,"gold_loss":0,"cards_upgraded":["animator:Aqua","animator:Defend"]}],"is_beta":false,"boss_relics":[],"items_purged_floors":[],"is_endless":false,"potions_floor_spawned":[2],"killed_by":"Gremlin Nob","ascension_level":0}}