{"host":"hpdezpg731xgox4e","time":1612408140,"event":{"mods":["2.2 Compatiblity","Aspiration","BaseMod","Downfall","GifTheSpireLib","Minty Spire (QoL Compilation)","Shop Mod","StSLib","The Bug Knight"],"gold_per_floor":[99,117,131,188,199,231,255,267,267,267,267,267,9,109,120,221,221,221,240,325,335,33,33,59,88,116,153,165,190,202,17,31,126,126,126,146,146,158,158,189,215,230,230,39,39,67,84,94,110,110],"floor_reached":51,"language":"ENG","playtime":7282,"items_purged":["Guardian:Defend_Guardian","Pain"],"score":947,"play_id":"8b03993f-ad83-4d19-ab04-34f5f0a4b050","local_time":"20210203220900","is_ascension_mode":false,"campfire_choices":[{"data":"Guardian:CurlUp","floor":1,"key":"SMITH"},{"data":"Guardian:PrismaticBarrier","floor":9,"key":"SMITH"},{"data":"Guardian:PrimingBeam","floor":11,"key":"SMITH"},{"data":"Guardian:ConstructionForm","floor":18,"key":"SMITH"},{"data":"Guardian:SpikerProtocol","floor":28,"key":"SMITH"},{"floor":30,"key":"REST"},{"data":"Guardian:SpikerProtocol","floor":35,"key":"SMITH"},{"data":"Guardian:SpikerProtocol","floor":43,"key":"SMITH"},{"data":"Guardian:EvasiveProtocol","floor":45,"key":"SMITH"}],"circlet_count":0,"master_deck":["Guardian:CurlUp+1","Guardian:TwinSlam","Guardian:PrimingBeam+1","Guardian:ArmoredProtocol","Guardian:ConstructionForm+1","Guardian:PrismaticBarrier+1","Guardian:ConstructionForm+1","Guardian:SpikerProtocol+1","Guardian:SpikerProtocol+1","Guardian:PrimingBeam","Guardian:ShieldCharger+1","Guardian:ExploitGems","Guardian:ExploitGems","Guardian:SpikerProtocol+1","Guardian:RollAttack","expansioncontent:StudyTheSpire+1","Guardian:Recover+1","Guardian:RevengeProtocol","Guardian:PiercingHide","Guardian:EvasiveProtocol+1","Guardian:BodySlam","Guardian:WalkerClaw+1","Guardian:ShieldCharger","Guardian:CrystalBeam"],"relics":["Guardian:ModeShifter","Centennial Puzzle","PreservedInsect","Anchor","DollysMirror","Runic Pyramid","War Paint","MawBank","Orichalcum","aspiration:PoetsPen_weak","Guardian:StasisEgg","Bird Faced Urn","aspiration:ChemicalBlood","Dream Catcher"],"acts_visited":["Exordium","TheCity","TheBeyond"],"potions_floor_usage":[4,6,14,14,16,23,42,44,46,48,48,50],"damage_taken":[{"damage":2,"enemies":"Small Slimes","floor":2,"turns":3},{"damage":0,"enemies":"2 Louse","floor":3,"turns":4},{"damage":31,"enemies":"Lagavulin Event","floor":4,"turns":8},{"damage":3,"enemies":"Jaw Worm","floor":5,"turns":5},{"damage":1,"enemies":"Gremlin Nob","floor":6,"turns":5},{"damage":4,"enemies":"Gremlin Gang","floor":8,"turns":6},{"damage":0,"enemies":"downfall:FleeingMerchant","floor":13,"turns":4},{"damage":15,"enemies":"downfall:Heads","floor":14,"turns":8},{"damage":2,"enemies":"2 Fungi Beasts","floor":15,"turns":4},{"damage":0,"enemies":"DF_ARCHETYPE_STREAMLINE","floor":16,"turns":10},{"damage":2,"enemies":"Shell Parasite","floor":19,"turns":6},{"damage":2,"enemies":"Centurion and Healer","floor":21,"turns":8},{"damage":0,"enemies":"downfall:FleeingMerchant","floor":22,"turns":4},{"damage":4,"enemies":"downfall:FleeingMerchant","floor":23,"turns":9},{"damage":5,"enemies":"Book of Stabbing","floor":25,"turns":5},{"damage":11,"enemies":"Snake Plant","floor":26,"turns":4},{"damage":0,"enemies":"Gremlin Leader","floor":27,"turns":8},{"damage":9,"enemies":"Sentry and Sphere","floor":29,"turns":6},{"damage":0,"enemies":"downfall:FleeingMerchant","floor":31,"turns":4},{"damage":0,"enemies":"Cultist and Chosen","floor":32,"turns":8},{"damage":0,"enemies":"SI_MIRROR_ARCHETYPE","floor":33,"turns":12},{"damage":0,"enemies":"3 Darklings","floor":36,"turns":6},{"damage":0,"enemies":"Orb Walker","floor":38,"turns":6},{"damage":10,"enemies":"HollowMod:StalkingDevout","floor":40,"turns":5},{"damage":24,"enemies":"3 Darklings","floor":42,"turns":4},{"damage":14,"enemies":"downfall:FleeingMerchant","floor":44,"turns":4},{"damage":31,"enemies":"Reptomancer","floor":46,"turns":8},{"damage":0,"enemies":"4 Shapes","floor":47,"turns":5},{"damage":18,"enemies":"Jaw Worm Horde","floor":48,"turns":4},{"damage":0,"enemies":"Sphere and 2 Shapes","floor":49,"turns":6},{"damage":0,"enemies":"WA_ARCHETYPE_DIVINITY","floor":50,"turns":13}],"seed_played":"-6544257123143739587","potions_obtained":[{"floor":3,"key":"SteroidPotion"},{"floor":4,"key":"Guardian:AcceleratePotion"},{"floor":5,"key":"hexamod:SoulburnPotion"},{"floor":8,"key":"Guardian:BlockOnCardUsePotion"},{"floor":15,"key":"Dexterity Potion"},{"floor":16,"key":"GamblersBrew"},{"floor":25,"key":"FairyPotion"},{"floor":27,"key":"Slimebound:ThreeZeroPotion"},{"floor":29,"key":"Guardian:BlockOnCardUsePotion"},{"floor":33,"key":"FearPotion"},{"floor":38,"key":"Guardian:DefensiveModePotion"},{"floor":46,"key":"ColorlessPotion"},{"floor":47,"key":"EssenceOfSteel"},{"floor":48,"key":"Guardian:StasisDiscoveryPotion"}],"is_trial":false,"path_per_floor":["R","M","M","?","M","E","T","M","R","?","R","?","$","?","M","B",null,"R","M","?","M","$","?","T","E","M","E","R","M","R","$","M","B",null,"R","M","?","M","?","E","T","M","R","$","R","E","M","M","M","B",null],"character_chosen":"GUARDIAN","items_purchased":["Guardian:SpikerProtocol","DollysMirror","Guardian:PrimingBeam","Guardian:SpikerProtocol","expansioncontent:Hexaburn","Guardian:RollAttack","expansioncontent:StudyTheSpire+1","Guardian:EvasiveProtocol"],"campfire_rested":1,"item_purchase_floors":[13,13,13,22,22,22,31,44],"current_hp_per_floor":[88,86,86,55,52,51,51,47,47,47,47,47,47,32,30,30,88,88,86,70,68,68,64,64,59,48,48,48,39,65,65,65,65,88,88,88,88,88,88,78,78,64,64,56,56,43,57,47,65,85],"gold":110,"neow_bonus":"TEN_PERCENT_HP_BONUS","is_daily":false,"chose_seed":false,"campfire_upgraded":8,"win_rate":0.0,"timestamp":1612408140,"path_taken":["R","M","M","?","M","E","T","M","R","?","R","?","$","?","M","BOSS","R","M","?","M","$","?","T","E","M","E","R","M","R","$","M","BOSS","R","M","?","M","?","E","T","M","R","$","R","E","?","M","M","BOSS"],"items_purchased_type":["Card","Relic","Card","Card","Card","Card","Card","Card"],"build_version":"2020-12-22","purchased_purges":2,"victory":true,"max_hp_per_floor":[88,88,88,88,88,88,88,88,88,88,88,88,88,88,88,88,88,88,88,88,88,88,88,88,88,88,88,88,88,88,88,88,88,88,88,88,88,88,88,88,88,88,88,88,88,88,88,88,88,88],"card_choices":[{"not_picked":["Guardian:Gem_White","Guardian:VentSteam"],"picked":"Guardian:Gem_Cyan","floor":2},{"not_picked":["Guardian:Repulse","Guardian:Suspension"],"picked":"Guardian:PrimingBeam","floor":3},{"not_picked":["Guardian:Gem_Cyan","Guardian:Preprogram"],"picked":"Guardian:ArmoredProtocol","floor":4},{"not_picked":["Guardian:SentryBeam","Guardian:Recover"],"picked":"Guardian:ConstructionForm","floor":5},{"not_picked":["Guardian:Repulse","Guardian:Gem_Lightblue"],"picked":"Guardian:PrismaticBarrier","floor":6},{"not_picked":["Guardian:TimeBomb","Guardian:WalkerClaw"],"picked":"Guardian:Gem_Cyan","floor":8},{"not_picked":["Guardian:ShieldSpikes","Guardian:Gem_Crimson"],"picked":"Guardian:ConstructionForm","floor":13},{"not_picked":["Guardian:PolyBeam","Guardian:VentSteam"],"picked":"Guardian:ExploitGems","floor":14},{"not_picked":["Guardian:Planning","Guardian:PolyBeam"],"picked":"Guardian:Gem_Red","floor":15},{"not_picked":["Guardian:StasisStrike","Guardian:StasisField"],"picked":"Guardian:ExploitGems","floor":16},{"not_picked":["Guardian:Incinerate","Guardian:PrimingBeam","Guardian:BodySlam"],"picked":"SKIP","floor":19},{"not_picked":["Guardian:Planning","Guardian:Gem_Crimson"],"picked":"Guardian:Gem_Cyan","floor":21},{"not_picked":["Guardian:MultiBeam+1","Guardian:ShieldCharger"],"picked":"Guardian:Gem_White","floor":22},{"not_picked":["Guardian:Suspension+1","Guardian:VentSteam"],"picked":"Guardian:Gem_Red","floor":25},{"not_picked":["Guardian:TemporalStrike","Guardian:PrimingBeam","Guardian:FloatingOrbs"],"picked":"SKIP","floor":26},{"not_picked":["Guardian:FastForward","Guardian:DecasProtection","Guardian:Planning"],"picked":"SKIP","floor":27},{"not_picked":["Guardian:Planning","Guardian:Incinerate+1"],"picked":"Guardian:Gem_Crimson","floor":29},{"not_picked":["Guardian:Suspension","Guardian:ChargeCore"],"picked":"Guardian:Gem_Blue","floor":31},{"not_picked":["Guardian:Gem_Cyan","Guardian:RollAttack"],"picked":"Guardian:Recover+1","floor":32},{"not_picked":["Guardian:ExploitGems","Guardian:SphericShield"],"picked":"Guardian:RevengeProtocol","floor":33},{"not_picked":["Guardian:VentSteam+1","Guardian:PrismaticBarrier+1"],"picked":"Guardian:PiercingHide","floor":36},{"not_picked":["Guardian:BodySlam","Guardian:Recover"],"picked":"Guardian:Gem_Cyan","floor":38},{"not_picked":["Guardian:HyperBeam_Guardian","Guardian:Gem_White"],"picked":"Guardian:Gem_Crimson","floor":40},{"not_picked":["Guardian:Planning","Guardian:Gem_Lightblue"],"picked":"Guardian:Gem_Crimson","floor":42},{"not_picked":["Guardian:Gem_Yellow","Guardian:Suspension+1","Guardian:TimeCapacitor+1"],"picked":"SKIP","floor":44},{"not_picked":["Guardian:PrimingBeam","Guardian:Gem_Lightblue"],"picked":"Guardian:BodySlam","floor":46},{"not_picked":["Guardian:FastForward","Guardian:RollAttack+1"],"picked":"Guardian:WalkerClaw+1","floor":47},{"not_picked":["Guardian:PrimingBeam","Guardian:Gem_Lightblue"],"picked":"Guardian:ShieldCharger","floor":48},{"not_picked":["Guardian:VentSteam","Guardian:ChargeCore+1"],"picked":"Guardian:CrystalBeam","floor":49}],"player_experience":28061,"relics_obtained":[{"floor":6,"key":"PreservedInsect"},{"floor":7,"key":"Anchor"},{"floor":24,"key":"War Paint"},{"floor":25,"key":"MawBank"},{"floor":27,"key":"Orichalcum"},{"floor":40,"key":"Bird Faced Urn"},{"floor":41,"key":"aspiration:ChemicalBlood"},{"floor":46,"key":"Dream Catcher"}],"event_choices":[{"cards_removed":["Guardian:Strike_Guardian"],"damage_healed":0,"gold_gain":0,"player_choice":"Card Removal","damage_taken":0,"max_hp_gain":0,"max_hp_loss":0,"event_name":"The Cleric","floor":10,"gold_loss":0}],"is_beta":false,"boss_relics":[{"not_picked":["Astrolabe","aspiration:WatcherSkillbook"],"picked":"Runic Pyramid"},{"not_picked":["aspiration:FutureDiary","aspiration:RunicSpoon"],"picked":"aspiration:PoetsPen_weak"}],"items_purged_floors":[22,44],"is_endless":false,"potions_floor_spawned":[3,4,5,8,15,16,25,27,29,32,33,38,42,47,48],"ascension_level":0}}