{"host":"l4am8ae7vj09bp0g","time":1612440651,"event":{"mods":["Act Like it!","BaseMod","Colored Powertips","Conspire","LagranYue(拉格朗・月)","Minty Spire (QoL Compilation)","Quick Restart","Relic Filter","Reliquary","Replay The Spire","Shop Mod","StSLib","SuperFastMode","TestMod"],"gold_per_floor":[112,112,112,126,126,126,154,154,226,255,25,54,72,86,86,185,185,200,200,212,57,68,68,95,95,95,126,143,143,143,143],"floor_reached":30,"language":"ZHS","playtime":1701,"items_purged":["Intimidate"],"score":432,"play_id":"187e86f1-c0bf-473f-a15d-e71b20992962","local_time":"20210204201051","daily_mods":["SealedDeck","Heirloom","DeadlyEvents","Elite Swarm","Uncertain Future"],"is_ascension_mode":true,"campfire_choices":[{"data":"Rampage","floor":6.0,"key":"SMITH"},{"data":"Berserk","floor":8.0,"key":"SMITH"},{"data":"Chrysalis","floor":15.0,"key":"SMITH"},{"data":"Barricade","floor":23,"key":"SMITH"},{"floor":25,"key":"REST"}],"circlet_count":0,"master_deck":["Twin Strike","Shrug It Off","Sword Boomerang","ReplayTheSpireMod:Stacked","Pommel Strike","Shrug It Off","Cleave","True Grit","Shrug It Off","Rampage+1","Berserk+1","Chrysalis+1","Infernal Blade","Flex","Pommel Strike","Barricade+1","Whirlwind","Second Wind","Feed"],"relics":["Burning Blood","testmod-TestBox","LagranYue:RandomDrawCardRelic","Another Sword","Darkstone Periapt","MerchantsRug","BargainBundle","Blood Vial","Ooze Armor","reliquary:Crutches","Singing Bowl","Self Forming Clay","Shuriken"],"acts_visited":["Exordium","TheCity"],"potions_floor_usage":[20,24,24,28,28],"damage_taken":[{"damage":0.0,"enemies":"Cultist","floor":1.0,"turns":2.0},{"damage":0.0,"enemies":"Small Slimes","floor":4.0,"turns":3.0},{"damage":0.0,"enemies":"Lagavulin","floor":7.0,"turns":6.0},{"damage":0.0,"enemies":"3 Sentries","floor":10.0,"turns":5.0},{"damage":3.0,"enemies":"Replay:BlueRogue","floor":12.0,"turns":5.0},{"damage":3.0,"enemies":"2 Louse","floor":13.0,"turns":2.0},{"damage":0.0,"enemies":"Exordium Wildlife","floor":14.0,"turns":2.0},{"damage":0.0,"enemies":"Fading Forest","floor":16.0,"turns":11.0},{"damage":0.0,"enemies":"Spheric Guardian","floor":18.0,"turns":5.0},{"damage":8,"enemies":"Chosen","floor":20,"turns":7},{"damage":6,"enemies":"Snecko","floor":22,"turns":4},{"damage":6,"enemies":"Book of Stabbing","floor":24,"turns":6},{"damage":0,"enemies":"conspire:Head Lice","floor":27,"turns":8},{"damage":16,"enemies":"3 Cultists","floor":28,"turns":6},{"damage":13,"enemies":"conspire:SneckoGhost","floor":30,"turns":5}],"seed_played":"-5824728780818786457","potions_obtained":[{"floor":4.0,"key":"FearPotion"},{"floor":7.0,"key":"Milkshake"},{"floor":12.0,"key":"Fruit Juice"},{"floor":14.0,"key":"Regen Potion"},{"floor":18.0,"key":"Languid Potion"},{"floor":20,"key":"FearPotion"},{"floor":27,"key":"Weak Potion"}],"is_trial":true,"path_per_floor":["M","$","$","M","?","R","E","R","T","E","$","E","M","M","R","B",null,"M","?","M","$","M","R","E","R","T","E","M","?","E"],"character_chosen":"IRONCLAD","items_purchased":["MerchantsRug","BargainBundle","LiquidMemories","Cursed Concoction","Weak Potion","Chrysalis","Infernal Blade","Flex","Pommel Strike","reliquary:Crutches"],"campfire_rested":1,"item_purchase_floors":[11,11,11,11,11,11,11,11,11,21],"current_hp_per_floor":[1,1,1,1,1,1,6,6,6,6,6,6,11,11,11,11,11,11,2,10,10,11,11,11,11,11,16,11,11,0,0],"gold":143,"neow_bonus":"","is_daily":false,"chose_seed":false,"campfire_upgraded":4,"win_rate":0.0,"timestamp":1612440651,"path_taken":["M","?","$","M","?","R","E","R","T","E","?","E","M","M","R","BOSS","M","?","M","$","M","R","E","R","T","E","M","?","?"],"items_purchased_type":["Relic","Relic","Potion","Potion","Potion","Card","Card","Card","Card","Relic"],"build_version":"2020-12-22","purchased_purges":1,"victory":false,"max_hp_per_floor":[1,1,1,1,1,1,6,6,6,6,6,6,11,11,11,11,11,11,11,11,11,11,11,11,11,11,16,21,21,21,21],"card_choices":[{"not_picked":["Anger","Life Link","Havoc"],"picked":"SKIP","floor":1.0},{"not_picked":["Iron Wave","Cleave"],"picked":"Rampage","floor":4.0},{"not_picked":["Limit Break","Hemogenesis"],"picked":"Berserk","floor":7.0},{"not_picked":["Demon Form","Exhume","Berserk"],"picked":"SKIP","floor":10.0},{"not_picked":["Demonic Infusion","Demon Form"],"picked":"Barricade","floor":12.0},{"not_picked":["Clash","Perfected Strike","True Grit"],"picked":"SKIP","floor":13.0},{"not_picked":["Rampage","conspire:HitWhereItHurts","Twin Strike"],"picked":"SKIP","floor":14.0},{"not_picked":["Shrug It Off+1","Armaments+1"],"picked":"Whirlwind","floor":18.0},{"not_picked":["Run Through","Dropkick+1"],"picked":"Second Wind","floor":20},{"not_picked":["Sword Boomerang","Twin Strike","Pommel Strike"],"picked":"SKIP","floor":22},{"not_picked":["Juggernaut","Berserk"],"picked":"Feed","floor":24},{"not_picked":["Bludgeon","Juggernaut","Double Tap"],"picked":"Singing Bowl","floor":27},{"not_picked":["Ghostly Armor","Rage","Spot Weakness"],"picked":"Singing Bowl","floor":28}],"player_experience":60205,"relics_obtained":[{"floor":7.0,"key":"Durian"},{"floor":9.0,"key":"testmod-DragonStarHat"},{"floor":10.0,"key":"Darkstone Periapt"},{"floor":12.0,"key":"Blood Vial"},{"floor":24,"key":"Singing Bowl"},{"floor":26,"key":"Self Forming Clay"},{"floor":27,"key":"Shuriken"}],"event_choices":[{"damage_healed":0.0,"max_hp_gain":0.0,"max_hp_loss":0.0,"gold_gain":0.0,"event_name":"给自己的盒子","player_choice":"Ignored","floor":5.0,"gold_loss":0.0,"damage_taken":0.0},{"damage_healed":0.0,"max_hp_gain":0.0,"max_hp_loss":0.0,"gold_gain":0.0,"event_name":"Cursed Tome","player_choice":"Stopped","floor":19.0,"gold_loss":0.0,"damage_taken":9.0},{"damage_healed":0,"gold_gain":0,"player_choice":"Leave","damage_taken":0,"max_hp_gain":0,"max_hp_loss":0,"event_name":"conspire:Investor","floor":29,"gold_loss":0}],"is_beta":false,"boss_relics":[{"not_picked":["testmod-SaigiyounoYou","Velvet Choker"],"picked":"Ooze Armor"}],"items_purged_floors":[11],"is_endless":true,"potions_floor_spawned":[4,7,12,14,18,20,27],"killed_by":"conspire:SneckoGhost","ascension_level":1}}