{"host":"g2yp6paluzgljz05","time":1612443789,"event":{"mods":["BaseMod","Bestiary","Colored Powertips","DeckTracker","Highlight Path","Minty Spire (QoL Compilation)","Quick Restart"],"gold_per_floor":[18,18,33,43,43,70,86,99,146,0,18,51,51,65,65,65,65],"floor_reached":16,"language":"ENG","playtime":623,"items_purged":[],"score":209,"play_id":"12080b7a-bfa8-41d7-a46d-28ebd88dfcb9","local_time":"20210205000309","is_ascension_mode":true,"campfire_choices":[{"data":"Immolate","floor":13,"key":"SMITH"},{"data":"The Bomb","floor":15,"key":"SMITH"}],"circlet_count":0,"master_deck":["AscendersBane","Strike_R","Strike_R","Strike_R","Defend_R","Defend_R","Defend_R","Defend_R","Bash","The Bomb+1","Immolate+1","Feel No Pain","Metallicize"],"relics":["Burning Blood","Ornamental Fan","Anchor","Orichalcum","Molten Egg 2"],"acts_visited":["Exordium"],"potions_floor_usage":[12,12,12],"damage_taken":[{"damage":6,"enemies":"Cultist","floor":1,"turns":3},{"damage":4,"enemies":"Small Slimes","floor":3,"turns":2},{"damage":0,"enemies":"2 Louse","floor":4,"turns":1},{"damage":22,"enemies":"Lagavulin","floor":6,"turns":5},{"damage":5,"enemies":"Lots of Slimes","floor":7,"turns":2},{"damage":14,"enemies":"2 Fungi Beasts","floor":8,"turns":3},{"damage":6,"enemies":"Blue Slaver","floor":11,"turns":3},{"damage":0,"enemies":"Gremlin Nob","floor":12,"turns":2},{"damage":0,"enemies":"Red Slaver","floor":14,"turns":3},{"damage":72,"enemies":"Hexaghost","floor":16,"turns":11}],"seed_played":"6071911138414740865","potions_obtained":[{"floor":3,"key":"Explosive Potion"},{"floor":7,"key":"Strength Potion"},{"floor":8,"key":"Energy Potion"},{"floor":11,"key":"DuplicationPotion"}],"is_trial":false,"path_per_floor":["M","?","M","M","?","E","M","M","T","$","M","E","R","M","R","B"],"character_chosen":"IRONCLAD","items_purchased":["Orichalcum"],"campfire_rested":0,"item_purchase_floors":[10],"current_hp_per_floor":[72,72,74,80,80,64,65,57,57,57,57,63,63,69,69,0,0],"gold":65,"neow_bonus":"RANDOM_COLORLESS_2","is_daily":false,"chose_seed":false,"campfire_upgraded":2,"win_rate":0.0,"timestamp":1612443789,"path_taken":["M","?","M","M","?","E","M","M","T","$","M","E","R","?","R","BOSS"],"items_purchased_type":["Relic"],"build_version":"2020-12-22","purchased_purges":0,"victory":false,"max_hp_per_floor":[80,80,80,80,80,80,80,80,80,80,80,80,80,80,80,80,80],"card_choices":[{"not_picked":["Panache","Secret Weapon"],"picked":"The Bomb","floor":0},{"not_picked":["Armaments","Pommel Strike","Perfected Strike"],"picked":"SKIP","floor":1},{"not_picked":["Twin Strike","Pommel Strike","Anger"],"picked":"SKIP","floor":3},{"not_picked":["Perfected Strike","Armaments","Iron Wave"],"picked":"SKIP","floor":4},{"not_picked":["Cleave","Anger"],"picked":"Metallicize","floor":6},{"not_picked":["Entrench","Clothesline","Impervious"],"picked":"SKIP","floor":7},{"not_picked":["Sever Soul","Flame Barrier","Body Slam"],"picked":"SKIP","floor":8},{"not_picked":["Pummel","Body Slam","Wild Strike"],"picked":"SKIP","floor":11},{"not_picked":["Rampage+1","Body Slam+1","Clothesline+1"],"picked":"SKIP","floor":12},{"not_picked":["Anger+1","Ghostly Armor","Clash+1"],"picked":"SKIP","floor":14}],"player_experience":330397,"relics_obtained":[{"floor":6,"key":"Ornamental Fan"},{"floor":9,"key":"Anchor"},{"floor":12,"key":"Molten Egg 2"}],"event_choices":[{"damage_healed":0,"gold_gain":0,"cards_transformed":["Strike_R"],"player_choice":"Change","damage_taken":0,"max_hp_gain":0,"max_hp_loss":0,"event_name":"Living Wall","floor":2,"gold_loss":0,"cards_obtained":["Immolate"]},{"damage_healed":0,"gold_gain":0,"cards_transformed":["Strike_R"],"player_choice":"Transformed","damage_taken":0,"max_hp_gain":0,"max_hp_loss":0,"event_name":"Transmorgrifier","floor":5,"gold_loss":0,"cards_obtained":["Feel No Pain"]}],"is_beta":false,"boss_relics":[],"items_purged_floors":[],"is_endless":false,"potions_floor_spawned":[3,7,8,11],"killed_by":"Hexaghost","ascension_level":10}}