{"host":"gc0hqzwg2gd3zszy","time":1612456238,"event":{"mods":["BaseMod","DeckTracker","Minty Spire (QoL Compilation)","Relic Stats","SuperFastMode"],"gold_per_floor":[119,119,131,206,218,218,218,218,267,282,207,236,249,269,269,342,342,352,65,65,65,65,65,82,82,82,110,126,137,0,27,27,100,100,120,10,21,41,0,0,0,30,30,44,79,92,92,108,108,108,108],"floor_reached":50,"language":"KOR","playtime":1807,"items_purged":["Strike_R","Strike_R"],"score":1134,"play_id":"d740208e-8118-4c97-921c-682de4d5a85d","local_time":"20210205013038","is_ascension_mode":true,"campfire_choices":[{"floor":6.0,"key":"REST"},{"data":"Bash","floor":8.0,"key":"SMITH"},{"data":"Armaments","floor":15.0,"key":"SMITH"},{"data":"Juggernaut","floor":23.0,"key":"SMITH"},{"data":"Sword Boomerang","floor":25.0,"key":"SMITH"},{"floor":32.0,"key":"REST"},{"floor":40.0,"key":"REST"},{"floor":49.0,"key":"RECALL"}],"circlet_count":0,"master_deck":["AscendersBane","Defend_R","Defend_R","Defend_R","Defend_R","Bash+1","Pommel Strike","Whirlwind","Armaments+1","Hemokinesis","Power Through","Flex","Pummel","Corruption","Thunderclap","Dark Embrace","Juggernaut+1","Sword Boomerang+1","Entrench","Feel No Pain","Evolve+1","Carnage+1","Feel No Pain","Inflame","Impervious","Seeing Red","Limit Break","Uppercut","Clothesline+1","Bludgeon","Blood for Blood"],"relics":["Burning Blood","Mango","Orichalcum","Whetstone","Dream Catcher","Snecko Eye","Bronze Scales","Regal Pillow","Centennial Puzzle","Blood Vial","Fusion Hammer","Red Mask","Potion Belt","Lantern"],"acts_visited":["Exordium","TheCity","TheBeyond"],"potions_floor_usage":[50,50],"damage_taken":[{"damage":11.0,"enemies":"Jaw Worm","floor":1.0,"turns":4.0},{"damage":8.0,"enemies":"2 Louse","floor":3.0,"turns":3.0},{"damage":2.0,"enemies":"Small Slimes","floor":5.0,"turns":3.0},{"damage":13.0,"enemies":"Exordium Wildlife","floor":10.0,"turns":4.0},{"damage":4.0,"enemies":"Gremlin Nob","floor":12.0,"turns":3.0},{"damage":9.0,"enemies":"Blue Slaver","floor":13.0,"turns":3.0},{"damage":0.0,"enemies":"3 Louse","floor":14.0,"turns":1.0},{"damage":36.0,"enemies":"Slime Boss","floor":16.0,"turns":7.0},{"damage":5.0,"enemies":"Spheric Guardian","floor":18.0,"turns":3.0},{"damage":2.0,"enemies":"Chosen","floor":24.0,"turns":3.0},{"damage":4.0,"enemies":"Gremlin Leader","floor":27.0,"turns":3.0},{"damage":34.0,"enemies":"Snake Plant","floor":28.0,"turns":3.0},{"damage":20.0,"enemies":"Shelled Parasite and Fungi","floor":29.0,"turns":4.0},{"damage":11.0,"enemies":"Book of Stabbing","floor":31.0,"turns":4.0},{"damage":33.0,"enemies":"Collector","floor":33.0,"turns":9.0},{"damage":10.0,"enemies":"Orb Walker","floor":35.0,"turns":3.0},{"damage":19.0,"enemies":"3 Shapes","floor":37.0,"turns":6.0},{"damage":12.0,"enemies":"Writhing Mass","floor":38.0,"turns":3.0},{"damage":16.0,"enemies":"Giant Head","floor":42.0,"turns":6.0},{"damage":0.0,"enemies":"Sphere and 2 Shapes","floor":44.0,"turns":4.0},{"damage":41.0,"enemies":"Reptomancer","floor":45.0,"turns":6.0},{"damage":11.0,"enemies":"Transient","floor":46.0,"turns":6.0},{"damage":5.0,"enemies":"Writhing Mass","floor":48.0,"turns":4.0},{"damage":95,"enemies":"Awakened One","floor":50,"turns":9}],"seed_played":"-5272790247365802475","potions_obtained":[{"floor":3.0,"key":"BlessingOfTheForge"},{"floor":5.0,"key":"SteroidPotion"},{"floor":10.0,"key":"FearPotion"},{"floor":18.0,"key":"ElixirPotion"},{"floor":24.0,"key":"DuplicationPotion"},{"floor":29.0,"key":"FairyPotion"},{"floor":42.0,"key":"PowerPotion"},{"floor":45.0,"key":"SpeedPotion"},{"floor":46.0,"key":"Regen Potion"}],"is_trial":false,"path_per_floor":["M","?","M","?","M","R","?","R","T","M","?","E","M","M","R","B",null,"M","$","?","?","?","R","M","R","T","E","M","M","$","E","R","B",null,"M","?","M","M","?","R","?","E","T","M","E","M","?","M","R","B"],"character_chosen":"IRONCLAD","items_purchased":["Dark Embrace","Bronze Scales","Feel No Pain"],"campfire_rested":3,"item_purchase_floors":[19,19,30],"current_hp_per_floor":[59,24,22,11,15,41,41,41,41,34,34,36,33,39,39,9,69,70,70,70,70,70,70,74,74,74,76,48,34,34,29,70,45,78,76,76,65,61,61,89,85,75,75,83,50,47,47,50,50,0,0],"gold":108,"neow_bonus":"ONE_RARE_RELIC","is_daily":false,"chose_seed":false,"campfire_upgraded":4,"win_rate":0.0,"timestamp":1612456238,"path_taken":["M","?","M","?","M","R","?","R","T","M","?","E","M","M","R","BOSS","M","$","?","?","?","R","M","R","T","E","?","M","$","E","R","BOSS","M","?","?","M","?","R","?","E","T","M","E","M","?","M","R","BOSS"],"items_purchased_type":["Card","Relic","Card"],"build_version":"2020-12-22","purchased_purges":2,"victory":false,"max_hp_per_floor":[89,89,89,89,89,89,89,89,89,89,89,89,89,89,89,89,89,89,89,89,89,89,89,89,89,89,89,89,89,89,89,89,89,89,89,89,89,89,89,89,85,85,85,85,85,85,85,85,85,85,85],"relic_stats":{"Blood Vial":18,"Dream Catcher":2,"Regal Pillow":17,"Centennial Puzzle":[36],"counters":[24,104],"Bronze Scales":[223],"Snecko Eye":[141,172,147,140],"Whetstone":["Strike_R","Strike_R"],"Orichalcum":[192],"obtain_stats":[{"Potion Belt":42,"Regal Pillow":26,"Lantern":45,"Mango":0,"Whetstone":9,"Orichalcum":2,"Burning Blood":0,"Blood Vial":31,"Dream Catcher":12,"Centennial Puzzle":27,"Bronze Scales":19,"Snecko Eye":17,"Fusion Hammer":34,"Red Mask":39},{"Potion Belt":19,"Regal Pillow":10,"Lantern":21,"Mango":0,"Whetstone":3,"Orichalcum":1,"Burning Blood":0,"Blood Vial":14,"Dream Catcher":5,"Centennial Puzzle":11,"Bronze Scales":9,"Snecko Eye":8,"Fusion Hammer":15,"Red Mask":18},{"Potion Belt":75,"Regal Pillow":34,"Lantern":85,"Mango":0,"Whetstone":10,"Orichalcum":4,"Burning Blood":0,"Blood Vial":48,"Dream Catcher":17,"Centennial Puzzle":37,"Bronze Scales":31,"Snecko Eye":28,"Fusion Hammer":57,"Red Mask":69}],"Burning Blood":138},"card_choices":[{"not_picked":["Anger","Feel No Pain"],"picked":"Pommel Strike","floor":1.0},{"not_picked":["Searing Blow","Havoc"],"picked":"Whirlwind","floor":3.0},{"not_picked":["Heavy Blade","True Grit"],"picked":"Armaments","floor":5.0},{"not_picked":["True Grit","Bloodletting"],"picked":"Hemokinesis","floor":10.0},{"not_picked":["Shrug It Off","Warcry"],"picked":"Power Through","floor":12.0},{"not_picked":["Headbutt","Anger"],"picked":"Flex","floor":13.0},{"not_picked":["Whirlwind","Warcry"],"picked":"Pummel","floor":14.0},{"not_picked":["Bludgeon","Brutality"],"picked":"Corruption","floor":16.0},{"not_picked":["Wild Strike","Perfected Strike"],"picked":"Thunderclap","floor":18.0},{"not_picked":["Heavy Blade","Armaments"],"picked":"Entrench","floor":24.0},{"not_picked":["Combust","Spot Weakness"],"picked":"Feel No Pain","floor":27.0},{"not_picked":["Inflame","Clash"],"picked":"Evolve","floor":28.0},{"not_picked":["Perfected Strike","Inflame"],"picked":"Carnage+1","floor":29.0},{"not_picked":["Havoc","Evolve","Dark Embrace"],"picked":"SKIP","floor":31.0},{"not_picked":["Evolve","Anger"],"picked":"Inflame","floor":32.0},{"not_picked":["Exhume","Berserk"],"picked":"Impervious","floor":33.0},{"not_picked":["Hemokinesis","Thunderclap+1"],"picked":"Seeing Red","floor":35.0},{"not_picked":["True Grit+1","Wild Strike+1","Clash"],"picked":"SKIP","floor":37.0},{"not_picked":["True Grit","Sword Boomerang","Havoc"],"picked":"SKIP","floor":38.0},{"not_picked":["Flex","Battle Trance"],"picked":"Limit Break","floor":40.0},{"not_picked":["Feel No Pain","Clash"],"picked":"Uppercut","floor":42.0},{"not_picked":["Heavy Blade","Clash"],"picked":"Clothesline+1","floor":44.0},{"not_picked":["Rupture","Havoc"],"picked":"Bludgeon","floor":45.0},{"not_picked":["Whirlwind","Warcry","Hemokinesis"],"picked":"SKIP","floor":46.0},{"not_picked":["Wild Strike","Dropkick+1"],"picked":"Blood for Blood","floor":48.0}],"player_experience":1382684,"relics_obtained":[{"floor":9.0,"key":"Whetstone"},{"floor":12.0,"key":"Dream Catcher"},{"floor":26.0,"key":"Regal Pillow"},{"floor":27.0,"key":"Centennial Puzzle"},{"floor":31.0,"key":"Blood Vial"},{"floor":42.0,"key":"Potion Belt"},{"floor":45.0,"key":"Lantern"}],"event_choices":[{"damage_healed":0.0,"max_hp_gain":0.0,"max_hp_loss":0.0,"gold_gain":0.0,"event_name":"Scrap Ooze","player_choice":"Success","floor":2.0,"gold_loss":0.0,"damage_taken":35.0,"relics_obtained":["Orichalcum"]},{"damage_healed":0.0,"max_hp_gain":0.0,"max_hp_loss":0.0,"gold_gain":75.0,"event_name":"World of Goop","player_choice":"Gather Gold","floor":4.0,"gold_loss":0.0,"damage_taken":11.0},{"damage_healed":0.0,"max_hp_gain":0.0,"max_hp_loss":0.0,"gold_gain":0.0,"event_name":"Liars Game","player_choice":"Ignored","floor":7.0,"gold_loss":0.0,"damage_taken":0.0},{"cards_removed":["Strike_R"],"damage_healed":0.0,"max_hp_gain":0.0,"max_hp_loss":0.0,"gold_gain":0.0,"event_name":"The Cleric","player_choice":"Card Removal","floor":11.0,"gold_loss":75.0,"damage_taken":0.0},{"damage_healed":0.0,"max_hp_gain":0.0,"max_hp_loss":0.0,"gold_gain":0.0,"event_name":"Ghosts","player_choice":"Ignored","floor":20.0,"gold_loss":0.0,"damage_taken":0.0},{"damage_healed":0.0,"max_hp_gain":0.0,"max_hp_loss":0.0,"gold_gain":0.0,"event_name":"Vampires","player_choice":"Ignored","floor":21.0,"gold_loss":0.0,"damage_taken":0.0},{"damage_healed":0.0,"max_hp_gain":0.0,"max_hp_loss":0.0,"gold_gain":0.0,"event_name":"Match and Keep!","player_choice":"2 cards matched","floor":22.0,"gold_loss":0.0,"damage_taken":0.0,"cards_obtained":["Juggernaut","Sword Boomerang"]},{"cards_removed":["Strike_R"],"damage_healed":0.0,"max_hp_gain":0.0,"max_hp_loss":0.0,"gold_gain":0.0,"event_name":"Designer","player_choice":"Upgrade and Remove","floor":36.0,"gold_loss":110.0,"damage_taken":0.0,"cards_upgraded":["Evolve"]},{"damage_healed":0.0,"max_hp_gain":0.0,"max_hp_loss":0.0,"gold_gain":0.0,"event_name":"Tomb of Lord Red Mask","player_choice":"Paid","floor":39.0,"gold_loss":41.0,"damage_taken":0.0,"relics_obtained":["Red Mask"]},{"damage_healed":0.0,"max_hp_gain":0.0,"max_hp_loss":4.0,"gold_gain":0.0,"event_name":"Winding Halls","player_choice":"Max HP","floor":41.0,"gold_loss":0.0,"damage_taken":0.0},{"cards_removed":["Strike_R"],"damage_healed":0.0,"max_hp_gain":0.0,"max_hp_loss":0.0,"gold_gain":0.0,"event_name":"Purifier","player_choice":"Purged","floor":47.0,"gold_loss":0.0,"damage_taken":0.0}],"is_beta":false,"boss_relics":[{"not_picked":["Busted Crown","Tiny House"],"picked":"Snecko Eye"},{"not_picked":["SacredBark","Pandora\u0027s Box"],"picked":"Fusion Hammer"}],"items_purged_floors":[19,30],"is_endless":false,"potions_floor_spawned":[3,5,10,13,18,24,29,37,42,45,46],"killed_by":"Awakened One","ascension_level":20}}