{"host":"takgv9cv6xf64vhq","time":1612427961,"event":{"mods":["BaseMod","Colored Powertips","Conspire","Decade(王小明)","Downfall","Energized Spire","Hermit","Hubris","LagranYue(拉格朗・月)","Marisa（F雨　魔理沙）","Minty Spire (QoL Compilation)","Replay The Spire","StSLib","The Cursed","The Hierophant","The Jungle","The Servant 0.9.4","TheHeartMod"],"gold_per_floor":[111,261,261,186,186,211,229,255,280,297,297,308,52,71,71,149,149,168,443,454,469,519,519,548,565,591,622,641,641,691,7,7,7,7],"floor_reached":33,"language":"ZHS","playtime":1639,"items_purged":["Regret","Doubt","Regret"],"score":629,"play_id":"5fe0bd5f-2a85-4358-a198-3ea9bb7c98a4","local_time":"20210204163921","is_ascension_mode":true,"campfire_choices":[{"data":"Envenom","floor":11.0,"key":"SMITH"},{"data":"Strike_G","floor":15.0,"key":"PURGE"},{"data":"Adrenaline","floor":23.0,"key":"SMITH"},{"data":"Looming Evil","floor":32.0,"key":"PURGE"}],"circlet_count":0,"master_deck":["AscendersBane","Strike_G","Strike_G","Strike_G+1","Strike_G","Defend_G","Defend_G","Defend_G","Defend_G+1","Defend_G","Survivor","Neutralize","Slice","Envenom+1","ReplayTheSpireMod:Tripwire","Bouncing Flask","Blade Dance","Slice","Acrobatics","Endless Agony","Cloak And Dagger","Adrenaline+1","Backflip","Expertise+1","Dagger Spray","Die Die Die","Draining Mist","PiercingWail","ReplayTheSpireMod:The Works","downfall:Aged","Fluid Movement"],"relics":["Ring of the Snake","NeowsBlessing","Art of War","MealTicket","Pen Nib","Bag of Preparation","Potion Belt","Cursed Key","hubris:PeanutButter","Guardian:PocketSentry","Peace Pipe","Simple Rune","hubris:Reverence","Bottled Lightning"],"acts_visited":["Exordium","TheCity"],"potions_floor_usage":[33],"damage_taken":[{"damage":0.0,"enemies":"2 Louse","floor":1.0,"turns":1.0},{"damage":0.0,"enemies":"Lagavulin","floor":6.0,"turns":2.0},{"damage":0.0,"enemies":"Jaw Worm","floor":7.0,"turns":1.0},{"damage":41.0,"enemies":"3 Sentries","floor":8.0,"turns":9.0},{"damage":7.0,"enemies":"Small Slimes","floor":10.0,"turns":4.0},{"damage":4.0,"enemies":"Red Slaver","floor":12.0,"turns":5.0},{"damage":1.0,"enemies":"Lots of Slimes","floor":14.0,"turns":4.0},{"damage":32.0,"enemies":"Slime Boss","floor":16.0,"turns":10.0},{"damage":11.0,"enemies":"Shell Parasite","floor":18.0,"turns":5.0},{"damage":13.0,"enemies":"2 Thieves","floor":20.0,"turns":4.0},{"damage":9.0,"enemies":"Sentry and Sphere","floor":21.0,"turns":4.0},{"damage":11.0,"enemies":"Gremlin Leader","floor":24.0,"turns":5.0},{"damage":14.0,"enemies":"Shelled Parasite and Fungi","floor":25.0,"turns":6.0},{"damage":0.0,"enemies":"Replay:Snechameleon","floor":27.0,"turns":3.0},{"damage":7.0,"enemies":"Cultist and Chosen","floor":28.0,"turns":6.0},{"damage":30,"enemies":"Champ","floor":33,"turns":9}],"seed_played":"-1415002455575219839","potions_obtained":[{"floor":6.0,"key":"Energy Potion"},{"floor":7.0,"key":"bronze:BurnAndBuffPotion"},{"floor":12.0,"key":"Regen Potion"},{"floor":16.0,"key":"Regen Potion"},{"floor":18.0,"key":"Fire Potion"},{"floor":21.0,"key":"LiquidBronze"},{"floor":28.0,"key":"Fire Potion"}],"is_trial":false,"path_per_floor":["M","?","?","$","?","E","M","E","T","M","R","M","$","M","R","B",null,"M","?","M","M","?","R","E","M","T","E","M","T","?","$","R","B"],"character_chosen":"THE_SILENT","items_purchased":["Potion Belt","hubris:Reverence","Bottled Lightning","Fluid Movement"],"campfire_rested":0,"item_purchase_floors":[13,31,31,31],"current_hp_per_floor":[59,59,59,59,59,59,59,18,18,11,11,7,22,21,21,4,51,55,55,42,33,33,33,22,8,8,8,1,1,1,16,16,0,0],"gold":7,"neow_bonus":"THREE_ENEMY_KILL","is_daily":false,"chose_seed":false,"campfire_upgraded":2,"win_rate":0.0,"timestamp":1612427961,"path_taken":["M","?","?","$","?","E","?","E","T","M","R","M","?","M","R","BOSS","M","?","?","M","?","R","E","M","T","E","?","?","?","$","R","BOSS"],"items_purchased_type":["Relic","Relic","Relic","Card"],"build_version":"2020-12-22","purchased_purges":3,"victory":false,"max_hp_per_floor":[66,66,66,66,66,66,66,66,66,66,66,66,66,66,66,66,66,66,66,66,66,66,66,66,66,66,66,66,66,66,66,66,66,66],"card_choices":[{"not_picked":["Underhanded Strike","ReplayTheSpireMod:Shiv Toss"],"picked":"Slice","floor":1.0},{"not_picked":["Calculated Gamble","Eviscerate"],"picked":"Bouncing Flask","floor":6.0},{"not_picked":["hubris:SlightOfHand","Outmaneuver"],"picked":"Blade Dance","floor":7.0},{"not_picked":["Prepared","Sucker Punch"],"picked":"Slice","floor":8.0},{"not_picked":["Slice","ReplayTheSpireMod:Tripwire"],"picked":"Acrobatics","floor":10.0},{"not_picked":["Sucker Punch","Flying Knee"],"picked":"Endless Agony","floor":12.0},{"not_picked":["Expertise","Sneak Up"],"picked":"Cloak And Dagger","floor":14.0},{"not_picked":["A Thousand Cuts","Wraith Form v2"],"picked":"Adrenaline","floor":16.0},{"not_picked":["ReplayTheSpireMod:Exploit Weakness","Hidden Blade"],"picked":"Backflip","floor":18.0},{"not_picked":["hubris:Counter","Dagger Throw"],"picked":"Expertise+1","floor":20.0},{"not_picked":["Outmaneuver","Flying Knee"],"picked":"Dagger Spray","floor":21.0},{"not_picked":["PiercingWail","Bouncing Flask"],"picked":"Die Die Die","floor":24.0},{"not_picked":["Slice+1","Cloak And Dagger"],"picked":"Draining Mist","floor":25.0},{"not_picked":["Dagger Spray","Cloak And Dagger"],"picked":"PiercingWail","floor":27.0},{"not_picked":["Dash","Outmaneuver"],"picked":"ReplayTheSpireMod:The Works","floor":28.0}],"player_experience":383590,"relics_obtained":[{"floor":6.0,"key":"MealTicket"},{"floor":8.0,"key":"Pen Nib"},{"floor":9.0,"key":"Bag of Preparation"},{"floor":24.0,"key":"hubris:PeanutButter"},{"floor":26.0,"key":"Guardian:PocketSentry"},{"floor":27.0,"key":"Peace Pipe"},{"floor":29.0,"key":"Simple Rune"}],"event_choices":[{"damage_healed":0.0,"max_hp_gain":0.0,"max_hp_loss":0.0,"gold_gain":150.0,"event_name":"Liars Game","player_choice":"AGREE","floor":2.0,"gold_loss":0.0,"damage_taken":0.0,"cards_obtained":["Doubt"]},{"damage_healed":0.0,"max_hp_gain":0.0,"max_hp_loss":0.0,"gold_gain":0.0,"event_name":"Big Fish","player_choice":"Box","floor":3.0,"gold_loss":0.0,"damage_taken":0.0,"relics_obtained":["Art of War"],"cards_obtained":["Regret"]},{"damage_healed":0.0,"max_hp_gain":0.0,"max_hp_loss":0.0,"gold_gain":0.0,"event_name":"Match and Keep!","player_choice":"2 cards matched","floor":5.0,"gold_loss":0.0,"damage_taken":0.0,"cards_obtained":["Envenom","ReplayTheSpireMod:Tripwire"]},{"damage_healed":0.0,"max_hp_gain":0.0,"max_hp_loss":0.0,"gold_gain":275.0,"event_name":"Golden Shrine","player_choice":"Desecrate","floor":19.0,"gold_loss":0.0,"damage_taken":0.0,"cards_obtained":["Regret"]},{"damage_healed":0.0,"max_hp_gain":0.0,"max_hp_loss":0.0,"gold_gain":100.0,"event_name":"The Joust","player_choice":"Bet on Murderer","floor":22.0,"gold_loss":50.0,"damage_taken":0.0},{"damage_healed":0.0,"max_hp_gain":0.0,"max_hp_loss":0.0,"gold_gain":50.0,"event_name":"Golden Shrine","player_choice":"Pray","floor":30.0,"gold_loss":0.0,"damage_taken":0.0}],"is_beta":false,"boss_relics":[{"not_picked":["hubris:Stopwatch","SacredBark"],"picked":"Cursed Key"}],"items_purged_floors":[4,13,31],"is_endless":false,"potions_floor_spawned":[6,7,12,16,18,21,28],"killed_by":"Champ","ascension_level":15}}