{"host":"gc6vr5n3q8f0hswe","time":1612458118,"event":{"mods":["Act Like it!","Aspiration","BaseMod","Better Altar","Better Sensory Stone","Better Third Choice","Block Reminder","Conspire","Fox Events","Gensokyo","Hallownest","Highlight Path","Hubris","Infinite Spire","Jedi Mod","Lobotomy","LobotomyExtend","MarisaÅiñ∂âJÅ@ñÇóùçπÅj","Minty Spire (QoL Compilation)","Pale of the Ancients","Relic Stats","Reliquary","Replay The Spire","Somnambulant","StSLib","The Alterego","The Blue Laboratory","The Bug Knight","The Jungle","The Poker Player","The Wild Card","Uncapped","Wandering Minibosses"],"gold_per_floor":[111,111,30,44,44,71,71,100,127,27,27,27,44,64,64,167,167,232,134,161,6,16,16,29,29,55,83,151,186,236,236,236,334,384,400,435,455,87,5,5,5],"floor_reached":40,"language":"ENG","playtime":2091,"items_purged":["Strike_P","infinitespire:Punishment","Strike_P"],"score":410,"play_id":"f3c3e8b1-5996-4f52-8745-af8344cec935","local_time":"20210204170158","is_ascension_mode":false,"campfire_choices":[{"floor":7.0,"key":"REST"},{"floor":11.0,"key":"REST"},{"floor":15.0,"key":"REST"},{"floor":23.0,"key":"REST"},{"data":"Scrawl","floor":25.0,"key":"SMITH"},{"floor":32.0,"key":"REST"}],"circlet_count":0,"master_deck":["Strike_P","Strike_P","Defend_P+1","Defend_P+1","Defend_P","Defend_P","Eruption","Vigilance","FlurryOfBlows","Fasting2+1","Perseverance","Pray","FlurryOfBlows","Scrawl+1","Prostrate","Prostrate","WaveOfTheHand","WaveOfTheHand","ReachHeaven","infinitespire:Collect","Blasphemy","Gensokyo:ManorOfTheDishes","Gensokyo:RustyChest"],"relics":["PureWater","conspire:GlowingRock","LetterFromLob","hubris:MobiusCoin","Boot","War Paint","Vajra","InkBottle","reliquary:RedCape","Red Mask","Blue Doll","reliquary:TatteredRug","reliquary:PurpleTingedLeaf","hubris:ScarierMask","betterThird:NestCultRelic","Philosopher\u0027s Stone","Question Card","Strange Spoon"],"acts_visited":["Exordium","TheCity","TheCity"],"potions_floor_usage":[],"damage_taken":[{"damage":0.0,"enemies":"Gensokyo:Gryphon","floor":1.0,"turns":2.0},{"damage":0.0,"enemies":"Gensokyo:2_Kodama","floor":4.0,"turns":2.0},{"damage":68.0,"enemies":"Gensokyo:Cirno","floor":6.0,"turns":7.0},{"damage":24.0,"enemies":"Gensokyo:Aya","floor":8.0,"turns":6.0},{"damage":0.0,"enemies":"Gensokyo:3_Fairies","floor":13.0,"turns":3.0},{"damage":4.0,"enemies":"Gensokyo:Gryphon_and_Rabbit","floor":14.0,"turns":6.0},{"damage":7.0,"enemies":"Gensokyo:Yukari","floor":16.0,"turns":8.0},{"damage":12.0,"enemies":"Chosen","floor":18.0,"turns":4.0},{"damage":28.0,"enemies":"Masked Bandits","floor":20.0,"turns":3.0},{"damage":20.0,"enemies":"Sentry and Sphere","floor":22.0,"turns":3.0},{"damage":2.0,"enemies":"Centurion and Healer","floor":24.0,"turns":3.0},{"damage":14.0,"enemies":"Cultist and Chosen","floor":28.0,"turns":14.0},{"damage":12.0,"enemies":"Slavers","floor":29.0,"turns":4.0},{"damage":11.0,"enemies":"conspire:MysteriousRune","floor":33.0,"turns":5.0},{"damage":2.0,"enemies":"Gensokyo:AncientGuardian","floor":35.0,"turns":5.0},{"damage":34.0,"enemies":"conspire:MimicChest","floor":36.0,"turns":7.0},{"damage":0.0,"enemies":"Gensokyo:3_Bats","floor":37.0,"turns":3.0},{"damage":99999,"enemies":"Gensokyo:Marisa","floor":40,"turns":2}],"seed_played":"-232089975535542955","potions_obtained":[{"floor":4.0,"key":"Regen Potion"},{"floor":6.0,"key":"Dexterity Potion"},{"floor":14.0,"key":"Fire Potion"},{"floor":20.0,"key":"PowerPotion"},{"floor":22.0,"key":"blueLaboratory:PyrophylliteBrew"},{"floor":33.0,"key":"SkillPotion"},{"floor":35.0,"key":"Ancient Potion"},{"floor":36.0,"key":"FearPotion"}],"is_trial":false,"path_per_floor":["M","?","COS","M","M","E","R","E","T","?","R","$","M","M","R","B",null,"M","$","?","$","M","R","M","R","T","$","M","E","AVR","?","R","B",null,"M","?","M","COS","$","E"],"character_chosen":"WATCHER","items_purchased":["Prostrate","Blue Doll","WaveOfTheHand","blueLaboratory:RememoryPotion"],"campfire_rested":5,"item_purchase_floors":[19,21,27,39],"current_hp_per_floor":[51,58,58,58,65,9,30,6,6,6,27,27,27,23,44,37,72,60,60,32,32,12,33,31,31,31,31,17,5,5,5,26,20,72,72,41,42,42,42,0,0],"gold":5,"neow_bonus":"ONE_RARE_RELIC","is_daily":false,"chose_seed":false,"campfire_upgraded":1,"win_rate":0.0,"timestamp":1612458118,"path_taken":["M","?","COS","?","M","E","R","E","T","?","R","$","?","M","R","BOSS","M","?","?","?","?","R","M","R","T","$","?","E","AVR","?","R","BOSS","M","?","M","COS","?","E"],"items_purchased_type":["Card","Relic","Card","Potion"],"build_version":"2020-12-22","purchased_purges":3,"victory":false,"max_hp_per_floor":[72,72,72,72,72,72,72,72,72,72,72,72,72,72,72,72,72,72,72,72,72,72,72,72,72,72,72,72,72,72,72,72,72,72,72,72,72,72,72,72,72],"relic_stats":{"Strange Spoon":[6],"counters":[18,86],"War Paint":["Defend_P","Defend_P"],"Boot":[22],"Question Card":1,"obtain_stats":[{"hubris:MobiusCoin":6,"Vajra":9,"Blue Doll":21,"reliquary:TatteredRug":26,"betterThird:NestCultRelic":31,"War Paint":8,"reliquary:RedCape":17,"Boot":8,"Question Card":36,"Strange Spoon":38,"conspire:GlowingRock":0,"hubris:ScarierMask":30,"Philosopher\u0027s Stone":34,"LetterFromLob":1,"Red Mask":20,"PureWater":0,"InkBottle":10,"reliquary:PurpleTingedLeaf":29},{"hubris:MobiusCoin":3,"Vajra":4,"Blue Doll":9,"reliquary:TatteredRug":11,"betterThird:NestCultRelic":13,"War Paint":4,"reliquary:RedCape":7,"Boot":4,"Question Card":16,"Strange Spoon":17,"conspire:GlowingRock":0,"hubris:ScarierMask":13,"Philosopher\u0027s Stone":14,"LetterFromLob":1,"Red Mask":9,"PureWater":0,"InkBottle":4,"reliquary:PurpleTingedLeaf":13},{"hubris:MobiusCoin":11,"Vajra":17,"Blue Doll":41,"reliquary:TatteredRug":47,"betterThird:NestCultRelic":65,"War Paint":17,"reliquary:RedCape":34,"Boot":13,"Question Card":82,"Strange Spoon":85,"conspire:GlowingRock":0,"hubris:ScarierMask":65,"Philosopher\u0027s Stone":70,"LetterFromLob":2,"Red Mask":41,"PureWater":0,"InkBottle":17,"reliquary:PurpleTingedLeaf":65}],"InkBottle":[36]},"card_choices":[{"not_picked":["SashWhip","PathToVictory"],"picked":"FlurryOfBlows","floor":1.0},{"not_picked":["SashWhip","Evaluate"],"picked":"Halt","floor":4.0},{"not_picked":["ClearTheMind+1","SignatureMove+1"],"picked":"Fasting2+1","floor":6.0},{"not_picked":["Replay:AtTheReady","MasterReality","FollowUp"],"picked":"SKIP","floor":6.0},{"not_picked":["CutThroughFate","Replay:BluntJabs"],"picked":"Perseverance","floor":8.0},{"not_picked":["Sanctity","ThirdEye"],"picked":"Pray","floor":13.0},{"not_picked":["Adaptation","Replay:Anticipation"],"picked":"FlurryOfBlows","floor":14.0},{"not_picked":["Omniscience","Establishment"],"picked":"Scrawl","floor":16.0},{"not_picked":["ThirdEye+1","Consecrate+1"],"picked":"Prostrate","floor":18.0},{"not_picked":["FollowUp","SashWhip","Nirvana"],"picked":"SKIP","floor":22.0},{"not_picked":["Replay:Cycle","Crescendo","JustLucky"],"picked":"SKIP","floor":24.0},{"not_picked":["Weave+1","EmptyBody+1"],"picked":"ReachHeaven","floor":28.0},{"not_picked":["ThirdEye","PathToVictory","Replay:ManipulateFuture"],"picked":"SKIP","floor":29.0},{"not_picked":["Judgement","Ragnarok"],"picked":"Blasphemy","floor":33.0},{"not_picked":["JustLucky","BowlingBash+1","Evaluate"],"picked":"SKIP","floor":35.0},{"not_picked":["ClearTheMind","EmptyBody","ReachHeaven+1","SashWhip+1"],"picked":"SKIP","floor":37.0}],"player_experience":462799,"relics_obtained":[{"floor":1.0,"key":"LetterFromLob"},{"floor":6.0,"key":"hubris:MobiusCoin"},{"floor":8.0,"key":"War Paint"},{"floor":9.0,"key":"Vajra"},{"floor":20.0,"key":"Red Mask"},{"floor":26.0,"key":"reliquary:TatteredRug"},{"floor":29.0,"key":"reliquary:PurpleTingedLeaf"},{"floor":36.0,"key":"Question Card"}],"event_choices":[{"damage_healed":0.0,"max_hp_gain":0.0,"max_hp_loss":0.0,"gold_gain":0.0,"event_name":"Masked Bandits","player_choice":"Fought Bandits","floor":20.0,"gold_loss":0.0,"damage_taken":0.0},{"damage_healed":0.0,"max_hp_gain":0.0,"max_hp_loss":0.0,"gold_gain":0.0,"event_name":"betterThird:BetterNest","player_choice":"Madness","floor":31.0,"gold_loss":0.0,"damage_taken":0.0,"relics_obtained":["betterThird:NestCultRelic"]}],"is_beta":false,"boss_relics":[{"not_picked":["hubris:HollowSoul","aspiration:RitualDagger"],"picked":"reliquary:RedCape"},{"not_picked":["ReplayTheSpireMod:DimensionalGlitch","Abe\u0027s Treasure"],"picked":"Philosopher\u0027s Stone"}],"items_purged_floors":[19,30,39],"is_endless":false,"potions_floor_spawned":[4,6,14,20,22,33,35,36],"killed_by":"Gensokyo:Marisa","ascension_level":0}}