{"host":"8vrmceg1p8ljousa","time":1612473548,"event":{"mods":["BaseMod","Highlight Path","Minty Spire (QoL Compilation)","StSLib","The Cursed","The Necromancer","The Poker Player"],"gold_per_floor":[118,42,97,97,113,113,139,153,153,153,153,164,50,65,65,168,168,179,197,197,197],"floor_reached":20,"language":"ENG","playtime":912,"items_purged":["TheCursedMod:Strike_TheCursed"],"score":199,"play_id":"fc2759c4-7d92-4baa-b2b3-511c8e39eb74","local_time":"20210204231908","is_ascension_mode":false,"campfire_choices":[{"data":"TheCursedMod:Torture","floor":6,"key":"SMITH"},{"data":"TheCursedMod:PrepareRite","floor":15,"key":"SMITH"}],"circlet_count":0,"master_deck":["TheCursedMod:Strike_TheCursed","TheCursedMod:Defend_TheCursed","TheCursedMod:Defend_TheCursed","TheCursedMod:Defend_TheCursed","TheCursedMod:Defend_TheCursed","TheCursedMod:CursedWand","TheCursedMod:CleanUpWorkshop","TheCursedMod:Dregs","TheCursedMod:CircleOfFlame","TheCursedMod:Torture+1","TheCursedMod:VitalStrike+1","TheCursedMod:SmokeScreen","TheCursedMod:SpreadPlague","TheCursedMod:AshesToAshes","TheCursedMod:PrepareRite+1","TheCursedMod:Hemoplague","TheCursedMod:CursedAmulet","TheCursedMod:DemonicPact","TheCursedMod:FleshFromBone"],"relics":["TheCursedMod:BlackMagic101","NeowsBlessing","Bronze Scales","Omamori","Ancient Tea Set","Empty Cage"],"acts_visited":["Exordium","TheCity"],"potions_floor_usage":[16,20],"damage_taken":[{"damage":0,"enemies":"Cultist","floor":1,"turns":1},{"damage":0,"enemies":"Jaw Worm","floor":5,"turns":1},{"damage":0,"enemies":"3 Sentries","floor":7,"turns":1},{"damage":0,"enemies":"Small Slimes","floor":8,"turns":2},{"damage":0,"enemies":"2 Fungi Beasts","floor":12,"turns":2},{"damage":5,"enemies":"Looter","floor":14,"turns":3},{"damage":26,"enemies":"Slime Boss","floor":16,"turns":15},{"damage":32,"enemies":"Chosen","floor":18,"turns":6},{"damage":2,"enemies":"3 Byrds","floor":19,"turns":3},{"damage":56,"enemies":"Cultist and Chosen","floor":20,"turns":5}],"seed_played":"6310487276754307214","potions_obtained":[{"floor":7,"key":"Fire Potion"},{"floor":12,"key":"SneckoOil"},{"floor":16,"key":"CultistPotion"},{"floor":19,"key":"Fruit Juice"}],"is_trial":false,"path_per_floor":["M","$","T","?","M","R","E","M","T","?","?","M","$","M","R","B",null,"M","M","M"],"character_chosen":"THE_CURSED","items_purchased":["TheCursedMod:Torture","TheCursedMod:VitalStrike","TheCursedMod:Hemoplague"],"campfire_rested":0,"item_purchase_floors":[2,2,13],"current_hp_per_floor":[75,75,75,75,75,75,75,75,75,80,80,80,80,75,75,49,80,48,46,0,0],"gold":197,"neow_bonus":"THREE_ENEMY_KILL","is_daily":false,"chose_seed":false,"campfire_upgraded":2,"win_rate":0.0,"timestamp":1612473548,"path_taken":["M","$","?","?","M","R","E","M","T","?","?","M","?","M","R","BOSS","M","M","M"],"items_purchased_type":["Card","Card","Card"],"build_version":"2020-12-22","purchased_purges":1,"victory":false,"max_hp_per_floor":[75,75,75,75,75,75,75,75,75,80,80,80,80,80,80,80,80,80,80,85,85],"card_choices":[{"not_picked":["TheCursedMod:Mangle","TheCursedMod:VitalStrike"],"picked":"TheCursedMod:CircleOfFlame","floor":1},{"not_picked":["TheCursedMod:Stretching","TheCursedMod:TroublousMinions"],"picked":"TheCursedMod:SmokeScreen","floor":5},{"not_picked":["TheCursedMod:WearCloak","TheCursedMod:SpitefulStrike"],"picked":"TheCursedMod:SpreadPlague","floor":7},{"not_picked":["TheCursedMod:BlessingInDisguise","TheCursedMod:Torture"],"picked":"TheCursedMod:AshesToAshes","floor":8},{"not_picked":["TheCursedMod:CircleOfFocus","TheCursedMod:CircleOfWindfury"],"picked":"TheCursedMod:PrepareRite","floor":12},{"not_picked":["TheCursedMod:Torture","TheCursedMod:Stigma"],"picked":"TheCursedMod:CursedAmulet","floor":14},{"not_picked":["TheCursedMod:NeowsMight","TheCursedMod:ManaCirculation"],"picked":"TheCursedMod:DemonicPact","floor":16},{"not_picked":["TheCursedMod:TacticalStrike+1","TheCursedMod:TroublousMinions","TheCursedMod:SurpriseAttack"],"picked":"SKIP","floor":18},{"not_picked":["TheCursedMod:FuryStrike","TheCursedMod:CursedMace"],"picked":"TheCursedMod:FleshFromBone","floor":19}],"player_experience":69784,"relics_obtained":[{"floor":3,"key":"Bronze Scales"},{"floor":7,"key":"Omamori"},{"floor":9,"key":"Ancient Tea Set"}],"event_choices":[{"damage_healed":0,"gold_gain":0,"player_choice":"Ignored","damage_taken":0,"max_hp_gain":0,"max_hp_loss":0,"event_name":"Golden Idol","floor":4,"gold_loss":0},{"damage_healed":0,"gold_gain":0,"player_choice":"Donut","damage_taken":0,"max_hp_gain":5,"max_hp_loss":0,"event_name":"Big Fish","floor":10,"gold_loss":0},{"damage_healed":0,"gold_gain":0,"player_choice":"Grow","damage_taken":0,"max_hp_gain":0,"max_hp_loss":0,"event_name":"Living Wall","floor":11,"gold_loss":0,"cards_upgraded":["TheCursedMod:VitalStrike"]}],"is_beta":false,"boss_relics":[{"not_picked":["Runic Dome","Fusion Hammer"],"picked":"Empty Cage"}],"items_purged_floors":[13],"is_endless":false,"potions_floor_spawned":[7,12,16,19],"killed_by":"Cultist and Chosen","ascension_level":0}}