{"host":"pletss163z7s8pvv","time":1612416281,"event":{"mods":["AchievementEnabler","BaseMod","Better Altar","Better Match","Better Note","Better Sensory Stone","Better Skull","Better Third Choice","BetterRewards","CapriCore","ChefMod","Colored Map","Colored Powertips","Conspire","Energized Spire","Evolution","GifTheSpireLib","Hermit","Ironclad Rager","Marked Mod","Minty Spire (QoL Compilation)","Retaliation","Spicy Shops","StS++","StSLib","The Alterego","The Blue Laboratory","The Cursed","The Disciple","The Forsaken"],"gold_per_floor":[116,130,145,157,2,2,31,31,81,92,102,102,27,27,27,125,125,145,145,145,145,157,157,184,204,231,231,231],"floor_reached":27,"language":"ENG","playtime":596,"items_purged":[],"score":233,"play_id":"74f9aeac-cf27-4590-9640-18652a913a96","local_time":"20210203232441","is_ascension_mode":false,"campfire_choices":[{"floor":6,"key":"REST"},{"floor":8,"key":"REST"},{"floor":15,"key":"RECALL"},{"floor":23,"key":"REST"}],"circlet_count":0,"master_deck":["Flying Knee","Flying Knee","Survivor","Neutralize","ICR:VenomStrike","ICR:VenomStrike","ICR:VenomStrike","ICR:Dodge","ICR:Dodge","ICR:Dodge","ICR:Dodge","ICR:Dodge","Bane","Endless Agony","Noxious Fumes","Blade Dance","StSpp:PoisonousPunch","Blade Dance","StSpp:PoisonousPunch","Dagger Spray+1","Envenom+1","ICR:Cloudkill","Acrobatics","Outmaneuver","Deadly Poison","Underhanded Strike+1","Heel Hook+1","Escape Plan","ICR:Cloudkill","Quick Slash+1","PiercingWail","Blade Dance","Concentrate"],"relics":["Ring of the Snake","EVO:Axolotl","Bag of Marbles","White Beast Statue","energizedSpire:StickyHand","Strawberry","MealTicket"],"acts_visited":["Exordium","TheCity"],"potions_floor_usage":[16,27,27,27],"damage_taken":[{"damage":0,"enemies":"Cultist","floor":1,"turns":4},{"damage":0,"enemies":"Small Slimes","floor":2,"turns":3},{"damage":0,"enemies":"2 Louse","floor":3,"turns":2},{"damage":13,"enemies":"Exordium Thugs","floor":4,"turns":5},{"damage":18,"enemies":"Lagavulin","floor":7,"turns":6},{"damage":8,"enemies":"Exordium Wildlife","floor":10,"turns":3},{"damage":7,"enemies":"Blue Slaver","floor":11,"turns":2},{"damage":34,"enemies":"Hexaghost","floor":16,"turns":6},{"damage":3,"enemies":"3 Byrds","floor":18,"turns":3},{"damage":23,"enemies":"Shell Parasite","floor":22,"turns":4},{"damage":40,"enemies":"Book of Stabbing","floor":24,"turns":5},{"damage":28,"enemies":"Snake Plant","floor":25,"turns":3},{"damage":4,"enemies":"Snecko","floor":27,"turns":2}],"seed_played":"-5021737705180599966","potions_obtained":[{"floor":2,"key":"StSpp:ScatteredWeakPotion"},{"floor":3,"key":"Strength Potion"},{"floor":7,"key":"blueLaboratory:PyrophylliteBrew"},{"floor":11,"key":"blueLaboratory:RecallPotion"},{"floor":16,"key":"Strength Potion"},{"floor":20,"key":"Strength Potion"},{"floor":22,"key":"EntropicBrew"}],"is_trial":false,"path_per_floor":["M","M","M","M","$","R","E","R","T","M","M","?","?","$","R","B",null,"M","$","?","?","M","R","E","M","T","M"],"character_chosen":"THE_SILENT","items_purchased":["Bag of Marbles"],"campfire_rested":3,"item_purchase_floors":[5],"current_hp_per_floor":[70,70,70,57,57,70,52,70,70,62,55,55,55,55,55,21,70,67,67,67,67,44,65,32,4,4,0,0],"gold":231,"neow_bonus":"SILENT_POISONER","is_daily":false,"chose_seed":false,"campfire_upgraded":0,"win_rate":0.0,"timestamp":1612416281,"path_taken":["M","M","M","M","$","R","E","R","T","?","M","?","?","?","R","BOSS","M","$","?","?","M","R","E","M","T","M"],"items_purchased_type":["Relic"],"build_version":"2020-12-22","purchased_purges":0,"victory":false,"max_hp_per_floor":[70,70,70,70,70,70,70,70,70,70,70,70,70,70,70,70,70,70,70,70,70,70,70,77,77,77,77,77],"card_choices":[{"not_picked":["Sucker Punch","Slice"],"picked":"Bane","floor":1},{"not_picked":["Backflip","Acrobatics"],"picked":"Endless Agony","floor":2},{"not_picked":["Bane","Burst"],"picked":"Noxious Fumes","floor":3},{"not_picked":["StSpp:Dive","Poisoned Stab"],"picked":"Blade Dance","floor":4},{"not_picked":["StSpp:ChainedTrap","Night Terror"],"picked":"StSpp:PoisonousPunch","floor":7},{"not_picked":["Calculated Gamble","StSpp:Dive"],"picked":"Blade Dance","floor":10},{"not_picked":["Dodge and Roll","Reflex"],"picked":"StSpp:PoisonousPunch","floor":11},{"not_picked":["Underhanded Strike+1","Cloak And Dagger+1"],"picked":"Dagger Spray+1","floor":13},{"not_picked":["StSpp:Landslide","Storm of Steel"],"picked":"Envenom","floor":16},{"not_picked":["Acrobatics","Outmaneuver"],"picked":"ICR:Cloudkill","floor":18},{"not_picked":["Underhanded Strike+1","Heel Hook+1"],"picked":"Deadly Poison","floor":22},{"not_picked":["Escape Plan","Quick Slash+1"],"picked":"ICR:Cloudkill","floor":24},{"not_picked":["PiercingWail","Concentrate"],"picked":"Blade Dance","floor":25}],"player_experience":491602,"relics_obtained":[{"floor":7,"key":"White Beast Statue"},{"floor":24,"key":"Strawberry"},{"floor":26,"key":"MealTicket"}],"event_choices":[{"damage_healed":0,"gold_gain":0,"player_choice":"Searched \u00270\u0027 times","damage_taken":0,"max_hp_gain":0,"max_hp_loss":0,"event_name":"Dead Adventurer","floor":12,"gold_loss":0},{"damage_healed":0,"gold_gain":0,"player_choice":"2","damage_taken":0,"max_hp_gain":0,"max_hp_loss":0,"event_name":"betterMatch:BetterMatch","floor":13,"gold_loss":0,"cards_obtained":["betterMatch:CommonCard"]},{"damage_healed":0,"gold_gain":0,"player_choice":"Got Potions","damage_taken":0,"max_hp_gain":0,"max_hp_loss":0,"event_name":"Lab","floor":20,"gold_loss":0},{"damage_healed":0,"gold_gain":0,"player_choice":"Forge","damage_taken":0,"max_hp_gain":0,"max_hp_loss":0,"event_name":"Accursed Blacksmith","floor":21,"gold_loss":0,"cards_upgraded":["Envenom"]}],"is_beta":false,"boss_relics":[{"not_picked":["Runic Pyramid","Empty Cage"],"picked":"energizedSpire:StickyHand"}],"items_purged_floors":[],"is_endless":false,"potions_floor_spawned":[2,3,7,10,11,16,18,22,24,25],"killed_by":"Snecko","ascension_level":0}}