{"host":"sc0o2qwpf9j16a4i","time":1612443668,"event":{"mods":["AchievementEnabler","BaseMod","BetterRewards","Block Reminder","Colored Map","Colored Powertips","Custom Start","Highlight Path","Minty Spire (QoL Compilation)","Relic Stats"],"gold_per_floor":[110,130,130,100,28,62,89,117,117,144,156,156,214,230,230,331,331,356,390,390,390,23,50,82,181,206,11,11,39,70,102,102,203,262,288,312,534,590,13,49,108,76,76,76,76,76,76,113,113,113,113,113,11,52,52,52],"floor_reached":55,"language":"ENG","playtime":2201,"items_purged":["Strike_B"],"score":1064,"play_id":"9355ce10-c0f3-49bf-b525-2f5caf4af5cc","local_time":"20210204150108","daily_mods":["Specialized","Flight","Lethality"],"is_ascension_mode":false,"campfire_choices":[{"floor":12,"key":"REST"},{"data":"Creative AI","floor":15,"key":"SMITH"},{"floor":28,"key":"REST"},{"floor":32,"key":"REST"},{"floor":44,"key":"RECALL"},{"floor":45,"key":"REST"},{"floor":46,"key":"REST"},{"data":"Apotheosis","floor":49,"key":"SMITH"},{"data":"Loop","floor":52,"key":"SMITH"}],"circlet_count":0,"master_deck":["Strike_B+1","Strike_B","Strike_B+1","Defend_B+1","Defend_B","Defend_B","Defend_B","Zap","Genetic Algorithm","Genetic Algorithm","Genetic Algorithm+1","Genetic Algorithm","Genetic Algorithm","Barrage","Cold Snap","Glacier","Turbo","Melter","Doom and Gloom","Creative AI+1","Go for the Eyes","Rainbow+1","CurseOfTheBell","Glacier","Coolheaded+1","Glacier","Chill","Hologram","Coolheaded+1","Barrage","Heatsinks+1","Apotheosis+1","Consume","Force Field","Capacitor","Loop+1","Hologram","Ball Lightning+1","Stack+1","Reinforced Body","Stack+1","Static Discharge","BootSequence","Double Energy+1"],"relics":["Cracked Core","Vajra","Singing Bowl","Bag of Preparation","Centennial Puzzle","Bronze Scales","Potion Belt","Calling Bell","CeramicFish","Mummified Hand","FossilizedHelix","Red Mask","Runic Capacitor","Whetstone","Pear","CaptainsWheel","MawBank","OrangePellets","Bottled Flame","War Paint","Boot","Tiny House","Torii","Orrery","Omamori","Question Card","Dead Branch","Eternal Feather","Gambling Chip"],"acts_visited":["Exordium","TheCity","TheBeyond","TheEnding"],"potions_floor_usage":[6,7,10,13,16,16,23,24,30,41,41,41,50,50],"damage_taken":[{"damage":9,"enemies":"Cultist","floor":1,"turns":4},{"damage":8,"enemies":"Jaw Worm","floor":2,"turns":4},{"damage":3,"enemies":"Lagavulin","floor":6,"turns":7},{"damage":26,"enemies":"Gremlin Nob","floor":7,"turns":4},{"damage":4,"enemies":"Lagavulin","floor":8,"turns":7},{"damage":7,"enemies":"3 Sentries","floor":10,"turns":6},{"damage":0,"enemies":"Small Slimes","floor":11,"turns":3},{"damage":17,"enemies":"3 Sentries","floor":13,"turns":3},{"damage":0,"enemies":"3 Louse","floor":14,"turns":3},{"damage":8,"enemies":"Hexaghost","floor":16,"turns":7},{"damage":0,"enemies":"3 Byrds","floor":18,"turns":3},{"damage":37,"enemies":"Masked Bandits","floor":19,"turns":5},{"damage":15,"enemies":"Gremlin Leader","floor":23,"turns":8},{"damage":0,"enemies":"Slavers","floor":24,"turns":5},{"damage":14,"enemies":"Book of Stabbing","floor":29,"turns":6},{"damage":20,"enemies":"Slavers","floor":30,"turns":6},{"damage":12,"enemies":"Gremlin Leader","floor":31,"turns":5},{"damage":0,"enemies":"Champ","floor":33,"turns":12},{"damage":0,"enemies":"Orb Walker","floor":35,"turns":4},{"damage":10,"enemies":"3 Shapes","floor":36,"turns":6},{"damage":23,"enemies":"2 Orb Walkers","floor":38,"turns":6},{"damage":0,"enemies":"Giant Head","floor":40,"turns":9},{"damage":40,"enemies":"Mind Bloom Boss Battle","floor":41,"turns":3},{"damage":12,"enemies":"Nemesis","floor":48,"turns":7},{"damage":36,"enemies":"Donu and Deca","floor":50,"turns":10},{"damage":68,"enemies":"Shield and Spear","floor":54,"turns":7},{"damage":45,"enemies":"The Heart","floor":55,"turns":6}],"seed_played":"8276431522483686659","potions_obtained":[{"floor":1,"key":"SkillPotion"},{"floor":4,"key":"Strength Potion"},{"floor":4,"key":"Fire Potion"},{"floor":8,"key":"PowerPotion"},{"floor":11,"key":"ColorlessPotion"},{"floor":13,"key":"LiquidMemories"},{"floor":18,"key":"SneckoOil"},{"floor":23,"key":"Energy Potion"},{"floor":29,"key":"BlessingOfTheForge"},{"floor":31,"key":"PotionOfCapacity"},{"floor":34,"key":"DuplicationPotion"},{"floor":38,"key":"LiquidBronze"},{"floor":40,"key":"LiquidBronze"}],"is_trial":true,"path_per_floor":["M","M","?","?","$","E","E","E","T","E","M","R","?","M","R","B",null,"M","?","?","?","$","E","E","?","T","$","R","E","E","E","R","B",null,"M","M","?","?","$","E","?","$","T","R","R","R","?","E","R","B",null,"R","$","E","B"],"character_chosen":"DEFECT","items_purchased":["Glacier","Runic Capacitor","Whetstone","Glacier","OrangePellets","Chill","Apotheosis","Orrery","Omamori","Block Potion","Hologram","Reinforced Body","Static Discharge","BootSequence"],"campfire_rested":5,"item_purchase_floors":[5,22,22,22,27,27,39,39,39,39,39,42,53,53],"current_hp_per_floor":[66,58,58,58,58,55,29,25,25,18,20,43,26,28,28,20,79,79,42,42,27,27,24,26,26,26,26,55,43,25,15,46,48,111,111,101,101,78,80,80,40,40,40,40,73,106,106,94,113,77,113,113,113,45,0,0],"gold":52,"neow_bonus":"","is_daily":false,"chose_seed":false,"campfire_upgraded":3,"win_rate":0.0,"timestamp":1612443668,"path_taken":["M","M","?","?","$","E","E","E","T","E","?","R","?","M","R","BOSS","M","?","?","?","$","E","E","?","T","$","R","E","E","E","R","BOSS","M","M","?","?","$","E","?","?","T","R","R","R","?","E","R","BOSS","R","$","E","BOSS"],"items_purchased_type":["Card","Relic","Relic","Card","Relic","Card","Card","Relic","Relic","Potion","Card","Card","Card","Card"],"build_version":"2020-12-22","purchased_purges":1,"victory":false,"max_hp_per_floor":[75,75,75,75,75,75,75,75,75,75,77,77,77,79,79,79,79,79,79,79,84,84,96,98,98,98,98,98,100,102,104,104,106,111,111,111,111,111,113,113,113,113,113,113,113,113,113,113,113,113,113,113,113,113,113,113],"relic_stats":{"Singing Bowl":18,"Torii":9,"counters":[27,156],"CeramicFish":189,"Dead Branch":[40],"Eternal Feather":19,"Bag of Preparation":[44],"Whetstone":["Strike_B","Strike_B"],"War Paint":["Genetic Algorithm","Rainbow"],"MawBank":12,"Boot":[45],"Question Card":3,"OrangePellets":[14],"Centennial Puzzle":[45],"Mummified Hand":[107],"Bronze Scales":[551],"Gambling Chip":[3],"obtain_stats":[{"Tiny House":34,"Singing Bowl":7,"Torii":38,"CeramicFish":17,"Vajra":6,"Bag of Preparation":8,"Runic Capacitor":22,"Whetstone":22,"Boot":31,"Centennial Puzzle":9,"Mummified Hand":17,"Gambling Chip":54,"Red Mask":19,"Cracked Core":0,"Potion Belt":13,"Pear":23,"Dead Branch":41,"Eternal Feather":48,"Omamori":39,"War Paint":30,"MawBank":26,"Question Card":40,"Calling Bell":17,"OrangePellets":27,"CaptainsWheel":24,"Bottled Flame":29,"Bronze Scales":10,"Orrery":39,"FossilizedHelix":17},{"Tiny House":18,"Singing Bowl":4,"Torii":21,"CeramicFish":10,"Vajra":3,"Bag of Preparation":5,"Runic Capacitor":12,"Whetstone":12,"Boot":17,"Centennial Puzzle":5,"Mummified Hand":10,"Gambling Chip":26,"Red Mask":12,"Cracked Core":0,"Potion Belt":8,"Pear":13,"Dead Branch":23,"Eternal Feather":24,"Omamori":21,"War Paint":16,"MawBank":14,"Question Card":22,"Calling Bell":10,"OrangePellets":14,"CaptainsWheel":14,"Bottled Flame":15,"Bronze Scales":6,"Orrery":21,"FossilizedHelix":10},{"Tiny House":98,"Singing Bowl":19,"Torii":114,"CeramicFish":48,"Vajra":15,"Bag of Preparation":26,"Runic Capacitor":56,"Whetstone":56,"Boot":86,"Centennial Puzzle":26,"Mummified Hand":48,"Gambling Chip":150,"Red Mask":56,"Cracked Core":0,"Potion Belt":38,"Pear":64,"Dead Branch":126,"Eternal Feather":133,"Omamori":114,"War Paint":81,"MawBank":69,"Question Card":123,"Calling Bell":48,"OrangePellets":69,"CaptainsWheel":69,"Bottled Flame":75,"Bronze Scales":32,"Orrery":114,"FossilizedHelix":48}]},"card_choices":[{"not_picked":["Fusion","Turbo"],"picked":"Barrage","floor":1},{"not_picked":["Fusion","Undo"],"picked":"Cold Snap","floor":2},{"not_picked":["Gash","Streamline"],"picked":"Turbo","floor":6},{"not_picked":["Coolheaded","Self Repair"],"picked":"Melter","floor":7},{"not_picked":["Lockon","Rebound"],"picked":"Doom and Gloom","floor":8},{"not_picked":["Self Repair","Machine Learning"],"picked":"Creative AI","floor":10},{"not_picked":["Turbo","Redo","Gash"],"picked":"Singing Bowl","floor":11},{"not_picked":["Reprogram","Fusion"],"picked":"Go for the Eyes","floor":13},{"not_picked":["Rebound","Redo","Gash"],"picked":"Singing Bowl","floor":14},{"not_picked":["Thunder Strike","All For One"],"picked":"Rainbow","floor":16},{"not_picked":["Chaos","Conserve Battery"],"picked":"Glacier","floor":18},{"not_picked":["Ball Lightning","Rebound"],"picked":"Coolheaded+1","floor":19},{"not_picked":["Hyperbeam","Compile Driver","Leap"],"picked":"Singing Bowl","floor":23},{"not_picked":["Double Energy","Beam Cell","Tempest"],"picked":"Singing Bowl","floor":24},{"not_picked":["Creative AI","Undo","Lockon+1"],"picked":"Singing Bowl","floor":29},{"not_picked":["Hello World+1","FTL+1","Compile Driver"],"picked":"Singing Bowl","floor":30},{"not_picked":["Rebound","Steam+1","Multi-Cast"],"picked":"Singing Bowl","floor":31},{"not_picked":["Reboot","Amplify","Rainbow"],"picked":"Singing Bowl","floor":33},{"not_picked":["Rebound","Ball Lightning+1"],"picked":"Hologram","floor":34},{"not_picked":["Blizzard","Stack"],"picked":"Coolheaded+1","floor":35},{"not_picked":["Chill+1","Steam Power+1"],"picked":"Barrage","floor":36},{"not_picked":["Compile Driver","Barrage+1"],"picked":"Heatsinks+1","floor":38},{"not_picked":["BootSequence","Steam"],"picked":"Consume","floor":39},{"not_picked":["Hologram","Streamline+1"],"picked":"Force Field","floor":39},{"not_picked":["Reboot","Chaos"],"picked":"Capacitor","floor":39},{"not_picked":["Rebound+1","Doom and Gloom","Blizzard+1"],"picked":"Singing Bowl","floor":39},{"not_picked":["Fusion","Ball Lightning+1"],"picked":"Loop","floor":39},{"not_picked":["Darkness","Go for the Eyes+1"],"picked":"Ball Lightning+1","floor":40},{"not_picked":["Coolheaded+1","Undo+1","Core Surge"],"picked":"Stack+1","floor":41},{"not_picked":["Leap+1","Coolheaded","FTL"],"picked":"Stack+1","floor":48},{"not_picked":["Hologram","Beam Cell+1","BootSequence+1"],"picked":"Double Energy+1","floor":54}],"player_experience":1179234,"relics_obtained":[{"floor":6,"key":"Vajra"},{"floor":7,"key":"Singing Bowl"},{"floor":8,"key":"Bag of Preparation"},{"floor":9,"key":"Centennial Puzzle"},{"floor":10,"key":"Bronze Scales"},{"floor":13,"key":"Potion Belt"},{"floor":17,"key":"CeramicFish"},{"floor":17,"key":"Mummified Hand"},{"floor":17,"key":"FossilizedHelix"},{"floor":19,"key":"Red Mask"},{"floor":23,"key":"Pear"},{"floor":24,"key":"CaptainsWheel"},{"floor":26,"key":"MawBank"},{"floor":29,"key":"Bottled Flame"},{"floor":30,"key":"War Paint"},{"floor":31,"key":"Boot"},{"floor":38,"key":"Torii"},{"floor":40,"key":"Question Card"},{"floor":41,"key":"Dead Branch"},{"floor":48,"key":"Eternal Feather"},{"floor":54,"key":"Gambling Chip"}],"event_choices":[{"damage_healed":0,"gold_gain":0,"player_choice":"Ignored","damage_taken":0,"max_hp_gain":0,"max_hp_loss":0,"event_name":"Golden Wing","floor":3,"gold_loss":0},{"damage_healed":0,"gold_gain":0,"player_choice":"Bought 2 Potions","damage_taken":0,"max_hp_gain":0,"max_hp_loss":0,"event_name":"The Woman in Blue","floor":4,"gold_loss":0},{"damage_healed":0,"gold_gain":0,"player_choice":"Searched \u00272\u0027 times","damage_taken":0,"max_hp_gain":0,"max_hp_loss":0,"event_name":"Dead Adventurer","floor":13,"gold_loss":0},{"damage_healed":0,"gold_gain":0,"player_choice":"Fought Bandits","damage_taken":0,"max_hp_gain":0,"max_hp_loss":0,"event_name":"Masked Bandits","floor":19,"gold_loss":0},{"damage_healed":0,"gold_gain":0,"player_choice":"Ignored","damage_taken":0,"max_hp_gain":0,"max_hp_loss":0,"event_name":"Vampires","floor":20,"gold_loss":0},{"damage_healed":0,"gold_gain":0,"player_choice":"Shed Blood","damage_taken":20,"max_hp_gain":5,"max_hp_loss":0,"event_name":"Forgotten Altar","floor":21,"gold_loss":0},{"damage_healed":0,"gold_gain":99,"player_choice":"Stole From Cult","damage_taken":0,"max_hp_gain":0,"max_hp_loss":0,"event_name":"Nest","floor":25,"gold_loss":0},{"damage_healed":0,"gold_gain":222,"player_choice":"Wore Mask","damage_taken":0,"max_hp_gain":0,"max_hp_loss":0,"event_name":"Tomb of Lord Red Mask","floor":37,"gold_loss":0},{"damage_healed":0,"gold_gain":0,"player_choice":"Fight","damage_taken":0,"max_hp_gain":0,"max_hp_loss":0,"event_name":"Mysterious Sphere","floor":38,"gold_loss":0},{"damage_healed":0,"gold_gain":0,"player_choice":"Fight","damage_taken":0,"max_hp_gain":0,"max_hp_loss":0,"event_name":"MindBloom","floor":41,"gold_loss":0},{"cards_removed":["Dualcast"],"damage_healed":0,"gold_gain":0,"player_choice":"Removed Skill","damage_taken":0,"max_hp_gain":0,"max_hp_loss":0,"event_name":"Falling","floor":47,"gold_loss":0}],"is_beta":false,"boss_relics":[{"not_picked":["Sozu","Astrolabe"],"picked":"Calling Bell"},{"not_picked":["SlaversCollar","Runic Pyramid"],"picked":"Tiny House"}],"items_purged_floors":[39],"is_endless":false,"potions_floor_spawned":[1,8,11,13,18,23,29,31,38,40],"killed_by":"The Heart","ascension_level":0}}