{"host":"jpcy2bclvs7juczu","time":1612404599,"event":{"mods":["Alarm Clock","BaseMod","Bestiary","Block Reminder","Colored Map","Colored Powertips","Curses Come First","Dark Map","Filter the Spire","Minty Spire (QoL Compilation)","Quick Restart","RNG Fix","Relic Stats","Slay the Relics Exporter","Smile Girya","StSLib","everything is the same but u backflip on backflip","ojb\u0027s Better Paths Mod","ojb\u0027s Info Mod","slay the spire mod where everything is the same but ironclad has a cowboy hat"],"gold_per_floor":[110,124,124,139,152,195,195,195,195],"floor_reached":8,"language":"ENG","playtime":706,"items_purged":[],"score":116,"play_id":"409545e5-8918-49c1-ba3e-87225d9679a1","local_time":"20210203210959","is_ascension_mode":true,"campfire_choices":[{"data":"Wraith Form v2","floor":7,"key":"SMITH"}],"circlet_count":0,"master_deck":["AscendersBane","Strike_G","Strike_G","Strike_G","Strike_G","Strike_G","Defend_G","Defend_G","Defend_G","Defend_G","Defend_G","Survivor","Neutralize","Flechettes","Sucker Punch","Predator","Wraith Form v2+1"],"relics":["Ring of the Snake","Girya","CeramicFish"],"acts_visited":["Exordium"],"potions_floor_usage":[8],"damage_taken":[{"damage":4.0,"enemies":"Jaw Worm","floor":1.0,"turns":5.0},{"damage":3.0,"enemies":"2 Louse","floor":2.0,"turns":3.0},{"damage":2.0,"enemies":"Small Slimes","floor":4.0,"turns":4.0},{"damage":2.0,"enemies":"3 Louse","floor":5.0,"turns":5.0},{"damage":34.0,"enemies":"Lagavulin","floor":6.0,"turns":7.0},{"damage":19,"enemies":"3 Sentries","floor":8,"turns":4}],"seed_played":"6233817614339413269","potions_obtained":[{"floor":2.0,"key":"Weak Potion"},{"floor":4.0,"key":"Fire Potion"},{"floor":5.0,"key":"Poison Potion"}],"is_trial":false,"path_per_floor":["M","M","?","M","M","E","R","E"],"character_chosen":"THE_SILENT","items_purchased":[],"campfire_rested":0,"item_purchase_floors":[],"current_hp_per_floor":[55,52,57,55,53,19,19,0,0],"gold":195,"neow_bonus":"ONE_RARE_RELIC","is_daily":false,"chose_seed":false,"campfire_upgraded":1,"win_rate":0.0,"timestamp":1612404599,"path_taken":["M","M","?","M","M","E","R","E"],"items_purchased_type":[],"build_version":"2020-12-22","purchased_purges":0,"victory":false,"max_hp_per_floor":[60,60,65,65,65,65,65,65,65],"relic_stats":{"counters":[6,28],"CeramicFish":9,"obtain_stats":[{"Girya":0,"CeramicFish":6,"Ring of the Snake":0},{"Girya":0,"CeramicFish":5,"Ring of the Snake":0},{"Girya":0,"CeramicFish":24,"Ring of the Snake":0}],"Ring of the Snake":[12]},"card_choices":[{"not_picked":["Concentrate","Deflect"],"picked":"Flechettes","floor":1.0},{"not_picked":["Outmaneuver","Accuracy"],"picked":"Sucker Punch","floor":2.0},{"not_picked":["Cloak And Dagger","Setup","Deflect"],"picked":"SKIP","floor":4.0},{"not_picked":["Underhanded Strike","Deadly Poison"],"picked":"Predator","floor":5.0},{"not_picked":["Underhanded Strike","Grand Finale"],"picked":"Wraith Form v2","floor":6.0}],"player_experience":1563776,"relics_obtained":[{"floor":6.0,"key":"CeramicFish"}],"event_choices":[{"damage_healed":0.0,"max_hp_gain":5.0,"max_hp_loss":0.0,"gold_gain":0.0,"event_name":"Big Fish","player_choice":"Donut","floor":3.0,"gold_loss":0.0,"damage_taken":0.0}],"is_beta":false,"boss_relics":[],"items_purged_floors":[],"is_endless":false,"potions_floor_spawned":[2,4,5],"killed_by":"3 Sentries","ascension_level":20}}