{"host":"29uuqgkzqd703i93","time":1612463947,"event":{"mods":["BaseMod","Minty Spire (QoL Compilation)"],"gold_per_floor":[114,74,92,1,16,16,46,46,46,121,121,132,56,56,56,184,184,208,208,258,282,282,282,296,296,296],"floor_reached":25,"language":"ENG","playtime":1171,"items_purged":[],"score":199,"play_id":"cb2eb8bb-2d38-4213-85a4-f0ea76178d7e","local_time":"20210204193907","is_ascension_mode":false,"campfire_choices":[{"data":"Poisoned Stab","floor":8,"key":"SMITH"},{"floor":15,"key":"REST"},{"floor":23,"key":"REST"}],"circlet_count":0,"master_deck":["Strike_G","Strike_G","Strike_G","Strike_G","Strike_G","Defend_G","Defend_G","Defend_G","Defend_G","Defend_G","Survivor","Neutralize","Catalyst","Dash","Deflect","Blur","Slice","Poisoned Stab+1","Corpse Explosion","Deflect","Well Laid Plans","Injury","Unload","Catalyst+1","Writhe","Blade Dance","Noxious Fumes","Crippling Poison"],"relics":["Ring of the Snake","Paper Crane","Happy Flower","Toy Ornithopter","Golden Idol","Philosopher\u0027s Stone","Strawberry"],"acts_visited":["Exordium","TheCity"],"potions_floor_usage":[16,16,24,24,24],"damage_taken":[{"damage":0,"enemies":"Small Slimes","floor":1,"turns":5},{"damage":0,"enemies":"Cultist","floor":3,"turns":4},{"damage":0,"enemies":"2 Louse","floor":5,"turns":3},{"damage":16,"enemies":"Lagavulin","floor":7,"turns":9},{"damage":8,"enemies":"Lots of Slimes","floor":12,"turns":4},{"damage":27,"enemies":"The Guardian","floor":16,"turns":9},{"damage":33,"enemies":"Spheric Guardian","floor":18,"turns":6},{"damage":29,"enemies":"2 Thieves","floor":21,"turns":3},{"damage":34,"enemies":"Cultist and Chosen","floor":24,"turns":9},{"damage":19,"enemies":"Snake Plant","floor":25,"turns":4}],"seed_played":"6088416201038544411","potions_obtained":[{"floor":1,"key":"SteroidPotion"},{"floor":2,"key":"Energy Potion"},{"floor":2,"key":"SneckoOil"},{"floor":3,"key":"CunningPotion"},{"floor":18,"key":"AttackPotion"},{"floor":21,"key":"Block Potion"}],"is_trial":false,"path_per_floor":["M","?","M","$","M","T","E","R","T","?","?","M","$","?","R","B",null,"M","?","?","M","?","R","M","M"],"character_chosen":"THE_SILENT","items_purchased":["Blur","Slice","Well Laid Plans"],"campfire_rested":2,"item_purchase_floors":[4,4,13],"current_hp_per_floor":[70,70,70,70,70,70,54,54,54,43,36,28,28,28,49,32,70,37,44,44,15,15,38,19,0,0],"gold":296,"neow_bonus":"THREE_CARDS","is_daily":false,"chose_seed":false,"campfire_upgraded":1,"win_rate":0.0,"timestamp":1612463947,"path_taken":["M","?","M","$","?","?","E","R","T","?","?","?","$","?","R","BOSS","M","?","?","?","?","R","M","M"],"items_purchased_type":["Card","Card","Card"],"build_version":"2020-12-22","purchased_purges":0,"victory":false,"max_hp_per_floor":[70,70,70,70,70,70,70,70,70,70,70,70,70,70,70,70,70,70,77,77,77,77,77,77,77,77],"card_choices":[{"not_picked":["Quick Slash","Riddle With Holes"],"picked":"Catalyst","floor":0},{"not_picked":["Predator","Acrobatics"],"picked":"Dash","floor":1},{"not_picked":["Flechettes","Dagger Throw"],"picked":"Deflect","floor":3},{"not_picked":["PiercingWail","Dagger Throw"],"picked":"Poisoned Stab","floor":5},{"not_picked":["Flechettes","Noxious Fumes"],"picked":"Corpse Explosion","floor":7},{"not_picked":["Quick Slash","Heel Hook"],"picked":"Deflect","floor":12},{"not_picked":["Tools of the Trade","Glass Knife"],"picked":"Unload","floor":16},{"not_picked":["Eviscerate","Cloak And Dagger+1"],"picked":"Catalyst+1","floor":18},{"not_picked":["Prepared","Dagger Throw"],"picked":"Blade Dance","floor":21},{"not_picked":["Deadly Poison","Backflip"],"picked":"Crippling Poison","floor":24}],"player_experience":62599,"relics_obtained":[{"floor":6,"key":"Paper Crane"},{"floor":7,"key":"Happy Flower"},{"floor":9,"key":"Toy Ornithopter"}],"event_choices":[{"damage_healed":0,"gold_gain":0,"player_choice":"Bought 3 Potions","damage_taken":0,"max_hp_gain":0,"max_hp_loss":0,"event_name":"The Woman in Blue","floor":2,"gold_loss":0},{"damage_healed":0,"gold_gain":75,"player_choice":"Gather Gold","damage_taken":11,"max_hp_gain":0,"max_hp_loss":0,"event_name":"World of Goop","floor":10,"gold_loss":0},{"damage_healed":0,"gold_gain":0,"player_choice":"Damaged","damage_taken":7,"max_hp_gain":0,"max_hp_loss":0,"event_name":"Wheel of Change","floor":11,"gold_loss":0},{"damage_healed":0,"gold_gain":0,"player_choice":"Take Wound","damage_taken":0,"relics_obtained":["Golden Idol"],"max_hp_gain":0,"max_hp_loss":0,"event_name":"Golden Idol","floor":14,"gold_loss":0,"cards_obtained":["Injury"]},{"damage_healed":0,"gold_gain":0,"player_choice":"Opened","damage_taken":0,"relics_obtained":["Strawberry"],"max_hp_gain":0,"max_hp_loss":0,"event_name":"The Mausoleum","floor":19,"gold_loss":0,"cards_obtained":["Writhe"]},{"damage_healed":0,"gold_gain":100,"player_choice":"Bet on Murderer","damage_taken":0,"max_hp_gain":0,"max_hp_loss":0,"event_name":"The Joust","floor":20,"gold_loss":50},{"damage_healed":0,"gold_gain":0,"player_choice":"Read","damage_taken":0,"max_hp_gain":0,"max_hp_loss":0,"event_name":"The Library","floor":22,"gold_loss":0,"cards_obtained":["Noxious Fumes"]}],"is_beta":false,"boss_relics":[{"not_picked":["Cursed Key","HoveringKite"],"picked":"Philosopher\u0027s Stone"}],"items_purged_floors":[],"is_endless":false,"potions_floor_spawned":[1,3,12,18,21],"killed_by":"Snake Plant","ascension_level":0}}