{"host":"xhm1ik3sxl6w66st","time":1612416906,"event":{"mods":["BaseMod","Colored Powertips","Downfall","Duelist Mod","Hermit","Jorbs\u0027s Wanderer Trilogy","Marisa????????","Minty Spire (QoL Compilation)","Quick Restart","READ ME - Guardian Mod","READ ME - Snecko Mod","Replay The Spire","StSLib","The Bug Knight","The Construct","The Cursed","The Disciple","The Hierophant","The Jungle","The Necromancer","The Runesmith","The Senshi","The Servant 0.9.4"],"gold_per_floor":[99,99,99,99,99,117,117,137,74,107,117,150,150,167,187,286,286,286,297,312,312,216,216,266,266,66,78,90,90,25,25,25,25],"floor_reached":31,"language":"ENG","playtime":2447,"items_purged":[],"score":243,"play_id":"28331e66-c48f-4885-a2c8-1bd909abb2b7","local_time":"20210203223506","is_ascension_mode":false,"campfire_choices":[{"data":"Slimebound:Split","floor":1,"key":"SMITH"},{"data":"Slimebound:GoopSpray","floor":13,"key":"SMITH"},{"data":"Slimebound:SelfFormingGoo","floor":18,"key":"SMITH"},{"data":"Slimebound:SpikyOuterGoop","floor":23,"key":"SMITH"},{"floor":26,"key":"RECALL"}],"circlet_count":0,"master_deck":["Slimebound:Tackle","Slimebound:Defend_Slimebound","Slimebound:Defend_Slimebound","Slimebound:Defend_Slimebound","Slimebound:Split+1","Slimebound:CorrosiveSpit","Slimebound:SlimeBarrage","Slimebound:Schlurp","Slimebound:SplitAcid","Slimebound:ComboTackle","Slimebound:SamplingLick","Slimebound:SplitMire","Slimebound:GoopSpray+1","Slimebound:LeechingTouch","Slimebound:LivingWall","Slimebound:GrowthPunch","Slimebound:SpikyOuterGoop+1","Slimebound:SplitAcid","Slimebound:SelfFormingGoo+1","Slimebound:SpikyOuterGoop+1","Slimebound:PressTheAttack+1","Slimebound:LivingWall+1","Slimebound:LeadByExample","Slimebound:ViciousTackle","Slimebound:Nibble+1","Slimebound:Gluttony","Slimebound:HauntingLick+1","Slimebound:SplitMire+1","Slimebound:Tackle+1","Slimebound:Tackle+1","Slimebound:Tackle+1","Slimebound:SplitBruiser","Slimebound:SplitBruiser"],"relics":["Slimebound:AbsorbEndCombat","downfall:HeartsMalice","Replay:Mystery Machine","Bottled Flame","Nunchaku","Astrolabe","MutagenicStrength","downfall:HeartBlessingGreen","downfall:HeartBlessingBlue"],"acts_visited":["Exordium","TheCity"],"potions_floor_usage":[14],"damage_taken":[{"damage":0,"enemies":"Small Slimes","floor":2,"turns":1},{"damage":0,"enemies":"Cultist","floor":3,"turns":1},{"damage":0,"enemies":"2 Louse","floor":4,"turns":1},{"damage":11,"enemies":"Exordium Wildlife","floor":6,"turns":3},{"damage":10,"enemies":"Large Slime","floor":8,"turns":4},{"damage":3,"enemies":"downfall:FleeingMerchant","floor":9,"turns":4},{"damage":17,"enemies":"Gremlin Nob","floor":10,"turns":3},{"damage":6,"enemies":"2 Fungi Beasts","floor":11,"turns":3},{"damage":2,"enemies":"3 Sentries","floor":12,"turns":7},{"damage":3,"enemies":"Exordium Thugs","floor":14,"turns":5},{"damage":3,"enemies":"Large Slime","floor":15,"turns":5},{"damage":47,"enemies":"DF_ARCHETYPE_STREAMLINE","floor":16,"turns":9},{"damage":4,"enemies":"Chosen","floor":19,"turns":5},{"damage":14,"enemies":"Shell Parasite","floor":20,"turns":5},{"damage":3,"enemies":"downfall:FleeingMerchant","floor":22,"turns":4},{"damage":23,"enemies":"Chosen and Byrds","floor":27,"turns":6},{"damage":26,"enemies":"Snake Plant","floor":28,"turns":4},{"damage":6,"enemies":"downfall:FleeingMerchant","floor":30,"turns":4},{"damage":30,"enemies":"Slavers","floor":31,"turns":2}],"seed_played":"-2474493865601674731","potions_obtained":[{"floor":6,"key":"Swift Potion"},{"floor":8,"key":"BlessingOfTheForge"},{"floor":12,"key":"Adrenaline Potion"},{"floor":14,"key":"Energy Potion"},{"floor":15,"key":"FearPotion"}],"is_trial":false,"path_per_floor":["R","M","M","M","?","M","T","M","$","E","M","E","R","M","M","B",null,"R","M","M","?","$","R","T","?","R","M","M","?","$","E"],"character_chosen":"SLIMEBOUND","items_purchased":["Slimebound:GoopSpray","Slimebound:Gluttony","Slimebound:SplitBruiser"],"campfire_rested":0,"item_purchase_floors":[9,22,30],"current_hp_per_floor":[65,65,65,65,65,58,58,54,57,46,44,50,50,55,60,21,65,65,65,55,55,56,56,56,56,66,47,27,27,29,0,0,0],"gold":25,"neow_bonus":"THREE_ENEMY_KILL","is_daily":false,"chose_seed":false,"campfire_upgraded":4,"win_rate":0.0,"timestamp":1612416906,"path_taken":["R","M","M","M","?","?","T","M","?","E","M","E","R","M","M","BOSS","R","M","M","?","$","R","T","?","R","M","M","?","$","E"],"items_purchased_type":["Card","Card","Card"],"build_version":"2020-12-22","purchased_purges":0,"victory":false,"max_hp_per_floor":[65,65,65,65,65,65,65,65,65,65,65,65,65,65,65,65,65,65,65,65,65,65,65,65,65,75,75,75,75,75,75,75,75],"card_choices":[{"not_picked":["Slimebound:SlimeSpikes","Slimebound:GoopSpray"],"picked":"Slimebound:SlimeBarrage","floor":2},{"not_picked":["Slimebound:LivingWall","Slimebound:SamplingLick"],"picked":"Slimebound:Schlurp","floor":3},{"not_picked":["Slimebound:FinishingTackle","Slimebound:GoopSpray"],"picked":"Slimebound:SplitAcid","floor":4},{"not_picked":["Slimebound:DisruptingSlam","Slimebound:HauntingLick"],"picked":"Slimebound:ComboTackle","floor":6},{"not_picked":["Slimebound:SlimeBrawl","Slimebound:LeechEnergy"],"picked":"Slimebound:SamplingLick","floor":8},{"not_picked":["Slimebound:SlimeTap","Slimebound:OneTwoCombo"],"picked":"Slimebound:SplitMire","floor":9},{"not_picked":["Slimebound:RollThrough","Slimebound:ItLooksTasty"],"picked":"Slimebound:LeechingTouch","floor":10},{"not_picked":["Slimebound:Chomp","Slimebound:MegaLick"],"picked":"Slimebound:LivingWall","floor":11},{"not_picked":["Slimebound:PressTheAttack","Slimebound:ProtectTheBoss"],"picked":"Slimebound:GrowthPunch","floor":12},{"not_picked":["Slimebound:FormOfPuddle","Slimebound:Gluttony"],"picked":"Slimebound:SpikyOuterGoop","floor":14},{"not_picked":["Slimebound:Schlurp","Slimebound:ComboTackle"],"picked":"Slimebound:SplitAcid","floor":15},{"not_picked":["Slimebound:MassRepurpose","Slimebound:Overexert"],"picked":"Slimebound:SelfFormingGoo","floor":16},{"not_picked":["Slimebound:GoopSpray","Slimebound:LivingWall"],"picked":"Slimebound:LeadByExample","floor":19},{"not_picked":["Slimebound:Schlurp","Slimebound:ItLooksTasty"],"picked":"Slimebound:ViciousTackle","floor":20},{"not_picked":["Slimebound:ItLooksTasty+1","Slimebound:SlimeBrawl"],"picked":"Slimebound:Nibble+1","floor":22},{"not_picked":["Slimebound:BestDefense","Slimebound:SamplingLick"],"picked":"Slimebound:HauntingLick+1","floor":27},{"not_picked":["Slimebound:SplitBruiser","Slimebound:GoopTackle"],"picked":"Slimebound:SplitMire+1","floor":28},{"not_picked":["Slimebound:Overexert","Slimebound:SamplingLick"],"picked":"Slimebound:SplitBruiser","floor":30}],"player_experience":174600,"relics_obtained":[{"floor":7,"key":"Replay:Mystery Machine"},{"floor":10,"key":"Bottled Flame"},{"floor":12,"key":"Nunchaku"}],"event_choices":[{"damage_healed":0,"gold_gain":0,"player_choice":"Inject Mutagens","damage_taken":0,"relics_obtained":["MutagenicStrength"],"max_hp_gain":0,"max_hp_loss":0,"event_name":"Drug Dealer","floor":25,"gold_loss":0}],"is_beta":false,"boss_relics":[{"not_picked":["Replay:Drink Me","Replay:Wanted Poster"],"picked":"Astrolabe"}],"items_purged_floors":[],"is_endless":false,"potions_floor_spawned":[6,8,12,14,15,16,27,28],"killed_by":"Slavers","ascension_level":0}}