{"host":"t9zjxed0utvsfjwc","time":1612409883,"event":{"mods":["2.2 Compatiblity","Aspiration","BaseMod","Better Altar","Better Match","Better Note","Better Sensory Stone","Better Skull","Better Third Choice","Block Reminder","Colored Map","Colored Powertips","Custom Start","Downfall","Hermit","Highlight Path","Hubris","Infinite Spire","Marisa????????","Minty Spire (QoL Compilation)","Quick Restart","Rare Cards Sparkle","Reliquary","Replay The Spire","StSLib","The Cursed","The Marked","The Runesmith","Unceasing Turn Reminder","everything is the same but u backflip on backflip"],"gold_per_floor":[112,112,123,123,70,102,27,27,27,37,37,37,37,48,48,48,48],"floor_reached":16,"language":"ENG","playtime":465,"items_purged":["Strike_R"],"score":98,"play_id":"97b550c8-0668-4276-8649-498eead00a89","local_time":"20210204033803","is_ascension_mode":false,"campfire_choices":[{"data":"Pommel Strike","floor":8,"key":"SMITH"},{"data":"Bash","floor":12,"key":"SMITH"},{"floor":15,"key":"DIG"}],"circlet_count":0,"master_deck":["Strike_R","Strike_R","Strike_R","Strike_R","Defend_R","Defend_R","Defend_R","Defend_R","Bash+1","Wild Strike","Pommel Strike+1","Wild Strike"],"relics":["Burning Blood","aspiration:Nostalgia","m_RuneBlood","hubris:PeanutButter","Replay:Accelerometer","reliquary:RoseTintedGlasses","hubris:FruitBowl","SsserpentHead","Eternal Feather"],"acts_visited":["Exordium"],"potions_floor_usage":[6,16],"damage_taken":[{"damage":1,"enemies":"Jaw Worm","floor":1,"turns":5},{"damage":1,"enemies":"Cultist","floor":3,"turns":3},{"damage":55,"enemies":"Lagavulin","floor":6,"turns":7},{"damage":0,"enemies":"Small Slimes","floor":10,"turns":3},{"damage":0,"enemies":"Exordium Thugs","floor":14,"turns":4},{"damage":27,"enemies":"Slime Boss","floor":16,"turns":5}],"seed_played":"-1831196877593896756","potions_obtained":[{"floor":1,"key":"Adrenaline Potion"},{"floor":14,"key":"LiquidMemories"}],"is_trial":false,"path_per_floor":["M","?","M","?","$","E","$","R","T","M","$","R","?","M","R_BF","B"],"character_chosen":"IRONCLAD","items_purchased":["Pommel Strike","reliquary:RoseTintedGlasses","hubris:FruitBowl"],"campfire_rested":0,"item_purchase_floors":[5,11,11],"current_hp_per_floor":[80,80,80,80,80,34,34,34,34,43,14,14,14,23,23,0,0],"gold":48,"neow_bonus":"NOSTALGIA","is_daily":false,"chose_seed":false,"campfire_upgraded":2,"win_rate":0.0,"timestamp":1612409883,"path_taken":["M","?","?","?","$","E","$","R","T","M","?","R","?","M","R_BF","BOSS"],"items_purchased_type":["Card","Relic","Relic"],"build_version":"2020-12-22","purchased_purges":1,"victory":false,"max_hp_per_floor":[80,80,80,80,80,80,80,80,80,80,80,80,80,80,80,80,80],"card_choices":[{"not_picked":["ReplayTheSpireMod:Strike From Hell","Dual Wield","Bash"],"picked":"SKIP","floor":1},{"not_picked":["Body Slam","Warcry"],"picked":"Wild Strike","floor":3},{"not_picked":["Warcry","ReplayTheSpireMod:Corrosion Curse","Havoc"],"picked":"SKIP","floor":6},{"not_picked":["Sentinel","Headbutt"],"picked":"Wild Strike","floor":10},{"not_picked":["Run Through","ReplayTheSpireMod:Limb From Limb","Inflame"],"picked":"SKIP","floor":14}],"player_experience":474347,"relics_obtained":[{"floor":6,"key":"hubris:PeanutButter"},{"floor":9,"key":"Replay:Accelerometer"},{"floor":15,"key":"Eternal Feather"}],"event_choices":[{"damage_healed":0,"gold_gain":0,"player_choice":"Cursed","damage_taken":0,"max_hp_gain":0,"max_hp_loss":0,"event_name":"Wheel of Change","floor":2,"gold_loss":0,"cards_obtained":["Decay"]},{"cards_removed":["Decay"],"damage_healed":0,"gold_gain":0,"player_choice":"Purged","damage_taken":0,"max_hp_gain":0,"max_hp_loss":0,"event_name":"Purifier","floor":4,"gold_loss":0},{"damage_healed":0,"gold_gain":0,"player_choice":"Trade","damage_taken":0,"relics_obtained":["SsserpentHead"],"max_hp_gain":0,"max_hp_loss":0,"event_name":"FaceTrader","floor":13,"gold_loss":0}],"is_beta":false,"boss_relics":[],"items_purged_floors":[7],"is_endless":false,"potions_floor_spawned":[1,14],"killed_by":"Slime Boss","ascension_level":0}}