{"host":"x5w9zppki4gdwvc7","time":1612433286,"event":{"mods":["AchievementEnabler","BaseMod","Colored Powertips","DeckTracker","Minty Spire (QoL Compilation)"],"gold_per_floor":[119,130,130,140,57,57,72,72,98,98,133,133,151,116,116,116,116],"floor_reached":16,"language":"ENG","playtime":964,"items_purged":[],"score":115,"play_id":"9195ed89-6e09-44e5-a9aa-2faeab46da48","local_time":"20210204110806","is_ascension_mode":true,"campfire_choices":[{"data":"Backflip","floor":6,"key":"SMITH"},{"data":"Caltrops","floor":10,"key":"SMITH"},{"floor":12,"key":"REST"},{"data":"Blur","floor":15,"key":"SMITH"}],"circlet_count":0,"master_deck":["Strike_G","Strike_G","Strike_G","Defend_G","Defend_G","Defend_G","Defend_G","Defend_G","Survivor","Neutralize+1","Blur+1","PiercingWail","Choke","Backflip+1","Escape Plan","Caltrops+1"],"relics":["Ring of the Snake","Anchor","PreservedInsect"],"acts_visited":["Exordium"],"potions_floor_usage":[11,16],"damage_taken":[{"damage":0,"enemies":"Small Slimes","floor":1,"turns":5},{"damage":5,"enemies":"Cultist","floor":2,"turns":6},{"damage":2,"enemies":"2 Louse","floor":4,"turns":3},{"damage":4,"enemies":"Large Slime","floor":7,"turns":11},{"damage":30,"enemies":"Lagavulin","floor":11,"turns":8},{"damage":15,"enemies":"Exordium Thugs","floor":13,"turns":6},{"damage":59,"enemies":"Slime Boss","floor":16,"turns":21}],"seed_played":"-8372938892143301179","potions_obtained":[{"floor":1,"key":"SteroidPotion"},{"floor":2,"key":"Strength Potion"},{"floor":7,"key":"PowerPotion"},{"floor":11,"key":"SpeedPotion"}],"is_trial":false,"path_per_floor":["M","M","?","M","$","R","M","?","T","R","E","R","M","?","R","B"],"character_chosen":"THE_SILENT","items_purchased":["Backflip","Escape Plan"],"campfire_rested":1,"item_purchase_floors":[5,5],"current_hp_per_floor":[70,65,65,63,63,63,59,59,59,59,29,50,35,52,52,0,0],"gold":116,"neow_bonus":"REMOVE_CARD","is_daily":false,"chose_seed":false,"campfire_upgraded":3,"win_rate":0.0,"timestamp":1612433286,"path_taken":["M","M","?","?","?","R","M","?","T","R","E","R","M","?","R","BOSS"],"items_purchased_type":["Card","Card"],"build_version":"2020-12-22","purchased_purges":0,"victory":false,"max_hp_per_floor":[70,70,70,70,70,70,70,70,70,70,70,70,70,70,70,70,70],"card_choices":[{"not_picked":["Leg Sweep","Dodge and Roll"],"picked":"Blur","floor":1},{"not_picked":["Catalyst","Flying Knee"],"picked":"PiercingWail","floor":2},{"not_picked":["Backstab","Sucker Punch"],"picked":"Choke","floor":4},{"not_picked":["Concentrate","Bane"],"picked":"Caltrops","floor":7},{"not_picked":["Choke","Expertise","Bouncing Flask"],"picked":"SKIP","floor":11},{"not_picked":["Slice","Eviscerate","Flying Knee"],"picked":"SKIP","floor":13}],"player_experience":458310,"relics_obtained":[{"floor":9,"key":"Anchor"},{"floor":11,"key":"PreservedInsect"}],"event_choices":[{"cards_removed":["Strike_G"],"damage_healed":0,"gold_gain":0,"player_choice":"Offered Basic","damage_taken":0,"max_hp_gain":0,"max_hp_loss":0,"event_name":"Bonfire Elementals","floor":3,"gold_loss":0},{"damage_healed":0,"gold_gain":0,"player_choice":"Grow","damage_taken":0,"max_hp_gain":0,"max_hp_loss":0,"event_name":"Living Wall","floor":8,"gold_loss":0,"cards_upgraded":["Neutralize"]},{"damage_healed":17,"gold_gain":0,"player_choice":"Healed","damage_taken":0,"max_hp_gain":0,"max_hp_loss":0,"event_name":"The Cleric","floor":14,"gold_loss":35}],"is_beta":false,"boss_relics":[],"items_purged_floors":[],"is_endless":false,"potions_floor_spawned":[1,2,7,11],"killed_by":"Slime Boss","ascension_level":3}}