{"host":"d85gwtocd8go8gx0","time":1612481385,"event":{"mods":["AchievementEnabler","BaseMod","Better Altar","Better Skull","Better Third Choice","Block Reminder","Colored Powertips","Curses Come First","Dark Map","Filter the Spire","Highlight Path","Minty Spire (QoL Compilation)","Permanent Neow","Quick Restart","Shop Mod","StSLib","SuperFastMode","UnlockEverythingMod"],"gold_per_floor":[110,90,106,106,116,150,150,176,176,209,227,247,74,0,0,73,73,93,105,121,421,13,13,24,24,24,53,53,53,63,83,83,160,160,171,171,95,95,114,114,14,47,47,47,72,72,72,42,42,42,42],"floor_reached":52,"language":"ENG","playtime":3047,"items_purged":["Writhe","Enlightenment"],"score":1857,"play_id":"2a4e3253-34a0-47d1-a16c-c6d04b57a8a8","local_time":"20210204152945","is_ascension_mode":true,"campfire_choices":[{"floor":7.0,"key":"REST"},{"data":"Eruption","floor":15.0,"key":"SMITH"},{"data":"Blasphemy","floor":23.0,"key":"SMITH"},{"data":"Worship","floor":29.0,"key":"SMITH"},{"floor":32.0,"key":"REST"},{"data":"Mind Blast","floor":40.0,"key":"SMITH"},{"floor":44.0,"key":"REST"},{"data":"Fasting2","floor":49.0,"key":"SMITH"}],"circlet_count":0,"master_deck":["AscendersBane","Eruption+1","Vigilance","Ragnarok","Evaluate","Meditate","Adaptation","ReachHeaven","Protect","Devotion","DeceiveReality","Protect","CarveReality","Blasphemy+1","Conclude","EmptyBody","SashWhip","Devotion","CrushJoints","JustLucky","LikeWater","EmptyFist","ClearTheMind+1","Crescendo","Wallop","WindmillStrike","FollowUp","Worship+1","Halt","FlurryOfBlows+1","Devotion","FollowUp+1","Mind Blast+1","Fasting2+1","FlurryOfBlows","CarveReality"],"relics":["PureWater","CloakClasp","Gremlin Horn","HornCleat","Tiny Chest","OrangePellets","Pandora\u0027s Box","Old Coin","Lee\u0027s Waffle","Pantograph","Ancient Tea Set","Orichalcum","Blood Vial","SlaversCollar","Singing Bowl","Happy Flower","Torii","CaptainsWheel","CeramicFish"],"acts_visited":["Exordium","TheCity","TheBeyond"],"potions_floor_usage":[],"damage_taken":[{"damage":2.0,"enemies":"Jaw Worm","floor":1.0,"turns":4.0},{"damage":0.0,"enemies":"Cultist","floor":3.0,"turns":3.0},{"damage":3.0,"enemies":"Small Slimes","floor":5.0,"turns":4.0},{"damage":18.0,"enemies":"Lagavulin","floor":6.0,"turns":7.0},{"damage":0.0,"enemies":"Gremlin Nob","floor":8.0,"turns":2.0},{"damage":5.0,"enemies":"Lagavulin","floor":10.0,"turns":7.0},{"damage":0.0,"enemies":"Gremlin Gang","floor":11.0,"turns":3.0},{"damage":0.0,"enemies":"Large Slime","floor":12.0,"turns":4.0},{"damage":29.0,"enemies":"Slime Boss","floor":16.0,"turns":8.0},{"damage":5.0,"enemies":"Spheric Guardian","floor":18.0,"turns":7.0},{"damage":3.0,"enemies":"Chosen","floor":19.0,"turns":3.0},{"damage":13.0,"enemies":"Shelled Parasite and Fungi","floor":20.0,"turns":5.0},{"damage":8.0,"enemies":"Sentry and Sphere","floor":24.0,"turns":4.0},{"damage":11.0,"enemies":"Gremlin Leader","floor":27.0,"turns":5.0},{"damage":14.0,"enemies":"Cultist and Chosen","floor":30.0,"turns":7.0},{"damage":1.0,"enemies":"Snake Plant","floor":31.0,"turns":4.0},{"damage":6.0,"enemies":"Champ","floor":33.0,"turns":7.0},{"damage":0.0,"enemies":"3 Shapes","floor":35.0,"turns":5.0},{"damage":26.0,"enemies":"3 Darklings","floor":39.0,"turns":3.0},{"damage":35.0,"enemies":"Nemesis","floor":42.0,"turns":5.0},{"damage":11.0,"enemies":"Mind Bloom Boss Battle","floor":45.0,"turns":6.0},{"damage":34.0,"enemies":"Time Eater","floor":50.0,"turns":9.0},{"damage":34,"enemies":"Awakened One","floor":51,"turns":12}],"seed_played":"8334436836922733158","potions_obtained":[{"floor":1.0,"key":"Strength Potion"},{"floor":2.0,"key":"StancePotion"},{"floor":8.0,"key":"EntropicBrew"},{"floor":10.0,"key":"EssenceOfSteel"},{"floor":33.0,"key":"LiquidMemories"}],"is_trial":false,"path_per_floor":["M","?","M","?","M","E","R","E","T","E","M","M","$","?","R","B",null,"M","M","M","?","$","R","M","T","T","E","?","R","M","M","R","B",null,"M","?","$","T","M","R","$","E","T","R","?","$","T","$","R","B","B",null],"character_chosen":"WATCHER","items_purchased":["OrangePellets","Wallop","WindmillStrike","Lee\u0027s Waffle","Fasting2","CarveReality"],"campfire_rested":3,"item_purchase_floors":[13,22,22,22,37,48],"current_hp_per_floor":[59,59,59,59,56,38,58,58,58,53,53,53,53,59,59,30,63,58,55,42,42,81,81,73,73,73,62,37,37,25,26,50,71,79,81,81,81,81,57,57,57,26,26,51,67,67,67,67,67,51,44],"gold":42,"neow_bonus":"ONE_RANDOM_RARE_CARD","is_daily":false,"chose_seed":false,"campfire_upgraded":5,"win_rate":0.0,"timestamp":1612481385,"path_taken":["M","?","?","?","M","E","R","E","T","E","?","M","$","?","R","BOSS","M","M","M","?","$","R","M","?","T","E","?","R","?","M","R","BOSS","M","?","$","?","?","R","$","E","T","R","?","?","?","$","R","BOSS","BOSS"],"items_purchased_type":["Relic","Card","Card","Relic","Card","Card"],"build_version":"2020-12-22","purchased_purges":2,"victory":true,"max_hp_per_floor":[68,68,68,68,68,68,68,68,68,68,68,68,68,74,74,74,74,74,74,74,74,81,81,81,81,81,81,81,81,81,81,81,81,81,81,81,81,81,83,83,83,85,85,85,85,85,85,85,85,85,85],"card_choices":[{"not_picked":["SandsOfTime","ThirdEye"],"picked":"Evaluate","floor":1.0},{"not_picked":["Wireheading","Evaluate"],"picked":"Meditate","floor":3.0},{"not_picked":["Fasting2","EmptyFist"],"picked":"ReachHeaven","floor":5.0},{"not_picked":["Halt","EmptyFist"],"picked":"Protect","floor":6.0},{"not_picked":["Sanctity","FlyingSleeves"],"picked":"Devotion","floor":8.0},{"not_picked":["SashWhip","SandsOfTime"],"picked":"DeceiveReality","floor":10.0},{"not_picked":["WindmillStrike","BowlingBash"],"picked":"Protect","floor":11.0},{"not_picked":["Protect","PathToVictory"],"picked":"CarveReality","floor":12.0},{"not_picked":["DeusExMachina","Establishment"],"picked":"Blasphemy","floor":16.0},{"not_picked":["LikeWater","ThirdEye+1"],"picked":"EmptyFist","floor":18.0},{"not_picked":["CrushJoints","EmptyMind"],"picked":"ClearTheMind+1","floor":19.0},{"not_picked":["ReachHeaven","SashWhip+1"],"picked":"Crescendo","floor":20.0},{"not_picked":["Study","Judgement"],"picked":"FollowUp","floor":24.0},{"not_picked":["FlurryOfBlows","PathToVictory+1"],"picked":"Worship","floor":27.0},{"not_picked":["WaveOfTheHand+1","Nirvana"],"picked":"Halt","floor":30.0},{"not_picked":["FlyingSleeves","WaveOfTheHand"],"picked":"FlurryOfBlows+1","floor":31.0},{"not_picked":["Vault","Judgement"],"picked":"Devotion","floor":33.0},{"not_picked":["EmptyFist","ForeignInfluence"],"picked":"FollowUp+1","floor":35.0},{"not_picked":["Sadistic Nature","Discovery"],"picked":"Mind Blast","floor":36.0},{"not_picked":["ClearTheMind","Evaluate","Adaptation"],"picked":"Singing Bowl","floor":39.0},{"not_picked":["SashWhip","ClearTheMind","LessonLearned"],"picked":"Singing Bowl","floor":42.0},{"not_picked":["ThirdEye","Protect"],"picked":"FlurryOfBlows","floor":45.0}],"player_experience":34777,"relics_obtained":[{"floor":6.0,"key":"CloakClasp"},{"floor":8.0,"key":"Gremlin Horn"},{"floor":9.0,"key":"HornCleat"},{"floor":10.0,"key":"Tiny Chest"},{"floor":25.0,"key":"Pantograph"},{"floor":26.0,"key":"Ancient Tea Set"},{"floor":27.0,"key":"Orichalcum"},{"floor":38.0,"key":"Singing Bowl"},{"floor":42.0,"key":"Happy Flower"},{"floor":43.0,"key":"Torii"},{"floor":45.0,"key":"CaptainsWheel"},{"floor":47.0,"key":"CeramicFish"}],"event_choices":[{"damage_healed":0.0,"max_hp_gain":0.0,"max_hp_loss":0.0,"gold_gain":0.0,"event_name":"The Woman in Blue","player_choice":"Bought 1 Potion","floor":2.0,"gold_loss":0.0,"damage_taken":0.0},{"damage_healed":0.0,"max_hp_gain":0.0,"max_hp_loss":0.0,"gold_gain":0.0,"cards_transformed":["Defend_P"],"event_name":"Transmorgrifier","player_choice":"Transformed","floor":4.0,"gold_loss":0.0,"damage_taken":0.0,"cards_obtained":["Adaptation"]},{"damage_healed":0.0,"max_hp_gain":0.0,"max_hp_loss":0.0,"gold_gain":0.0,"event_name":"betterThird:BetterSerpent","player_choice":"RENOUNCE","floor":14.0,"gold_loss":74.0,"damage_taken":74.0,"cards_obtained":["Enlightenment"]},{"damage_healed":0.0,"max_hp_gain":0.0,"max_hp_loss":0.0,"gold_gain":0.0,"event_name":"The Mausoleum","player_choice":"Opened","floor":21.0,"gold_loss":0.0,"damage_taken":0.0,"relics_obtained":["Old Coin"],"cards_obtained":["Writhe"]},{"damage_healed":0.0,"max_hp_gain":62.0,"max_hp_loss":37.0,"gold_gain":0.0,"event_name":"betterAltar:BetterAltar","player_choice":" Vial ","floor":28.0,"potions_obtained":[],"relics_lost":[],"gold_loss":0.0,"damage_taken":25.0,"relics_obtained":["Blood Vial"]},{"damage_healed":0.0,"max_hp_gain":0.0,"max_hp_loss":0.0,"gold_gain":0.0,"event_name":"SensoryStone","player_choice":"Memory 1","floor":36.0,"gold_loss":0.0,"damage_taken":0.0},{"damage_healed":0.0,"max_hp_gain":0.0,"max_hp_loss":0.0,"gold_gain":0.0,"event_name":"MindBloom","player_choice":"Fight","floor":45.0,"gold_loss":0.0,"damage_taken":0.0}],"is_beta":false,"boss_relics":[{"not_picked":["Astrolabe","Ectoplasm"],"picked":"Pandora\u0027s Box"},{"not_picked":["Runic Dome","Empty Cage"],"picked":"SlaversCollar"}],"items_purged_floors":[22,41],"is_endless":false,"potions_floor_spawned":[1,8,10,16,19,24,31,33,39,42,45],"ascension_level":20}}