{"host":"takgv9cv6xf64vhq","time":1612425397,"event":{"mods":["BaseMod","Colored Powertips","Conspire","Decade(王小明)","Downfall","Energized Spire","Hermit","Hubris","LagranYue(拉格朗・月)","Marisa（F雨　魔理沙）","Minty Spire (QoL Compilation)","Replay The Spire","StSLib","The Cursed","The Hierophant","The Jungle","The Servant 0.9.4","TheHeartMod"],"gold_per_floor":[111,111,36,36,47,74,87,123,123,123,138,138,152,181,181,181,181],"floor_reached":16,"language":"ZHS","playtime":760,"items_purged":["conspire:GhostlyStrike"],"score":286,"play_id":"575ca0dc-8bc8-44bb-b085-1a8898ce91e6","local_time":"20210204155637","is_ascension_mode":true,"campfire_choices":[{"data":"Fluid Movement","floor":10,"key":"SMITH"},{"data":"After Image","floor":12,"key":"SMITH"}],"circlet_count":0,"master_deck":["AscendersBane","conspire:GhostlyStrike","conspire:GhostlyStrike","conspire:GhostlyStrike","conspire:GhostlyStrike","conspire:GhostlyDefend","conspire:GhostlyDefend","conspire:GhostlyDefend+1","conspire:GhostlyDefend","conspire:GhostlyDefend","Survivor","Neutralize+1","Eviscerate","Dodge and Roll","Blur","Fluid Movement+1","Hidden Blade","After Image+1","Backflip","Deflect"],"relics":["Ring of the Snake","NeowsBlessing","hubris:CrystalStatue","hubris:SlimyHat"],"acts_visited":["Exordium"],"potions_floor_usage":[14,16],"damage_taken":[{"damage":0.0,"enemies":"2 Louse","floor":1.0,"turns":1.0},{"damage":0.0,"enemies":"Jaw Worm","floor":5.0,"turns":1.0},{"damage":0.0,"enemies":"Lagavulin","floor":6.0,"turns":1.0},{"damage":0.0,"enemies":"Cultist","floor":7.0,"turns":3.0},{"damage":2,"enemies":"2 Fungi Beasts","floor":11,"turns":5},{"damage":0,"enemies":"Large Slime","floor":13,"turns":8},{"damage":11,"enemies":"3 Sentries","floor":14,"turns":15},{"damage":45,"enemies":"Fading Forest","floor":16,"turns":10}],"seed_played":"2983419584554112802","potions_obtained":[{"floor":7.0,"key":"SkillPotion"},{"floor":8,"key":"Energy Potion"}],"is_trial":false,"path_per_floor":["M","?","$","?","M","E","M","?","T","R","M","R","M","E","R","B"],"character_chosen":"THE_SILENT","items_purchased":[],"campfire_rested":0,"item_purchase_floors":[],"current_hp_per_floor":[59,59,59,59,59,59,59,38,38,38,36,36,36,25,44,3,3],"gold":181,"neow_bonus":"THREE_ENEMY_KILL","is_daily":false,"chose_seed":false,"campfire_upgraded":2,"win_rate":0.0,"timestamp":1612425397,"path_taken":["M","?","$","?","M","E","M","?","T","R","?","R","M","E","R","BOSS"],"items_purchased_type":[],"build_version":"2020-12-22","purchased_purges":1,"victory":false,"max_hp_per_floor":[66,66,66,66,66,66,66,66,66,66,66,66,66,66,66,66,66],"card_choices":[{"not_picked":["Flying Knee","Dagger Spray"],"picked":"Eviscerate","floor":1.0},{"not_picked":["Flying Knee","Riddle With Holes"],"picked":"Dodge and Roll","floor":5.0},{"not_picked":["hubris:SlightOfHand","Caltrops"],"picked":"Blur","floor":6.0},{"not_picked":["Flechettes","PiercingWail"],"picked":"Fluid Movement","floor":7.0},{"not_picked":["hubris:Sniper","Dash"],"picked":"Hidden Blade","floor":8},{"not_picked":["Outmaneuver","Deadly Poison"],"picked":"After Image","floor":11},{"not_picked":["Underhanded Strike","Flying Knee"],"picked":"Backflip","floor":13},{"not_picked":["PiercingWail","ReplayTheSpireMod:Exploit Weakness"],"picked":"Deflect","floor":14}],"player_experience":382818,"relics_obtained":[{"floor":6.0,"key":"hubris:CrystalStatue"},{"floor":14,"key":"hubris:SlimyHat"}],"event_choices":[{"damage_healed":0.0,"max_hp_gain":0.0,"max_hp_loss":0.0,"gold_gain":0.0,"event_name":"conspire:LoneGhost","player_choice":"Agree","floor":2.0,"gold_loss":0.0,"damage_taken":0.0}],"is_beta":false,"boss_relics":[],"items_purged_floors":[3],"is_endless":false,"potions_floor_spawned":[7,11],"killed_by":"Fading Forest","ascension_level":15}}