{"host":"5nj7t8259370g0gl","time":1612430024,"event":{"mods":["AchievementEnabler","BaseMod","Bestiary","Colored Map","Colored Powertips","Displayed Cursed Tome","Minty Spire (QoL Compilation)","Permanent Neow","Relic Sorter","Shop Mod","Spire Arcade","StSLib","The Marked"],"gold_per_floor":[109,109,135,85,500085,500111,500144,500169,500194,500220,499735,499814,499018,498099,498099,498201,498201,498201,498186,498186,498186,498186,498186,497515,496835,496835,496835,496835,496835,496835,496100,496100,496100,496100,496100,496100,496100,496100,496100,496100,496100,496100,496100,496100,496100,495022,495022,494263,494263,494263],"floor_reached":51,"language":"ENG","playtime":6157,"items_purged":["theMarked:BanishingStrike","theMarked:Static","theMarked:ChannelForce+1","theMarked:OneWithTheBlade","theMarked:SwordAndMagic","theMarked:ShockingTouch","theMarked:SelfDefenseTraining","theMarked:SwordAndMagic"],"score":984,"play_id":"5fa976ae-ef1b-4141-8aa3-43af71df5be3","local_time":"20210204201344","daily_mods":["SealedDeck","Flight","DeadlyEvents"],"is_ascension_mode":false,"campfire_choices":[{"data":"theMarked:EmpowerWeapon","floor":15,"key":"SMITH"},{"data":"Trip","floor":27,"key":"SMITH"},{"data":"theMarked:RogueSparks","floor":29,"key":"SMITH"},{"data":"theMarked:RogueSparks","floor":32,"key":"SMITH"},{"data":"theMarked:RogueSparks","floor":40,"key":"SMITH"},{"data":"theMarked:WardOff","floor":41,"key":"SMITH"},{"data":"theMarked:SuspiciousRaven","floor":45,"key":"SMITH"},{"data":"Sadistic Nature","floor":47,"key":"SMITH"},{"data":"theMarked:Heritage","floor":49,"key":"SMITH"}],"circlet_count":0,"master_deck":["theMarked:EmpowerWeapon+1","theMarked:HeightenedSenses+1","theMarked:WardOff+1","theMarked:RogueSparks+1","theMarked:RogueSparks+1","Trip+1","theMarked:RogueSparks+1","theMarked:EmpowerWeapon+1","theMarked:Heritage+1","theMarked:SuspiciousRaven+1","Sadistic Nature+1","theMarked:TheMission","theMarked:BanishingStrike","theMarked:TakeCover"],"relics":["theMarked:ArtifactOfAir","Potion Belt","Mango","Bronze Scales","Regal Pillow","War Paint","Akabeko","Singing Bowl","Blood Vial","Meat on the Bone","Mercury Hourglass","Torii","Chemical X","HornCleat","theMarked:Winder","Bottled Tornado","Ectoplasm","MealTicket","MawBank","Strange Spoon","Lantern","Strawberry","TheAbacus","Tiny Chest","Boot","Shuriken","Ornamental Fan","Mummified Hand","Bag of Marbles","DollysMirror","Runic Dome","Turnip","Centennial Puzzle","Ginger","Prayer Wheel","PreservedInsect","Dream Catcher","Gremlin Horn","Sling","Ancient Tea Set","Toy Ornithopter","Pen Nib","ClockworkSouvenir"],"acts_visited":["Exordium","TheCity","TheBeyond"],"potions_floor_usage":[10,16,18,50],"damage_taken":[{"damage":0,"enemies":"Jaw Worm","floor":1,"turns":2},{"damage":0,"enemies":"Gremlin Nob","floor":6,"turns":3},{"damage":0,"enemies":"Lagavulin","floor":7,"turns":3},{"damage":8,"enemies":"Gremlin Nob","floor":8,"turns":3},{"damage":4,"enemies":"3 Sentries","floor":10,"turns":6},{"damage":15,"enemies":"The Guardian","floor":16,"turns":6},{"damage":0,"enemies":"Shell Parasite","floor":18,"turns":3},{"damage":15,"enemies":"2 Thieves","floor":19,"turns":2},{"damage":0,"enemies":"Chosen and Byrds","floor":21,"turns":3},{"damage":25,"enemies":"Slavers","floor":23,"turns":5},{"damage":0,"enemies":"Book of Stabbing","floor":28,"turns":4},{"damage":0,"enemies":"Centurion and Healer","floor":30,"turns":3},{"damage":1,"enemies":"Champ","floor":33,"turns":6},{"damage":1,"enemies":"Orb Walker","floor":35,"turns":2},{"damage":7,"enemies":"2 Orb Walkers","floor":36,"turns":3},{"damage":0,"enemies":"3 Shapes","floor":38,"turns":3},{"damage":1,"enemies":"Giant Head","floor":42,"turns":4},{"damage":0,"enemies":"Nemesis","floor":44,"turns":3},{"damage":10,"enemies":"Donu and Deca","floor":50,"turns":7}],"seed_played":"6364802201214759509","potions_obtained":[{"floor":1,"key":"AttackPotion"},{"floor":10,"key":"Swift Potion"},{"floor":16,"key":"Block Potion"},{"floor":18,"key":"BlessingOfTheForge"},{"floor":23,"key":"SteroidPotion"},{"floor":28,"key":"SmokeBomb"},{"floor":33,"key":"Weak Potion"}],"is_trial":true,"path_per_floor":["M","?","T","?","?","E","E","E","T","E","$","T","$","$","R","B",null,"M","M","?","M","?","E","$","$","T","R","E","R","M","$","R","B",null,"M","?","T","M","T","R","R","E","T","E","R","$","R","$","R","B",null],"character_chosen":"THE_DEFAULT","items_purchased":["Singing Bowl","Blood Vial","Mercury Hourglass","Torii","Chemical X","HornCleat","theMarked:Winder","theMarked:RogueSparks","theMarked:SwordAndMagic","Bottled Tornado","Strange Spoon","Lantern","Strawberry","Trip","TheAbacus","Tiny Chest","Boot","Block Potion","Mummified Hand","Bag of Marbles","DollysMirror","Gremlin Horn","Sling","Ancient Tea Set","Sadistic Nature","theMarked:TheMission","theMarked:BanishingStrike","Toy Ornithopter","Pen Nib","ClockworkSouvenir","theMarked:TakeCover"],"campfire_rested":0,"item_purchase_floors":[11,11,13,13,13,14,14,14,14,14,24,24,24,24,25,25,25,25,31,31,31,46,46,46,46,46,46,48,48,48,48],"current_hp_per_floor":[70,63,63,63,63,77,77,69,69,65,65,65,65,65,65,54,86,88,75,75,79,92,69,91,101,101,101,103,103,105,105,105,106,107,108,102,102,106,106,106,106,107,107,109,109,111,111,111,111,101],"gold":494263,"neow_bonus":"","is_daily":false,"chose_seed":false,"campfire_upgraded":9,"win_rate":0.0,"timestamp":1612430024,"path_taken":["M","?","?","?","?","E","E","?","T","E","$","?","$","$","R","BOSS","M","M","?","M","?","E","$","$","T","R","E","R","M","$","R","BOSS","M","?","?","?","?","R","R","E","T","E","R","$","R","$","R","BOSS"],"items_purchased_type":["Relic","Relic","Relic","Relic","Relic","Relic","Relic","Card","Card","Relic","Relic","Relic","Relic","Card","Relic","Relic","Relic","Potion","Relic","Relic","Relic","Relic","Relic","Relic","Card","Card","Card","Relic","Relic","Relic","Card"],"build_version":"2020-12-22","purchased_purges":8,"victory":true,"max_hp_per_floor":[70,70,70,70,70,84,84,84,84,84,84,84,84,84,84,86,86,88,90,90,92,92,94,101,101,101,101,103,103,105,105,105,107,107,109,109,109,111,111,111,111,111,111,111,111,111,111,111,111,111],"card_choices":[{"not_picked":["theMarked:ElectricStrings","theMarked:CreepingChasm"],"picked":"theMarked:RogueSparks","floor":1},{"not_picked":["theMarked:Panic","theMarked:OneWithTheBlade"],"picked":"theMarked:ShockingTouch","floor":6},{"not_picked":["theMarked:ResourceFulStrike","theMarked:Defy","theMarked:LightningStrikesTwice"],"picked":"SKIP","floor":7},{"not_picked":["theMarked:TakeCover","theMarked:Frustration"],"picked":"theMarked:Static","floor":8},{"not_picked":["theMarked:ParalyzingBlade","theMarked:TakeCover","theMarked:PowerFlow"],"picked":"SKIP","floor":10},{"not_picked":["theMarked:Defy","theMarked:Snap","theMarked:Levitate"],"picked":"Singing Bowl","floor":16},{"not_picked":["theMarked:SwordAndMagic","theMarked:Overthink","theMarked:Parkour"],"picked":"Singing Bowl","floor":18},{"not_picked":["theMarked:Electrocute","theMarked:BanishingStrike","theMarked:TakeOffHeels"],"picked":"Singing Bowl","floor":19},{"not_picked":["theMarked:Parkour+1","theMarked:TwofoldDefense","theMarked:Electrocute"],"picked":"Singing Bowl","floor":21},{"not_picked":["theMarked:ResourceFulStrike","theMarked:BanishingStrike","theMarked:RepellingDischarge"],"picked":"Singing Bowl","floor":23},{"not_picked":["theMarked:Memento","theMarked:ShockingTouch","theMarked:Pokerface"],"picked":"Singing Bowl","floor":28},{"not_picked":["theMarked:TwofoldDefense+1","theMarked:BanishingWave","theMarked:Parry"],"picked":"Singing Bowl","floor":30},{"not_picked":["theMarked:MagusForm","theMarked:TakeOffHeels","theMarked:Levitate"],"picked":"Singing Bowl","floor":33},{"not_picked":["theMarked:Memento","theMarked:Frustration","theMarked:HeightenedSenses"],"picked":"Singing Bowl","floor":35},{"not_picked":["theMarked:RogueSparks","theMarked:Memento+1"],"picked":"theMarked:EmpowerWeapon+1","floor":36},{"not_picked":["theMarked:Electrify","theMarked:StartUp+1","theMarked:EmpowerWeapon+1"],"picked":"Singing Bowl","floor":38},{"not_picked":["theMarked:Panic","theMarked:TwofoldDefense"],"picked":"theMarked:Heritage","floor":42},{"not_picked":["theMarked:MuscleMemory+1","theMarked:EnhanceMovement"],"picked":"theMarked:SuspiciousRaven","floor":44}],"player_experience":628865,"relics_obtained":[{"floor":3,"key":"Potion Belt"},{"floor":6,"key":"Mango"},{"floor":7,"key":"Bronze Scales"},{"floor":8,"key":"Regal Pillow"},{"floor":9,"key":"War Paint"},{"floor":10,"key":"Akabeko"},{"floor":12,"key":"Meat on the Bone"},{"floor":23,"key":"MawBank"},{"floor":26,"key":"Shuriken"},{"floor":28,"key":"Ornamental Fan"},{"floor":36,"key":"Turnip"},{"floor":37,"key":"Centennial Puzzle"},{"floor":39,"key":"Ginger"},{"floor":42,"key":"Prayer Wheel"},{"floor":43,"key":"PreservedInsect"},{"floor":44,"key":"Dream Catcher"}],"event_choices":[{"cards_removed":["theMarked:Frustration"],"damage_healed":0,"gold_gain":0,"player_choice":"Card Removal","damage_taken":7,"max_hp_gain":0,"max_hp_loss":0,"event_name":"Golden Wing","floor":2,"gold_loss":0},{"cards_removed":["theMarked:ParalyzingBlade"],"damage_healed":0,"gold_gain":0,"player_choice":"Card Removal","damage_taken":0,"max_hp_gain":0,"max_hp_loss":0,"event_name":"The Cleric","floor":4,"gold_loss":50},{"damage_healed":0,"gold_gain":0,"player_choice":"Ignored","damage_taken":0,"max_hp_gain":0,"max_hp_loss":0,"event_name":"Liars Game","floor":5,"gold_loss":0},{"damage_healed":30,"gold_gain":0,"player_choice":"Heal","damage_taken":0,"max_hp_gain":0,"max_hp_loss":0,"event_name":"The Library","floor":22,"gold_loss":0},{"damage_healed":0,"gold_gain":0,"player_choice":"Fight","damage_taken":0,"max_hp_gain":0,"max_hp_loss":0,"event_name":"Mysterious Sphere","floor":36,"gold_loss":0}],"is_beta":false,"boss_relics":[{"not_picked":["Sozu","Snecko Eye"],"picked":"Ectoplasm"},{"not_picked":["Velvet Choker","SacredBark"],"picked":"Runic Dome"}],"items_purged_floors":[11,13,14,24,25,31,46,48],"is_endless":false,"potions_floor_spawned":[1,10,16,18,23,28,33,42],"ascension_level":0}}