{"host":"z9a4j4a70g1iinja","time":1612407084,"event":{"mods":["BaseMod","Better Note","Colored Map","Colored Powertips","Downfall","Minty Spire (QoL Compilation)","Quick Restart","Rare Cards Sparkle","StSLib"],"gold_per_floor":[99,111,121,71,71,71,71,86,86,86,104,115,15,0,15,115,115,115,128,38,51,51,36,36,50,238,248,259,73,73,73,88,191,191,191,206,206,226,7,7,54,54,65,17,51,51,102,25,39,39],"floor_reached":51,"language":"ENG","playtime":2223,"items_purged":["Slimebound:Tackle","Slimebound:Strike_Slimebound"],"score":669,"play_id":"9a932ed2-3362-42e6-a379-60955a85bc10","local_time":"20210203215124","is_ascension_mode":false,"campfire_choices":[{"data":"Slimebound:CorrosiveSpit","floor":1,"key":"SMITH"},{"data":"Slimebound:Split","floor":6,"key":"SMITH"},{"data":"Mind Blast","floor":9,"key":"SMITH"},{"data":"Slimebound:SelfFormingGoo","floor":13,"key":"SMITH"},{"data":"Slimebound:MassRepurpose","floor":18,"key":"SMITH"},{"data":"Slimebound:FirmFortitude","floor":35,"key":"SMITH"},{"data":"Slimebound:LeadByExample","floor":40,"key":"SMITH"},{"data":"Slimebound:GoopSpray","floor":42,"key":"SMITH"},{"data":"expansioncontent:DashGenerateEvil","floor":46,"key":"SMITH"}],"circlet_count":0,"master_deck":["Slimebound:Strike_Slimebound","Slimebound:Strike_Slimebound","Slimebound:Defend_Slimebound","Slimebound:Defend_Slimebound","Slimebound:Defend_Slimebound","Slimebound:Defend_Slimebound","Slimebound:Split+1","Slimebound:CorrosiveSpit+1","Slimebound:HauntingLick","Slimebound:SlimeSpikes","Slimebound:SplitAcid","Slimebound:LeadByExample+1","Slimebound:SplitLeeching","Slimebound:Equalize","Slimebound:SelfFormingGoo+1","Slimebound:Schlurp","Slimebound:GoopSpray+1","Slimebound:MassRepurpose+1","Slimebound:SplitBruiser","Slimebound:SplitBruiser","Slimebound:AcidTongue","Slimebound:MegaLick","Slimebound:TongueLash","Slimebound:LeechLife","Slimebound:SplitBruiser","expansioncontent:DashGenerateEvil+1","Slimebound:FirmFortitude+1","Slimebound:ItLooksTasty+1","Slimebound:SelfFormingGoo+1","Slimebound:SplitMire+1","Slimebound:TongueLash","Slimebound:LevelUp"],"relics":["Slimebound:AbsorbEndCombatUpgraded","downfall:ShatteredFragment","downfall:HeartBlessingBlue","Lantern","HandDrill","Nunchaku","Oddly Smooth Stone","TungstenRod"],"acts_visited":["Exordium","TheCity","TheBeyond"],"potions_floor_usage":[12,26,28,31,32,43,45,45,47,47],"damage_taken":[{"damage":1,"enemies":"Jaw Worm","floor":2,"turns":4},{"damage":3,"enemies":"Small Slimes","floor":3,"turns":4},{"damage":0,"enemies":"downfall:FleeingMerchant","floor":4,"turns":4},{"damage":0,"enemies":"Cultist","floor":8,"turns":3},{"damage":2,"enemies":"Exordium Wildlife","floor":11,"turns":3},{"damage":0,"enemies":"3 Louse","floor":12,"turns":3},{"damage":0,"enemies":"downfall:FleeingMerchant","floor":14,"turns":4},{"damage":5,"enemies":"Exordium Thugs","floor":15,"turns":3},{"damage":10,"enemies":"WA_ARCHETYPE_RETAIN","floor":16,"turns":5},{"damage":11,"enemies":"Spheric Guardian","floor":19,"turns":4},{"damage":14,"enemies":"downfall:FleeingMerchant","floor":20,"turns":4},{"damage":14,"enemies":"Shell Parasite","floor":21,"turns":5},{"damage":22,"enemies":"downfall:FleeingMerchant","floor":23,"turns":4},{"damage":12,"enemies":"Snake Plant","floor":25,"turns":4},{"damage":0,"enemies":"downfall:FleeingMerchant","floor":26,"turns":2},{"damage":8,"enemies":"Shelled Parasite and Fungi","floor":27,"turns":4},{"damage":0,"enemies":"Cultist and Chosen","floor":28,"turns":4},{"damage":0,"enemies":"Centurion and Healer","floor":31,"turns":2},{"damage":5,"enemies":"Snake Plant","floor":32,"turns":2},{"damage":29,"enemies":"IC_MUSHROOM_ARCHETYPE","floor":33,"turns":7},{"damage":13,"enemies":"Orb Walker","floor":36,"turns":3},{"damage":0,"enemies":"3 Shapes","floor":38,"turns":4},{"damage":22,"enemies":"3 Darklings","floor":43,"turns":3},{"damage":1,"enemies":"Reptomancer","floor":45,"turns":6},{"damage":36,"enemies":"2 Orb Walkers","floor":47,"turns":4},{"damage":0,"enemies":"Transient","floor":49,"turns":5},{"damage":24,"enemies":"SI_POISON_ARCHETYPE","floor":50,"turns":10}],"seed_played":"-6938914712775248024","potions_obtained":[{"floor":11,"key":"bronze:BurnAndBuffPotion"},{"floor":16,"key":"sneckomod:MuddlingPotion"},{"floor":25,"key":"Fire Potion"},{"floor":27,"key":"hexamod:SoulburnPotion"},{"floor":28,"key":"SmokeBomb"},{"floor":38,"key":"AttackPotion"},{"floor":43,"key":"ColorlessPotion"},{"floor":45,"key":"Weak Potion"}],"is_trial":false,"path_per_floor":["R","M","M","$","?","R","T","M","R","?","M","M","R","$","M","B",null,"R","M","$","M","?","$","T","M","$","M","M","$","?","M","M","B",null,"R","M","?","M","?","R","T","R","M","$","E","R","?","$","M","B",null],"character_chosen":"SLIMEBOUND","items_purchased":["Slimebound:LeadByExample","Slimebound:TongueLash","expansioncontent:DashGenerateEvil","HandDrill","DuplicationPotion","BlessingOfTheForge","Slimebound:LevelUp"],"campfire_rested":0,"item_purchase_floors":[4,26,29,39,39,44,48],"current_hp_per_floor":[65,65,65,65,47,47,47,51,51,65,65,65,75,75,70,75,75,75,70,64,60,53,37,37,29,31,31,55,55,55,55,52,31,75,75,65,65,75,75,75,75,75,59,59,73,73,45,45,68,66],"gold":39,"neow_bonus":"RANDOM_COLORLESS","is_daily":false,"chose_seed":false,"campfire_upgraded":9,"win_rate":0.0,"timestamp":1612407084,"path_taken":["R","M","M","$","?","R","T","M","R","?","?","M","R","$","M","BOSS","R","M","$","M","?","$","T","M","?","M","M","$","?","?","M","BOSS","R","M","?","?","?","R","T","R","M","?","E","R","?","?","M","BOSS"],"items_purchased_type":["Card","Card","Card","Relic","Potion","Potion","Card"],"build_version":"2020-12-22","purchased_purges":2,"victory":true,"max_hp_per_floor":[65,65,65,65,65,65,65,65,65,65,65,65,75,75,75,75,75,75,75,75,75,75,75,75,75,75,75,75,75,75,75,75,75,75,75,75,75,75,75,75,75,75,75,75,75,75,75,75,75,75],"card_choices":[{"not_picked":["Finesse","Good Instincts"],"picked":"Mind Blast","floor":0},{"not_picked":["Slimebound:PressTheAttack","Slimebound:LeechEnergy"],"picked":"Slimebound:HauntingLick","floor":2},{"not_picked":["Slimebound:LeechingTouch","Slimebound:LeadByExample"],"picked":"Slimebound:SlimeSpikes","floor":3},{"not_picked":["Slimebound:SamplingLick","Slimebound:TongueLash"],"picked":"Slimebound:SplitAcid","floor":4},{"not_picked":["Slimebound:ComboTackle","Slimebound:DisruptingSlam"],"picked":"Slimebound:SplitLeeching","floor":8},{"not_picked":["Slimebound:Replication","Slimebound:HauntingLick"],"picked":"Slimebound:Equalize","floor":11},{"not_picked":["Slimebound:Repurpose","Slimebound:SplitAcid"],"picked":"Slimebound:SelfFormingGoo","floor":12},{"not_picked":["Slimebound:LeechingTouch","Slimebound:Chomp"],"picked":"Slimebound:Schlurp","floor":14},{"not_picked":["Slimebound:PressTheAttack","Slimebound:SlimeBrawl"],"picked":"Slimebound:GoopSpray","floor":15},{"not_picked":["Slimebound:OozeBath","Slimebound:LeechLife"],"picked":"Slimebound:MassRepurpose","floor":16},{"not_picked":["Slimebound:ServeAndProtect","Slimebound:ViciousTackle"],"picked":"Slimebound:SplitBruiser","floor":19},{"not_picked":["Slimebound:LivingWall","Slimebound:HauntingLick"],"picked":"Slimebound:SplitBruiser","floor":20},{"not_picked":["Slimebound:RollThrough","Slimebound:FinishingTackle"],"picked":"Slimebound:AcidTongue","floor":21},{"not_picked":["Slimebound:FinishingTackle","Slimebound:ItLooksTasty","Slimebound:ServeAndProtect"],"picked":"SKIP","floor":23},{"not_picked":["Slimebound:SplitAcid+1","Slimebound:LeechEnergy"],"picked":"Slimebound:MegaLick","floor":25},{"not_picked":["Slimebound:ComboTackle+1","Slimebound:Replication","Slimebound:Prepare"],"picked":"SKIP","floor":26},{"not_picked":["Slimebound:GoopTackle","Slimebound:PressTheAttack"],"picked":"Slimebound:LeechLife","floor":27},{"not_picked":["Slimebound:RollThrough","Slimebound:SlimeSpikes"],"picked":"Slimebound:SplitBruiser","floor":28},{"not_picked":["Slimebound:SlimeTap+1","Slimebound:Prepare","Slimebound:Dissolve"],"picked":"SKIP","floor":32},{"not_picked":["Slimebound:SlimeSlap","Slimebound:Teamwork"],"picked":"Slimebound:FirmFortitude","floor":33},{"not_picked":["Slimebound:LeadByExample","Slimebound:FinishingTackle+1"],"picked":"Slimebound:ItLooksTasty+1","floor":36},{"not_picked":["Slimebound:Chomp","Slimebound:GoopTackle+1","Slimebound:RollThrough"],"picked":"SKIP","floor":38},{"not_picked":["Slimebound:SplitAcid","Slimebound:DivideAndConquer","Slimebound:GrowthPunch"],"picked":"SKIP","floor":43},{"not_picked":["Slimebound:RollThrough+1","Slimebound:RejuvenatingLick+1"],"picked":"Slimebound:SplitMire+1","floor":45},{"not_picked":["Slimebound:ForwardTackle+1","Slimebound:ItLooksTasty"],"picked":"Slimebound:TongueLash","floor":47},{"not_picked":["Slimebound:HauntingLick+1","Slimebound:BestDefense","Slimebound:GoopTackle"],"picked":"SKIP","floor":49}],"player_experience":12340,"relics_obtained":[{"floor":24,"key":"Lantern"},{"floor":41,"key":"Nunchaku"},{"floor":45,"key":"Oddly Smooth Stone"},{"floor":47,"key":"TungstenRod"}],"event_choices":[{"cards_removed":["Mind Blast"],"damage_healed":14,"gold_gain":0,"player_choice":"Offered Uncommon","damage_taken":0,"max_hp_gain":0,"max_hp_loss":0,"event_name":"Bonfire Elementals","floor":10,"gold_loss":0},{"damage_healed":0,"gold_gain":0,"player_choice":"Damaged","damage_taken":7,"max_hp_gain":0,"max_hp_loss":0,"event_name":"Wheel of Change","floor":22,"gold_loss":0},{"damage_healed":0,"gold_gain":0,"player_choice":"Fight","damage_taken":0,"max_hp_gain":0,"max_hp_loss":0,"event_name":"Mysterious Sphere","floor":47,"gold_loss":0}],"is_beta":false,"boss_relics":[{"not_picked":["Calling Bell","Velvet Choker","Snecko Eye"]},{"not_picked":["Sozu","Busted Crown"],"picked":"Slimebound:AbsorbEndCombatUpgraded"}],"items_purged_floors":[20,26],"is_endless":false,"potions_floor_spawned":[11,16,25,27,28,31,38,43,45],"ascension_level":0}}