{"host":"j9610sde00vfp93k","time":1612434850,"event":{"mods":["AchievementEnabler","BaseMod","Minty Spire (QoL Compilation)","StSLib","SuperFastMode"],"gold_per_floor":[114,114,131,147,222,251,251,251,274,31,31,31],"floor_reached":11,"language":"ENG","playtime":315,"items_purged":[],"score":71,"play_id":"f9eacd76-7abd-4c4b-959e-782e3fee96ac","local_time":"20210204183410","is_ascension_mode":false,"campfire_choices":[{"floor":8,"key":"REST"}],"circlet_count":0,"master_deck":["Strike_P","Strike_P","Strike_P","Strike_P","Defend_P","Defend_P","Defend_P","Defend_P","Eruption","Vigilance","Wish","Protect","FollowUp","PathToVictory","PathToVictory"],"relics":["PureWater","Centennial Puzzle","Matryoshka","Golden Idol","Bronze Scales","Strawberry","Shuriken"],"acts_visited":["Exordium"],"potions_floor_usage":[],"damage_taken":[{"damage":0,"enemies":"2 Louse","floor":1,"turns":2},{"damage":1,"enemies":"Jaw Worm","floor":3,"turns":3},{"damage":12,"enemies":"Cultist","floor":4,"turns":3},{"damage":28,"enemies":"Gremlin Nob","floor":6,"turns":3},{"damage":46,"enemies":"3 Sentries","floor":11,"turns":6}],"seed_played":"-7325717815773893924","potions_obtained":[],"is_trial":false,"path_per_floor":["M","?","M","M","?","E","?","R","T","$","E"],"character_chosen":"WATCHER","items_purchased":["Shuriken"],"campfire_rested":1,"item_purchase_floors":[10],"current_hp_per_floor":[72,69,68,56,45,17,17,37,44,44,0,0],"gold":31,"neow_bonus":"ONE_RANDOM_RARE_CARD","is_daily":false,"chose_seed":false,"campfire_upgraded":0,"win_rate":0.0,"timestamp":1612434850,"path_taken":["M","?","M","M","?","E","?","R","T","?","E"],"items_purchased_type":["Relic"],"build_version":"2020-12-22","purchased_purges":0,"victory":false,"max_hp_per_floor":[72,72,72,72,72,72,67,67,74,74,74,74],"card_choices":[{"not_picked":["BowlingBash","ForeignInfluence"],"picked":"Protect","floor":1},{"not_picked":["Halt","EmptyBody"],"picked":"FollowUp","floor":3},{"not_picked":["SashWhip","ThirdEye"],"picked":"PathToVictory","floor":4},{"not_picked":["WreathOfFlame","Weave"],"picked":"PathToVictory","floor":6}],"player_experience":194918,"relics_obtained":[{"floor":6,"key":"Matryoshka"},{"floor":9,"key":"Bronze Scales"},{"floor":9,"key":"Strawberry"}],"event_choices":[{"damage_healed":0,"gold_gain":0,"player_choice":"Success","damage_taken":3,"relics_obtained":["Centennial Puzzle"],"max_hp_gain":0,"max_hp_loss":0,"event_name":"Scrap Ooze","floor":2,"gold_loss":0},{"damage_healed":0,"gold_gain":75,"player_choice":"Gather Gold","damage_taken":11,"max_hp_gain":0,"max_hp_loss":0,"event_name":"World of Goop","floor":5,"gold_loss":0},{"damage_healed":0,"gold_gain":0,"player_choice":"Lose Max HP","damage_taken":0,"relics_obtained":["Golden Idol"],"max_hp_gain":0,"max_hp_loss":5,"event_name":"Golden Idol","floor":7,"gold_loss":0}],"is_beta":false,"boss_relics":[],"items_purged_floors":[],"is_endless":false,"potions_floor_spawned":[],"killed_by":"3 Sentries","ascension_level":0}}