{"host":"0ueeacaatm8t6jyh","time":1612426568,"event":{"mods":["AchievementEnabler","BaseMod","Colored Powertips","Minty Spire (QoL Compilation)","Quick Restart","Rare Cards Sparkle","Shop Mod","StSLib"],"gold_per_floor":[119,75,75,75,75,106,106,19,19,46,46,60,75,91,91,184,184,199,222,240,290,33,33,69,69,69],"floor_reached":25,"language":"ZHS","playtime":468,"items_purged":[],"score":439,"play_id":"7747d96e-ef83-49d5-bf84-12d5fc873ae6","local_time":"20210204161608","is_ascension_mode":true,"campfire_choices":[{"data":"Fasting2","floor":7.0,"key":"SMITH"},{"data":"Tantrum","floor":15.0,"key":"SMITH"},{"data":"FearNoEvil","floor":23.0,"key":"SMITH"}],"circlet_count":0,"master_deck":["AscendersBane","Strike_P","Strike_P+1","Strike_P","Strike_P","Defend_P","Defend_P","Defend_P","Eruption+1","Vigilance","Tantrum+1","Fasting2+1","Judgement","DevaForm","Blasphemy","FearNoEvil+1"],"relics":["PureWater","NeowsBlessing","Golden Idol","Oddly Smooth Stone","Bottled Flame","Anchor","Runic Dome","Medical Kit","Bottled Tornado"],"acts_visited":["Exordium","TheCity"],"potions_floor_usage":[],"damage_taken":[{"damage":0.0,"enemies":"Small Slimes","floor":1.0,"turns":1.0},{"damage":0.0,"enemies":"Gremlin Nob","floor":6.0,"turns":1.0},{"damage":0.0,"enemies":"Jaw Worm","floor":12.0,"turns":1.0},{"damage":0.0,"enemies":"2 Louse","floor":13.0,"turns":1.0},{"damage":11.0,"enemies":"Looter","floor":14.0,"turns":3.0},{"damage":9.0,"enemies":"Hexaghost","floor":16.0,"turns":7.0},{"damage":0.0,"enemies":"Shell Parasite","floor":18.0,"turns":2.0},{"damage":0.0,"enemies":"Spheric Guardian","floor":19.0,"turns":1.0},{"damage":12.0,"enemies":"3 Cultists","floor":20.0,"turns":3.0},{"damage":38.0,"enemies":"Gremlin Leader","floor":24.0,"turns":6.0},{"damage":12,"enemies":"Snecko","floor":25,"turns":2}],"seed_played":"2396423984907999554","potions_obtained":[{"floor":1.0,"key":"Strength Potion"},{"floor":12.0,"key":"Block Potion"},{"floor":14.0,"key":"SkillPotion"},{"floor":16.0,"key":"Weak Potion"},{"floor":20.0,"key":"Swift Potion"}],"is_trial":false,"path_per_floor":["M","$","?","?","?","E","R","$","T","T","?","M","M","M","R","B",null,"M","M","M","?","$","R","E","M"],"character_chosen":"WATCHER","items_purchased":["Fasting2","DevaForm","FearNoEvil","Medical Kit"],"campfire_rested":0,"item_purchase_floors":[2,8,22,22],"current_hp_per_floor":[61,61,41,41,41,41,41,41,41,41,46,46,46,35,35,26,57,57,57,45,45,45,45,7,0,0],"gold":69,"neow_bonus":"THREE_ENEMY_KILL","is_daily":false,"chose_seed":false,"campfire_upgraded":3,"win_rate":0.0,"timestamp":1612426568,"path_taken":["M","$","?","?","?","E","R","$","T","?","?","?","M","M","R","BOSS","M","M","M","?","$","R","E","M"],"items_purchased_type":["Card","Card","Card","Relic"],"build_version":"2020-12-22","purchased_purges":0,"victory":false,"max_hp_per_floor":[68,68,68,68,62,62,62,62,62,62,67,67,67,67,67,67,67,67,67,67,67,67,67,67,67,67],"card_choices":[{"not_picked":["Nirvana","FollowUp"],"picked":"Tantrum","floor":1.0},{"not_picked":["PathToVictory","SandsOfTime","Swivel"],"picked":"SKIP","floor":6.0},{"not_picked":["Worship","Nirvana","WaveOfTheHand"],"picked":"SKIP","floor":12.0},{"not_picked":["Evaluate","Consecrate","Study"],"picked":"SKIP","floor":13.0},{"not_picked":["FlyingSleeves","FlurryOfBlows","Conclude"],"picked":"SKIP","floor":14.0},{"not_picked":["Establishment","MasterReality"],"picked":"Blasphemy","floor":16.0},{"not_picked":["Evaluate+1","SignatureMove","BowlingBash"],"picked":"SKIP","floor":18.0},{"not_picked":["ForeignInfluence","Prostrate","Consecrate"],"picked":"SKIP","floor":19.0},{"not_picked":["WreathOfFlame","CutThroughFate","PathToVictory"],"picked":"SKIP","floor":20.0},{"not_picked":["SandsOfTime","Halt+1","Prostrate"],"picked":"SKIP","floor":24.0}],"player_experience":494349,"relics_obtained":[{"floor":6.0,"key":"Oddly Smooth Stone"},{"floor":9.0,"key":"Bottled Flame"},{"floor":10.0,"key":"Anchor"},{"floor":24.0,"key":"Bottled Tornado"}],"event_choices":[{"damage_healed":0.0,"max_hp_gain":0.0,"max_hp_loss":0.0,"gold_gain":0.0,"event_name":"Shining Light","player_choice":"Entered Light","floor":3.0,"gold_loss":0.0,"damage_taken":20.0,"cards_upgraded":["Eruption","Strike_P"]},{"damage_healed":0.0,"max_hp_gain":0.0,"max_hp_loss":0.0,"gold_gain":0.0,"cards_transformed":["Defend_P"],"event_name":"Living Wall","player_choice":"Change","floor":4.0,"gold_loss":0.0,"damage_taken":0.0,"cards_obtained":["Judgement"]},{"damage_healed":0.0,"max_hp_gain":0.0,"max_hp_loss":6.0,"gold_gain":0.0,"event_name":"Golden Idol","player_choice":"Lose Max HP","floor":5.0,"gold_loss":0.0,"damage_taken":0.0,"relics_obtained":["Golden Idol"]},{"damage_healed":0.0,"max_hp_gain":5.0,"max_hp_loss":0.0,"gold_gain":0.0,"event_name":"Big Fish","player_choice":"Donut","floor":11.0,"gold_loss":0.0,"damage_taken":0.0},{"damage_healed":0.0,"max_hp_gain":0.0,"max_hp_loss":0.0,"gold_gain":50.0,"event_name":"Nest","player_choice":"Stole From Cult","floor":21.0,"gold_loss":0.0,"damage_taken":0.0}],"is_beta":false,"boss_relics":[{"not_picked":["SacredBark","Ectoplasm"],"picked":"Runic Dome"}],"items_purged_floors":[],"is_endless":false,"potions_floor_spawned":[1,12,14,16,18,20],"killed_by":"Snecko","ascension_level":16}}