{"host":"xp5rvh2jwe2ejyfm","time":1612481637,"event":{"mods":["2.2 Compatiblity","Aspiration","BaseMod","BetterRewards","Colored Powertips","Conspire","Downfall","GifTheSpireLib","Gremlin Mod","Hermit","Hubris","Jorbs\u0027s Wanderer Trilogy","Minty Spire (QoL Compilation)","Replay The Spire","Robot Space Explorer","Shade Mod","Somnambulant","StSLib","The Bug Knight","The Clintock","The Construct","The Cursed","The Disciple","The Forsaken","The Hierophant","The Necromancer","The Runesmith","The Servant 0.9.4","The Valiant","The Witch","thorton"],"gold_per_floor":[119,136,154,182,206,219,219,219],"floor_reached":6,"language":"ENG","playtime":252,"items_purged":[],"score":40,"play_id":"3a4db4c4-a4c3-4402-a66d-779af32a245d","local_time":"20210204183357","is_ascension_mode":false,"campfire_choices":[],"circlet_count":0,"master_deck":["thethorton:Strike","thethorton:Strike","thethorton:Strike","thethorton:Strike","thethorton:Defend","thethorton:Defend","thethorton:Defend","thethorton:Defend","thethorton:Heckle","thethorton:CreditCard","Normality","thethorton:PocketChange","thethorton:RunningKick","thethorton:GoldBuffer","thethorton:RunningKick","thethorton:WhirlingBriefcase"],"relics":["thethorton:CouragePotion","NeowsBlessing"],"acts_visited":["Exordium"],"potions_floor_usage":[6],"damage_taken":[{"damage":0,"enemies":"Jaw Worm","floor":1,"turns":1},{"damage":0,"enemies":"Cultist","floor":2,"turns":1},{"damage":0,"enemies":"2 Louse","floor":3,"turns":1},{"damage":36,"enemies":"Gremlin Gang","floor":4,"turns":7},{"damage":14,"enemies":"Looter","floor":5,"turns":4},{"damage":19,"enemies":"Lagavulin","floor":6,"turns":3}],"seed_played":"-6502181342799161505","potions_obtained":[{"floor":2,"key":"Energy Potion"},{"floor":4,"key":"Elixir"}],"is_trial":false,"path_per_floor":["M","M","M","M","M","E"],"character_chosen":"THE_THORT","items_purchased":[],"campfire_rested":0,"item_purchase_floors":[],"current_hp_per_floor":[68,68,68,32,18,0,0,0],"gold":219,"neow_bonus":"THREE_ENEMY_KILL","is_daily":false,"chose_seed":false,"campfire_upgraded":0,"win_rate":0.0,"timestamp":1612481637,"path_taken":["M","M","M","M","M","E"],"items_purchased_type":[],"build_version":"2020-12-22","purchased_purges":0,"victory":false,"max_hp_per_floor":[68,68,68,68,68,68,68,68],"card_choices":[{"not_picked":["thethorton:DownPayment","thethorton:Distance"],"picked":"thethorton:PocketChange","floor":1},{"not_picked":["thethorton:Distance","thethorton:DualBap"],"picked":"thethorton:RunningKick","floor":2},{"not_picked":["thethorton:Distance","thethorton:SheetShred"],"picked":"thethorton:GoldBuffer","floor":3},{"not_picked":["thethorton:DockPay","thethorton:CallIn"],"picked":"thethorton:RunningKick","floor":4},{"not_picked":["thethorton:Distance","thethorton:SicklyRun"],"picked":"thethorton:WhirlingBriefcase","floor":5}],"player_experience":422165,"relics_obtained":[],"event_choices":[],"is_beta":false,"boss_relics":[],"items_purged_floors":[],"is_endless":false,"potions_floor_spawned":[2,4],"killed_by":"Lagavulin","ascension_level":0}}