{"host":"xo0glkmxta74xh34","time":1612475307,"event":{"mods":["BaseMod","Downfall","Minty Spire (QoL Compilation)","Replay The Spire","StSLib"],"gold_per_floor":[118,118,137,87,12,12,39,100,149,149,161,161,175,187,187,282,282,296,296,395,46,46,46,76,76,101,101,128,128,148,167,167,271,271,289,389,405,115,0,32,32,59,59,59,85,153,182,39,39,39],"floor_reached":51,"language":"ENG","playtime":3095,"items_purged":["Defend_G","Strike_G"],"score":1169,"play_id":"28d6ccb5-da40-41b5-ad9b-090591ee004f","local_time":"20210204154827","is_ascension_mode":true,"campfire_choices":[{"data":"Bouncing Flask","floor":6.0,"key":"SMITH"},{"floor":10.0,"key":"REST"},{"data":"Caltrops","floor":12.0,"key":"SMITH"},{"data":"Catalyst","floor":15.0,"key":"SMITH"},{"data":"Draining Mist","floor":23.0,"key":"SMITH"},{"floor":25.0,"key":"REST"},{"floor":29.0,"key":"REST"},{"data":"Atom Bomb","floor":41,"key":"SMITH"},{"data":"Bullet Time","floor":44,"key":"SMITH"},{"floor":49,"key":"REST"}],"circlet_count":0,"master_deck":["Defend_G","Defend_G","Defend_G","Survivor","Neutralize","Dagger Spray","Bouncing Flask+1","Caltrops+1","Footwork","Leg Sweep","PiercingWail","Catalyst+1","Draining Mist+1","Atom Bomb+1","Draining Mist","Pot Of Greed","Pot Of Greed","Replay:Poison Smokescreen","Phantasmal Killer","Dagger Throw","Bullet Time+1","CurseOfTheBell","Sneak Up+1","Pot Of Greed+1","PiercingWail+1","Atom Bomb","Malaise+1","Endless Agony"],"relics":["Ring of the Snake","Nunchaku","Replay:Ringing Soul","Regal Pillow","Black Star","HornCleat","Sundial","Grinning Jar","Dream Catcher","Mercury Hourglass","FossilizedHelix","Replay:Grab Bag","ChewingGum","Busted Crown","Calling Bell","Centennial Puzzle","Toxic Egg 2","Bird Faced Urn","Counterbalance","Red Mask","Bag of Marbles","Bronze Scales","Happy Flower","Ancient Tea Set","ReplayFunnel","Pen Nib","Quantum Egg","Snack Pack","Strawberry","Replay:PocketPolymizer"],"acts_visited":["Exordium","TheCity","TheBeyond"],"potions_floor_usage":[33,33,40,50,50,50],"damage_taken":[{"damage":0.0,"enemies":"Jaw Worm","floor":1.0,"turns":5.0},{"damage":0.0,"enemies":"Cultist","floor":3.0,"turns":4.0},{"damage":24.0,"enemies":"3 Sentries","floor":7.0,"turns":7.0},{"damage":16.0,"enemies":"Gremlin Nob","floor":8.0,"turns":4.0},{"damage":0.0,"enemies":"2 Louse","floor":11.0,"turns":3.0},{"damage":7.0,"enemies":"Large Slime","floor":13.0,"turns":7.0},{"damage":3.0,"enemies":"Blue Slaver","floor":14.0,"turns":5.0},{"damage":36.0,"enemies":"Slime Boss","floor":16.0,"turns":10.0},{"damage":10.0,"enemies":"Spheric Guardian","floor":18.0,"turns":3.0},{"damage":68.0,"enemies":"Gremlin Leader","floor":24.0,"turns":13.0},{"damage":13.0,"enemies":"Book of Stabbing","floor":28.0,"turns":6.0},{"damage":3,"enemies":"2 Thieves","floor":30,"turns":4},{"damage":4,"enemies":"Snake Plant","floor":31,"turns":4},{"damage":42,"enemies":"Pondfish","floor":33,"turns":13},{"damage":0,"enemies":"Orb Walker","floor":35,"turns":2},{"damage":0,"enemies":"3 Darklings","floor":37,"turns":4},{"damage":11,"enemies":"Giant Head","floor":40,"turns":6},{"damage":11,"enemies":"R_Hoarder","floor":42,"turns":7},{"damage":16,"enemies":"Giant Head","floor":45,"turns":6},{"damage":2,"enemies":"R_Hoarder","floor":47,"turns":4},{"damage":29,"enemies":"Donu and Deca","floor":50,"turns":5}],"seed_played":"-7354781469048060095","potions_obtained":[{"floor":3.0,"key":"FearPotion"},{"floor":7.0,"key":"BlessingOfTheForge"},{"floor":8.0,"key":"Flashbang"},{"floor":13.0,"key":"Languid Potion"},{"floor":24.0,"key":"Dexterity Potion"},{"floor":28.0,"key":"SkillPotion"},{"floor":31,"key":"FearPotion"},{"floor":33,"key":"Milkshake"},{"floor":37,"key":"Ancient Potion"},{"floor":42,"key":"champ:CounterPotion"},{"floor":45,"key":"Dexterity Potion"}],"is_trial":false,"path_per_floor":["M","?","M","?","$","R","E","?","T","R","M","R","M","M","R","B",null,"M","?","?","$","?","R","E","R","T","$","E","R","M","M","R","B",null,"M","?","M","$","?","E","R","E","T","R","E","T","E","$","R","B",null],"character_chosen":"THE_SILENT","items_purchased":["HornCleat","Counterbalance","Malaise+1"],"campfire_rested":4,"item_purchase_floors":[21,38,48],"current_hp_per_floor":[70,70,70,70,70,70,46,33,33,69,72,72,68,68,68,35,85,75,85,85,85,85,85,20,61,61,61,48,88,88,84,87,48,100,103,103,106,106,106,95,95,91,91,91,79,79,88,91,122,97],"gold":39,"neow_bonus":"RANDOM_EVENT","is_daily":false,"chose_seed":false,"campfire_upgraded":6,"win_rate":0.0,"timestamp":1612475307,"path_taken":["M","?","?","?","$","R","E","?","T","R","M","R","M","M","R","BOSS","M","?","?","$","?","R","E","R","T","?","E","R","M","M","R","BOSS","M","?","M","$","?","E","R","E","T","R","E","?","E","?","R","BOSS"],"items_purchased_type":["Relic","Relic","Card"],"build_version":"2020-12-22","purchased_purges":2,"victory":true,"max_hp_per_floor":[70,70,70,70,70,70,70,73,73,73,76,76,79,82,82,85,85,85,85,85,85,85,85,88,88,88,88,88,88,91,91,94,97,100,103,103,106,106,106,106,106,109,109,109,109,109,116,119,122,122],"card_choices":[{"not_picked":["Slice","Predator"],"picked":"Bouncing Flask","floor":1.0},{"not_picked":["Cloak And Dagger","Well Laid Plans"],"picked":"Caltrops","floor":3.0},{"not_picked":["Setup","Sneak Up"],"picked":"Footwork","floor":7.0},{"not_picked":["PiercingWail","ReplayTheSpireMod:Shiv Toss"],"picked":"Leg Sweep","floor":8.0},{"not_picked":["Outmaneuver","Predator"],"picked":"PiercingWail","floor":11.0},{"not_picked":["Slice","Endless Agony"],"picked":"Catalyst","floor":13.0},{"not_picked":["Dagger Throw","Concentrate"],"picked":"Draining Mist","floor":14.0},{"not_picked":["Venomology","Envenom"],"picked":"Atom Bomb","floor":16.0},{"not_picked":["Dodge and Roll","Blade Dance","ReplayTheSpireMod:Shiv Toss+1"],"picked":"SKIP","floor":18.0},{"not_picked":["Backflip","Tactician+1"],"picked":"Draining Mist","floor":24.0},{"not_picked":["Leg Sweep","Masterful Stab+1","Acrobatics+1"],"picked":"SKIP","floor":28.0},{"not_picked":["Dodge and Roll","Backflip"],"picked":"Replay:Poison Smokescreen","floor":30},{"not_picked":["Skewer+1","Blade Dance","Quick Slash+1"],"picked":"SKIP","floor":31},{"not_picked":["Unload","Glass Knife"],"picked":"Bullet Time","floor":33},{"not_picked":[],"picked":"Sneak Up+1","floor":35},{"not_picked":[],"picked":"PiercingWail+1","floor":37},{"not_picked":["Dagger Spray"],"picked":"SKIP","floor":40},{"not_picked":[],"picked":"Atom Bomb","floor":42},{"not_picked":["Phantasmal Killer+1"],"picked":"SKIP","floor":45},{"not_picked":["Well Laid Plans"],"picked":"SKIP","floor":47}],"player_experience":361499,"relics_obtained":[{"floor":7.0,"key":"Nunchaku"},{"floor":8.0,"key":"Replay:Ringing Soul"},{"floor":9.0,"key":"Regal Pillow"},{"floor":24.0,"key":"Sundial"},{"floor":24.0,"key":"Grinning Jar"},{"floor":26.0,"key":"Dream Catcher"},{"floor":28.0,"key":"Mercury Hourglass"},{"floor":28.0,"key":"FossilizedHelix"},{"floor":34,"key":"Centennial Puzzle"},{"floor":34,"key":"Toxic Egg 2"},{"floor":34,"key":"Bird Faced Urn"},{"floor":40,"key":"Bag of Marbles"},{"floor":40,"key":"Bronze Scales"},{"floor":42,"key":"Happy Flower"},{"floor":42,"key":"Ancient Tea Set"},{"floor":43,"key":"ReplayFunnel"},{"floor":45,"key":"Pen Nib"},{"floor":45,"key":"Quantum Egg"},{"floor":46,"key":"Snack Pack"},{"floor":47,"key":"Strawberry"},{"floor":47,"key":"Replay:PocketPolymizer"}],"event_choices":[{"damage_healed":0.0,"max_hp_gain":0.0,"max_hp_loss":0.0,"gold_gain":0.0,"cards_transformed":["Strike_G"],"event_name":"Living Wall","player_choice":"Change","floor":0.0,"gold_loss":0.0,"damage_taken":0.0,"cards_obtained":["Dagger Spray"]},{"damage_healed":0.0,"max_hp_gain":0.0,"max_hp_loss":0.0,"gold_gain":0.0,"event_name":"NoteForYourself","player_choice":"Ignored","floor":2.0,"gold_loss":0.0,"damage_taken":0.0},{"cards_removed":["Strike_G"],"damage_healed":0.0,"max_hp_gain":0.0,"max_hp_loss":0.0,"gold_gain":0.0,"event_name":"The Cleric","player_choice":"Card Removal","floor":4.0,"gold_loss":50.0,"damage_taken":0.0},{"damage_healed":0.0,"max_hp_gain":0.0,"max_hp_loss":0.0,"gold_gain":30.0,"event_name":"Dead Adventurer","player_choice":"Searched \u00272\u0027 times","floor":8.0,"gold_loss":0.0,"damage_taken":0.0},{"damage_healed":28.0,"max_hp_gain":0.0,"max_hp_loss":0.0,"gold_gain":0.0,"event_name":"The Library","player_choice":"Heal","floor":19.0,"gold_loss":0.0,"damage_taken":0.0},{"damage_healed":0.0,"max_hp_gain":0.0,"max_hp_loss":0.0,"gold_gain":99.0,"event_name":"Nest","player_choice":"Stole From Cult","floor":20.0,"gold_loss":0.0,"damage_taken":0.0},{"damage_healed":0,"gold_gain":0,"cards_transformed":["Strike_G","Defend_G"],"player_choice":"Became Test Subject","damage_taken":0,"max_hp_gain":0,"max_hp_loss":0,"event_name":"Drug Dealer","floor":32,"gold_loss":0,"cards_obtained":["Phantasmal Killer","Dagger Throw"]},{"damage_healed":0,"gold_gain":100,"player_choice":"Pray","damage_taken":0,"max_hp_gain":0,"max_hp_loss":0,"event_name":"Golden Shrine","floor":36,"gold_loss":0},{"damage_healed":0,"gold_gain":0,"player_choice":"Paid","damage_taken":0,"relics_obtained":["Red Mask"],"max_hp_gain":0,"max_hp_loss":0,"event_name":"Tomb of Lord Red Mask","floor":39,"gold_loss":115}],"is_beta":false,"boss_relics":[{"not_picked":["SlaversCollar","Sozu"],"picked":"Black Star"},{"not_picked":["Runic Dome","Cursed Key"],"picked":"Replay:Grab Bag"},{"not_picked":["Philosopher\u0027s Stone","ReplayTheSpireMod:Onyx Gauntlets"],"picked":"ChewingGum"},{"not_picked":["Fusion Hammer","Velvet Choker"],"picked":"Busted Crown"},{"not_picked":["Runic Pyramid","HoveringKite"],"picked":"Calling Bell"}],"items_purged_floors":[5,21],"is_endless":false,"potions_floor_spawned":[3,7,8,13,24,28,31,33,37,42,45],"ascension_level":1}}