{"host":"ydh61a5ftgdajrbo","time":1612441294,"event":{"mods":["BaseMod","Colored Map","DeckTracker","Downfall","Hermit","Marisa¡]Ãú«B¡@Å]²z¨F¡^","Minty Spire (QoL Compilation)","Spire Arcade","StSLib","The Cursed","The Servant 0.9.4","Yakumo Yukari mod"],"gold_per_floor":[136,136,154,154,179,212,212],"floor_reached":6,"language":"ZHS","playtime":456,"items_purged":[],"score":44,"play_id":"7b58c611-2db8-492c-b0a7-b6df67b27051","local_time":"20210204202134","is_ascension_mode":false,"campfire_choices":[],"circlet_count":0,"master_deck":["AT_purpleEX","AT_purpleEX","AT_purpleEX","AT_purpleEX","Defend_purpleEX","Defend_purpleEX","Defend_purpleEX","Defend_purpleEX","Observe_purple_1","Observe_purple_2","Shallow_ocean_purpleEX","Monsters_DoubleDeathButterfly_purple","ExistenceContinue_purple"],"relics":["Boundary_crack","Memoryfragments_purpleEX","Regal Pillow","Bag of Marbles","Centennial Puzzle"],"acts_visited":["Exordium"],"potions_floor_usage":[6,6,6],"damage_taken":[{"damage":2.0,"enemies":"2 Louse","floor":1.0,"turns":4.0},{"damage":4.0,"enemies":"Jaw Worm","floor":3.0,"turns":5.0},{"damage":40,"enemies":"Lagavulin","floor":6,"turns":7}],"seed_played":"-46309839509538970","potions_obtained":[{"floor":1.0,"key":"Fire Potion"},{"floor":3.0,"key":"EntropicBrew"}],"is_trial":false,"path_per_floor":["M","?","M","?","T","E"],"character_chosen":"Youkari","items_purchased":[],"campfire_rested":0,"item_purchase_floors":[],"current_hp_per_floor":[77,77,76,58,58,19,19],"gold":212,"neow_bonus":"TEN_PERCENT_HP_BONUS","is_daily":false,"chose_seed":false,"campfire_upgraded":0,"win_rate":0.0,"timestamp":1612441294,"path_taken":["M","?","M","?","?","E"],"items_purchased_type":[],"build_version":"2020-12-22","purchased_purges":0,"victory":false,"max_hp_per_floor":[77,77,77,77,77,77,77],"card_choices":[{"not_picked":["StretchesForeverDream_purple","Extrememeaning_purpleEX"],"picked":"Shallow_ocean_purpleEX","floor":1.0},{"not_picked":["AdvanceAttack_purple","RuptureOfTimeAndSpace_purple"],"picked":"ExistenceContinue_purple","floor":3.0}],"player_experience":355629,"relics_obtained":[{"floor":5.0,"key":"Bag of Marbles"},{"floor":6,"key":"Centennial Puzzle"}],"event_choices":[{"damage_healed":0.0,"max_hp_gain":0.0,"max_hp_loss":0.0,"gold_gain":0.0,"event_name":"Scrap Ooze","player_choice":"Success","floor":4.0,"gold_loss":0.0,"damage_taken":18.0,"relics_obtained":["Regal Pillow"]}],"is_beta":false,"boss_relics":[],"items_purged_floors":[],"is_endless":false,"potions_floor_spawned":[1,3],"killed_by":"Lagavulin","ascension_level":0}}