{"host":"ELF","time":1612446303,"event":{"mods":["BaseMod","Bestiary","Minty Spire (QoL Compilation)","Relic Stats","Slay the Relics Exporter"],"gold_per_floor":[109,109,130,205,205,241,241,70,70,91,105,105,105,128,128,128,128],"floor_reached":16,"language":"ENG","playtime":261,"items_purged":[],"score":244,"play_id":"0595a9c7-cd7f-43d0-bb8c-cca3ff140481","local_time":"20210204074503","is_ascension_mode":true,"campfire_choices":[{"data":"Whirlwind","floor":7,"key":"SMITH"},{"floor":12,"key":"REST"},{"data":"Double Tap","floor":15,"key":"SMITH"}],"circlet_count":0,"master_deck":["AscendersBane","Strike_R","Strike_R","Strike_R","Strike_R","Strike_R","Defend_R","Defend_R","Defend_R","Bash","Twin Strike","Whirlwind+1","Double Tap+1","Shrug It Off"],"relics":["Burning Blood","NeowsBlessing","Golden Idol","Matryoshka","Ancient Tea Set","Mummified Hand","StrikeDummy"],"acts_visited":["Exordium"],"potions_floor_usage":[],"damage_taken":[{"damage":0,"enemies":"Jaw Worm","floor":1,"turns":1},{"damage":0,"enemies":"2 Louse","floor":3,"turns":1},{"damage":0,"enemies":"Lagavulin","floor":6,"turns":1},{"damage":10,"enemies":"Small Slimes","floor":10,"turns":2},{"damage":22,"enemies":"2 Fungi Beasts","floor":11,"turns":3},{"damage":13,"enemies":"Exordium Thugs","floor":14,"turns":2},{"damage":65,"enemies":"The Guardian","floor":16,"turns":11}],"seed_played":"-8229588546045677768","potions_obtained":[{"floor":11,"key":"ElixirPotion"}],"is_trial":false,"path_per_floor":["M","?","M","?","?","E","R","$","T","M","M","R","?","M","R","B"],"character_chosen":"IRONCLAD","items_purchased":["Ancient Tea Set"],"campfire_rested":1,"item_purchase_floors":[8],"current_hp_per_floor":[74,48,54,43,36,42,42,42,42,38,22,44,69,62,62,0,0],"gold":128,"neow_bonus":"THREE_ENEMY_KILL","is_daily":false,"chose_seed":false,"campfire_upgraded":2,"win_rate":0.0,"timestamp":1612446303,"path_taken":["M","?","M","?","?","E","R","?","T","M","M","R","?","M","R","BOSS"],"items_purchased_type":["Relic"],"build_version":"2020-12-18","purchased_purges":0,"victory":false,"max_hp_per_floor":[75,75,75,75,75,75,75,75,75,75,75,75,75,75,75,75,75],"relic_stats":{"counters":[7,21],"Golden Idol":23,"Mummified Hand":[0],"obtain_stats":[{"Matryoshka":6,"NeowsBlessing":0,"Golden Idol":2,"Mummified Hand":9,"Ancient Tea Set":8,"StrikeDummy":9,"Burning Blood":0},{"Matryoshka":3,"NeowsBlessing":0,"Golden Idol":1,"Mummified Hand":3,"Ancient Tea Set":3,"StrikeDummy":3,"Burning Blood":0},{"Matryoshka":3,"NeowsBlessing":0,"Golden Idol":1,"Mummified Hand":3,"Ancient Tea Set":3,"StrikeDummy":3,"Burning Blood":0}],"Burning Blood":36},"card_choices":[{"not_picked":["Shrug It Off","Armaments"],"picked":"Twin Strike","floor":1},{"not_picked":["Pommel Strike","Intimidate"],"picked":"Whirlwind","floor":3},{"not_picked":["Clothesline","Dual Wield"],"picked":"Double Tap","floor":6},{"not_picked":["Heavy Blade","Pummel","True Grit"],"picked":"SKIP","floor":10},{"not_picked":["Heavy Blade","Cleave"],"picked":"Shrug It Off","floor":11},{"not_picked":["Body Slam","Sword Boomerang","Dark Embrace"],"picked":"SKIP","floor":14}],"player_experience":3393061,"relics_obtained":[{"floor":6,"key":"Matryoshka"},{"floor":9,"key":"Mummified Hand"},{"floor":9,"key":"StrikeDummy"}],"event_choices":[{"damage_healed":0,"gold_gain":0,"player_choice":"Take Damage","damage_taken":26,"relics_obtained":["Golden Idol"],"max_hp_gain":0,"max_hp_loss":0,"event_name":"Golden Idol","floor":2,"gold_loss":0},{"damage_healed":0,"gold_gain":75,"player_choice":"Gather Gold","damage_taken":11,"max_hp_gain":0,"max_hp_loss":0,"event_name":"World of Goop","floor":4,"gold_loss":0},{"cards_removed":["Defend_R"],"damage_healed":0,"gold_gain":0,"player_choice":"Card Removal","damage_taken":7,"max_hp_gain":0,"max_hp_loss":0,"event_name":"Golden Wing","floor":5,"gold_loss":0},{"damage_healed":25,"gold_gain":0,"player_choice":"Banana","damage_taken":0,"max_hp_gain":0,"max_hp_loss":0,"event_name":"Big Fish","floor":13,"gold_loss":0}],"is_beta":true,"boss_relics":[],"items_purged_floors":[],"is_endless":false,"potions_floor_spawned":[11],"killed_by":"The Guardian","ascension_level":19}}