{"host":"9ahx8fyo8ahtgkt3","time":1612471654,"event":{"mods":["BaseMod","Bestiary","Better Third Choice","BetterRewards","Colored Powertips","Conspire","Curses Come First","Downfall","Evolution","Hubris","Infinite Spire","Minty Spire (QoL Compilation)","Quick Restart","Replay The Spire","Shop Mod","Spicy Shops","StSLib","Synergy Search"],"gold_per_floor":[109,128,78,28,51,51,51,79,104,142,142,142,144,144],"floor_reached":13,"language":"DEU","playtime":1171,"items_purged":[],"score":73,"play_id":"b57f6359-375c-4d47-bc16-c9d8ee8604e2","local_time":"20210204214734","is_ascension_mode":false,"campfire_choices":[{"data":"Magnetism","floor":7,"key":"SMITH"}],"circlet_count":0,"master_deck":["Strike_R","Strike_R","Strike_R","Strike_R","Strike_R","Defend_R","Defend_R","Defend_R","Defend_R","Bash","Magnetism+1","Iron Wave","conspire:SpireCoStock","Iron Wave","Run Through","Shrug It Off"],"relics":["Burning Blood","EVO:Axolotl","infinitespire:PuzzleCube","Pen Nib"],"acts_visited":["Exordium"],"potions_floor_usage":[13],"damage_taken":[{"damage":7,"enemies":"Small Slimes","floor":1,"turns":7},{"damage":4,"enemies":"conspire:RoseBush","floor":2,"turns":7},{"damage":6,"enemies":"Jaw Worm","floor":8,"turns":6},{"damage":10,"enemies":"Looter","floor":10,"turns":4},{"damage":80,"enemies":"Gremlin Nob","floor":13,"turns":6}],"seed_played":"9002728055369078102","potions_obtained":[{"floor":2,"key":"SkillPotion"}],"is_trial":false,"path_per_floor":["M","M","?","?","T","?","R","M","T","M","PTL","PTL","E"],"character_chosen":"IRONCLAD","items_purchased":[],"campfire_rested":0,"item_purchase_floors":[],"current_hp_per_floor":[79,80,80,80,80,80,80,80,80,76,76,76,0,0],"gold":144,"neow_bonus":"RANDOM_COLORLESS_2","is_daily":false,"chose_seed":false,"campfire_upgraded":1,"win_rate":0.0,"timestamp":1612471654,"path_taken":["M","M","?","?","?","?","R","M","T","?","PTL","PTL","E"],"items_purchased_type":[],"build_version":"2020-12-22","purchased_purges":0,"victory":false,"max_hp_per_floor":[80,80,80,80,80,80,80,80,80,80,80,80,80,80],"card_choices":[{"not_picked":["Chrysalis","Crow Ritual"],"picked":"Magnetism","floor":0},{"not_picked":["Flex","Carnage"],"picked":"Iron Wave","floor":1},{"not_picked":["Pummel","Rampage"],"picked":"Replay:Undeath\u0027s Touch","floor":2},{"not_picked":["Massacre","Sword Boomerang"],"picked":"Run Through","floor":8},{"not_picked":["Armaments","Headbutt"],"picked":"Shrug It Off","floor":10}],"player_experience":31529,"relics_obtained":[{"floor":5,"key":"infinitespire:PuzzleCube"},{"floor":9,"key":"Pen Nib"}],"event_choices":[{"cards_removed":["infinitespire:Pacifist"],"damage_healed":0,"gold_gain":0,"player_choice":"Card Removal","damage_taken":0,"max_hp_gain":0,"max_hp_loss":0,"event_name":"The Cleric","floor":3,"gold_loss":50},{"damage_healed":0,"gold_gain":0,"player_choice":"Invest 1","damage_taken":0,"max_hp_gain":0,"max_hp_loss":0,"event_name":"conspire:Investor","floor":4,"gold_loss":0},{"cards_removed":["Replay:Undeath\u0027s Touch"],"damage_healed":0,"gold_gain":0,"player_choice":"Took Card","damage_taken":0,"max_hp_gain":0,"max_hp_loss":0,"event_name":"NoteForYourself","floor":6,"gold_loss":0,"cards_obtained":["Iron Wave"]}],"is_beta":false,"boss_relics":[],"items_purged_floors":[],"is_endless":false,"potions_floor_spawned":[2],"killed_by":"Gremlin Nob","ascension_level":0}}