{"host":"qdfumeom6htv8yxl","time":1612467269,"event":{"mods":["AchievementEnabler","BaseMod","Bestiary","Block Reminder","Colored Powertips","Highlight Path","Minty Spire (QoL Compilation)","Quick Restart","Relic Stats"],"gold_per_floor":[119,119,119,132,51,51,51,51,105,149,174,174,214,230,230,319,319,333,347,186,207,220,220,235,235,235,258,258,114,139,153,153,153,153],"floor_reached":33,"language":"ENG","playtime":1471,"items_purged":["Strike_B"],"score":567,"play_id":"77ce9aa4-3f4e-46cf-bf1e-f2c6788adc16","local_time":"20210204133429","is_ascension_mode":true,"campfire_choices":[{"data":"Barrage","floor":6.0,"key":"SMITH"},{"data":"Self Repair","floor":8.0,"key":"SMITH"},{"data":"Reboot","floor":15.0,"key":"SMITH"},{"floor":23,"key":"REST"},{"floor":25,"key":"REST"},{"data":"Darkness","floor":28,"key":"SMITH"},{"floor":32,"key":"REST"}],"circlet_count":0,"master_deck":["AscendersBane","Strike_B","Strike_B","Strike_B","Defend_B","Defend_B","Defend_B","Defend_B","Zap","Dualcast","Barrage+1","Self Repair+1","Doom and Gloom","Conserve Battery","Ball Lightning+1","Reboot+1","Genetic Algorithm","Seek","CurseOfTheBell","Barrage+1","Capacitor","Darkness+1","Cold Snap+1","Defragment","Compile Driver+1","Lockon+1"],"relics":["Cracked Core","NeowsBlessing","Golden Idol","Spirit Poop","Lantern","Molten Egg 2","Darkstone Periapt","Calling Bell","Bronze Scales","Singing Bowl","TungstenRod","Mercury Hourglass"],"acts_visited":["Exordium","TheCity"],"potions_floor_usage":[21,21,30,31,33],"damage_taken":[{"damage":0.0,"enemies":"Jaw Worm","floor":1.0,"turns":1.0},{"damage":0.0,"enemies":"Small Slimes","floor":4.0,"turns":1.0},{"damage":0.0,"enemies":"3 Sentries","floor":10.0,"turns":1.0},{"damage":0.0,"enemies":"Cultist","floor":11.0,"turns":3.0},{"damage":35.0,"enemies":"Lagavulin","floor":13.0,"turns":5.0},{"damage":1.0,"enemies":"Exordium Thugs","floor":14.0,"turns":4.0},{"damage":45.0,"enemies":"The Guardian","floor":16.0,"turns":12.0},{"damage":40.0,"enemies":"Shell Parasite","floor":18.0,"turns":6.0},{"damage":0,"enemies":"3 Byrds","floor":19,"turns":2},{"damage":25,"enemies":"Snecko","floor":21,"turns":5},{"damage":26,"enemies":"Centurion and Healer","floor":22,"turns":10},{"damage":18,"enemies":"Chosen and Byrds","floor":24,"turns":5},{"damage":30,"enemies":"Snake Plant","floor":27,"turns":4},{"damage":28,"enemies":"Snecko","floor":30,"turns":4},{"damage":20,"enemies":"3 Cultists","floor":31,"turns":6},{"damage":59,"enemies":"Collector","floor":33,"turns":7}],"seed_played":"-7801388838044395206","potions_obtained":[{"floor":11.0,"key":"SpeedPotion"},{"floor":14.0,"key":"Regen Potion"},{"floor":18.0,"key":"AttackPotion"},{"floor":24,"key":"FearPotion"},{"floor":30,"key":"EssenceOfDarkness"},{"floor":31,"key":"SpeedPotion"}],"is_trial":false,"path_per_floor":["M","?","?","M","$","R","$","R","T","E","M","?","E","M","R","B",null,"M","M","$","M","M","R","M","R","T","M","R","$","M","M","R","B"],"character_chosen":"DEFECT","items_purchased":["Doom and Gloom","Capacitor","Defragment","Compile Driver+1"],"campfire_rested":3,"item_purchase_floors":[5,20,29,29],"current_hp_per_floor":[64,64,64,64,64,64,64,64,64,64,71,67,42,51,51,16,63,35,45,45,34,20,44,36,60,60,42,42,42,24,16,41,0,0],"gold":153,"neow_bonus":"THREE_ENEMY_KILL","is_daily":false,"chose_seed":false,"campfire_upgraded":4,"win_rate":0.0,"timestamp":1612467269,"path_taken":["M","?","?","?","$","R","?","R","T","E","M","?","E","M","R","BOSS","M","M","$","M","M","R","M","R","T","M","R","$","?","M","R","BOSS"],"items_purchased_type":["Card","Card","Card","Card"],"build_version":"2020-12-22","purchased_purges":1,"victory":false,"max_hp_per_floor":[71,71,71,71,71,71,71,71,71,71,71,71,71,71,71,71,77,79,79,79,79,81,81,81,81,81,83,83,83,83,85,85,85,85],"relic_stats":{"Darkstone Periapt":6,"Singing Bowl":8,"counters":[16,76],"Golden Idol":75,"Bronze Scales":[161],"obtain_stats":[{"Darkstone Periapt":13,"Calling Bell":17,"Lantern":9,"NeowsBlessing":0,"Singing Bowl":17,"Golden Idol":2,"Bronze Scales":17,"Spirit Poop":3,"Molten Egg 2":10,"Cracked Core":0,"TungstenRod":17,"Mercury Hourglass":26},{"Darkstone Periapt":5,"Calling Bell":7,"Lantern":2,"NeowsBlessing":0,"Singing Bowl":7,"Golden Idol":1,"Bronze Scales":7,"Spirit Poop":1,"Molten Egg 2":3,"Cracked Core":0,"TungstenRod":7,"Mercury Hourglass":12},{"Darkstone Periapt":11,"Calling Bell":27,"Lantern":2,"NeowsBlessing":0,"Singing Bowl":27,"Golden Idol":1,"Bronze Scales":27,"Spirit Poop":1,"Molten Egg 2":3,"Cracked Core":0,"TungstenRod":27,"Mercury Hourglass":55}],"TungstenRod":48,"Mercury Hourglass":[87]},"card_choices":[{"not_picked":["Steam","Redo"],"picked":"Barrage","floor":1.0},{"not_picked":["Beam Cell","Tempest"],"picked":"Self Repair","floor":4.0},{"not_picked":["Reprogram","Self Repair"],"picked":"Conserve Battery","floor":10.0},{"not_picked":["Streamline+1","Coolheaded"],"picked":"Ball Lightning+1","floor":11.0},{"not_picked":["Sweeping Beam+1","Force Field"],"picked":"Reboot","floor":13.0},{"not_picked":["Compile Driver+1","Turbo"],"picked":"Genetic Algorithm","floor":14.0},{"not_picked":["Amplify","Creative AI"],"picked":"Seek","floor":16.0},{"not_picked":["Conserve Battery","Reprogram","Gash+1"],"picked":"Singing Bowl","floor":18.0},{"not_picked":["Self Repair","Turbo"],"picked":"Barrage+1","floor":19},{"not_picked":["Steam","Sunder+1"],"picked":"Darkness","floor":21},{"not_picked":["Hologram","Force Field+1","Gash+1"],"picked":"Singing Bowl","floor":22},{"not_picked":["Leap+1","Steam Power"],"picked":"Cold Snap+1","floor":24},{"not_picked":["Hyperbeam+1","White Noise","Tempest"],"picked":"Singing Bowl","floor":27},{"not_picked":["Sunder+1","Stack"],"picked":"Lockon+1","floor":30},{"not_picked":["Doom and Gloom+1","Hologram","Compile Driver+1"],"picked":"Singing Bowl","floor":31}],"player_experience":2011450,"relics_obtained":[{"floor":9.0,"key":"Lantern"},{"floor":10.0,"key":"Molten Egg 2"},{"floor":13.0,"key":"Darkstone Periapt"},{"floor":17.0,"key":"Bronze Scales"},{"floor":17.0,"key":"Singing Bowl"},{"floor":17.0,"key":"TungstenRod"},{"floor":26,"key":"Mercury Hourglass"}],"event_choices":[{"damage_healed":0.0,"max_hp_gain":0.0,"max_hp_loss":0.0,"gold_gain":0.0,"event_name":"Golden Idol","player_choice":"Take Wound","floor":2.0,"gold_loss":0.0,"damage_taken":0.0,"relics_obtained":["Golden Idol"],"cards_obtained":["Injury"]},{"cards_removed":["Injury"],"damage_healed":0.0,"max_hp_gain":0.0,"max_hp_loss":0.0,"gold_gain":0.0,"event_name":"Bonfire Elementals","player_choice":"Offered Curse","floor":3.0,"gold_loss":0.0,"damage_taken":0.0,"relics_obtained":["Spirit Poop"]},{"damage_healed":0.0,"max_hp_gain":0.0,"max_hp_loss":0.0,"gold_gain":0.0,"event_name":"The Woman in Blue","player_choice":"Bought 0 Potions","floor":12.0,"gold_loss":0.0,"damage_taken":0.0}],"is_beta":false,"boss_relics":[{"not_picked":["Tiny House","Philosopher\u0027s Stone"],"picked":"Calling Bell"}],"items_purged_floors":[20],"is_endless":false,"potions_floor_spawned":[11,14,18,24,30,31],"killed_by":"Collector","ascension_level":20}}