{"host":"0iey8v53xvwqxh5z","time":1612420804,"event":{"mods":["BaseMod","BetterRewards","Downfall","Hubris","Minty Spire (QoL Compilation)","Relic Stats","Replay The Spire","Shop Mod","StSLib"],"gold_per_floor":[99,116,127,402,414,10,65,11,21,211,111,130,149,177,189,292,292,292,307,327,33,51,66,66,286,302,202,230,249,267,296,311,415,415,415,434,448,465,480,480,554,554,604,639,652,652,672,704,718,718],"floor_reached":51,"language":"ENG","playtime":5288,"items_purged":["Regret","Slimebound:Strike_Slimebound","Slimebound:Defend_Slimebound"],"score":859,"play_id":"c865123f-367b-469a-8ecc-0ca264674832","local_time":"20210204014004","is_ascension_mode":false,"campfire_choices":[{"floor":1,"key":"RECALL"},{"data":"Slimebound:GoopTackle","floor":11,"key":"SMITH"},{"data":"Slimebound:DuplicatedForm","floor":18,"key":"SMITH"},{"data":"Slimebound:DuplicatedForm","floor":27,"key":"SMITH"},{"data":"Slimebound:Gluttony","floor":35,"key":"SMITH"},{"data":"Slimebound:SpikyOuterGoop","floor":40,"key":"SMITH"},{"data":"Slimebound:SpikyOuterGoop","floor":46,"key":"SMITH"}],"circlet_count":0,"master_deck":["Slimebound:Strike_Slimebound","Slimebound:Strike_Slimebound","Slimebound:Tackle","Slimebound:Defend_Slimebound","Slimebound:Defend_Slimebound","Slimebound:Defend_Slimebound","Slimebound:Split","Slimebound:CorrosiveSpit","Slimebound:Nibble","Slimebound:SpikyOuterGoop+1","Slimebound:GoopTackle+1","Slimebound:FormOfPuddle","Slimebound:Schlurp+1","ReplayTheSpireMod:Splinters","Slimebound:LeechLife","Slimebound:LeechEnergy","Slimebound:DuplicatedForm+1","Slimebound:LivingWall","Slimebound:DuplicatedForm+1","Slimebound:Prepare+1","Slimebound:Gluttony","Slimebound:Gluttony+1","Slimebound:ComboTackle+1","Slimebound:ViciousTackle+1","Slimebound:LivingWall+1","Slimebound:SamplingLick+1","Slimebound:RollThrough+1","Slimebound:AcidTongue","Slimebound:SamplingLick+1","Slimebound:PrepareCrush","Slimebound:Prepare+1","Slimebound:RejuvenatingLick+1","Slimebound:Replication","Slimebound:GoopSpray","Slimebound:SpikyOuterGoop+1","Slimebound:RollThrough+1","Slimebound:Chomp+1","Slimebound:FinishingTackle+1"],"relics":["Slimebound:AbsorbEndCombat","Gambling Chip","Replay:Rubber Ducky","downfall:HeartBlessingRed","Meat on the Bone","ChewingGum","Mummified Hand","downfall:HeartBlessingGreen","Ice Cream","Bag of Preparation","Slimebound:TarBlob","hubris:CrystalStatue","Ginger","Thread and Needle","Pocketwatch"],"acts_visited":["Exordium","TheCity","TheBeyond"],"potions_floor_usage":[20,20,23,25,28,49],"damage_taken":[{"damage":3,"enemies":"Jaw Worm","floor":2,"turns":5},{"damage":1,"enemies":"Cultist","floor":3,"turns":3},{"damage":5,"enemies":"2 Louse","floor":5,"turns":2},{"damage":9,"enemies":"downfall:FleeingMerchant","floor":6,"turns":4},{"damage":26,"enemies":"downfall:FleeingMerchant","floor":8,"turns":4},{"damage":0,"enemies":"Large Slime","floor":9,"turns":5},{"damage":7,"enemies":"Gremlin Gang","floor":12,"turns":5},{"damage":0,"enemies":"2 Fungi Beasts","floor":13,"turns":2},{"damage":11,"enemies":"Gremlin Nob","floor":14,"turns":5},{"damage":15,"enemies":"Large Slime","floor":15,"turns":2},{"damage":19,"enemies":"SI_SHIV_ARCHETYPE","floor":16,"turns":5},{"damage":30,"enemies":"3 Byrds","floor":19,"turns":6},{"damage":20,"enemies":"Shell Parasite","floor":20,"turns":3},{"damage":30,"enemies":"downfall:FleeingMerchant","floor":21,"turns":4},{"damage":15,"enemies":"Centurion and Healer","floor":22,"turns":6},{"damage":16,"enemies":"Chosen and Byrds","floor":23,"turns":7},{"damage":30,"enemies":"downfall:FleeingMerchant","floor":25,"turns":3},{"damage":30,"enemies":"Cultist and Chosen","floor":26,"turns":4},{"damage":36,"enemies":"Gremlin Leader","floor":28,"turns":4},{"damage":30,"enemies":"Snecko","floor":29,"turns":5},{"damage":30,"enemies":"Sentry and Sphere","floor":30,"turns":4},{"damage":31,"enemies":"Replay:Snechameleon","floor":31,"turns":4},{"damage":15,"enemies":"Shelled Parasite and Fungi","floor":32,"turns":3},{"damage":30,"enemies":"WA_ARCHETYPE_CALM","floor":33,"turns":5},{"damage":15,"enemies":"Orb Walker","floor":36,"turns":2},{"damage":16,"enemies":"3 Shapes","floor":37,"turns":2},{"damage":15,"enemies":"Jaw Worm Horde","floor":38,"turns":3},{"damage":30,"enemies":"3 Darklings","floor":39,"turns":3},{"damage":30,"enemies":"3 Darklings","floor":43,"turns":3},{"damage":30,"enemies":"Giant Head","floor":44,"turns":6},{"damage":30,"enemies":"Transient","floor":45,"turns":5},{"damage":30,"enemies":"Writhing Mass","floor":47,"turns":3},{"damage":30,"enemies":"Reptomancer","floor":48,"turns":4},{"damage":30,"enemies":"Sphere and 2 Shapes","floor":49,"turns":4},{"damage":46,"enemies":"IC_BLOCK_ARCHETYPE","floor":50,"turns":5}],"seed_played":"-3833423874426467215","potions_obtained":[{"floor":2,"key":"ColorlessPotion"},{"floor":5,"key":"LifebloodPotion"},{"floor":14,"key":"Adrenaline Potion"},{"floor":23,"key":"Languid Potion"},{"floor":29,"key":"Adrenaline Potion"},{"floor":31,"key":"Strength Potion"},{"floor":49,"key":"Venom Potion"}],"is_trial":false,"path_per_floor":["R","M","M","?","M","$","T","$","M","?","R","M","M","E","M","B",null,"R","M","M","$","M","M","T","$","M","R","E","M","M","E","M","B",null,"R","M","M","M","M","R","T","?","?","E","M","R","M","E","M","B",null],"character_chosen":"SLIMEBOUND","items_purchased":["Gambling Chip","Slimebound:Schlurp+1","Slimebound:Gluttony","DistilledChaos","hexamod:SoulburnPotion"],"campfire_rested":0,"item_purchase_floors":[6,8,21,21,21],"current_hp_per_floor":[71,71,71,71,66,63,63,41,49,49,49,54,56,53,55,59,71,71,71,71,71,71,70,70,57,67,67,69,71,71,71,71,71,71,71,71,71,71,71,71,71,71,71,71,71,71,71,71,71,67],"gold":718,"neow_bonus":"TEN_PERCENT_HP_BONUS","is_daily":false,"chose_seed":false,"campfire_upgraded":6,"win_rate":0.0,"timestamp":1612420804,"path_taken":["R","M","M","?","?","$","T","$","M","?","R","M","M","E","M","BOSS","R","M","M","$","M","?","T","$","M","R","E","M","M","E","M","BOSS","R","M","M","M","M","R","T","?","?","E","M","R","M","E","M","BOSS"],"items_purchased_type":["Relic","Card","Card","Potion","Potion"],"build_version":"2020-12-22","purchased_purges":3,"victory":true,"max_hp_per_floor":[71,71,71,71,71,71,71,71,71,71,71,71,71,71,71,71,71,71,71,71,71,71,71,71,71,71,71,71,71,71,71,71,71,71,71,71,71,71,71,71,71,71,71,71,71,71,71,71,71,71],"relic_stats":{"counters":[35,140],"Mummified Hand":[150],"Gambling Chip":[108],"Bag of Preparation":[26],"Ginger":[8],"obtain_stats":[{"Ice Cream":28,"hubris:CrystalStatue":41,"downfall:HeartBlessingRed":11,"downfall:HeartBlessingGreen":27,"Thread and Needle":44,"Bag of Preparation":31,"Ginger":43,"Replay:Rubber Ducky":7,"Slimebound:TarBlob":34,"Mummified Hand":24,"Gambling Chip":6,"ChewingGum":17,"Slimebound:AbsorbEndCombat":0,"Meat on the Bone":14,"Pocketwatch":48},{"Ice Cream":19,"hubris:CrystalStatue":28,"downfall:HeartBlessingRed":6,"downfall:HeartBlessingGreen":18,"Thread and Needle":30,"Bag of Preparation":22,"Ginger":29,"Replay:Rubber Ducky":4,"Slimebound:TarBlob":24,"Mummified Hand":16,"Gambling Chip":4,"ChewingGum":11,"Slimebound:AbsorbEndCombat":0,"Meat on the Bone":9,"Pocketwatch":33},{"Ice Cream":79,"hubris:CrystalStatue":110,"downfall:HeartBlessingRed":23,"downfall:HeartBlessingGreen":75,"Thread and Needle":119,"Bag of Preparation":92,"Ginger":113,"Replay:Rubber Ducky":14,"Slimebound:TarBlob":100,"Mummified Hand":68,"Gambling Chip":14,"ChewingGum":42,"Slimebound:AbsorbEndCombat":0,"Meat on the Bone":35,"Pocketwatch":131}],"Meat on the Bone":0,"Pocketwatch":[3]},"card_choices":[{"not_picked":["Slimebound:DisruptingSlam","Slimebound:Schlurp"],"picked":"Slimebound:Nibble","floor":2},{"not_picked":["Slimebound:Schlurp","Slimebound:LeadByExample"],"picked":"Slimebound:SpikyOuterGoop","floor":3},{"not_picked":["Slimebound:Prepare","Slimebound:LevelUp"],"picked":"Slimebound:GoopTackle","floor":5},{"not_picked":["Slimebound:PressTheAttack","Slimebound:FinishingTackle"],"picked":"Slimebound:FormOfPuddle","floor":6},{"not_picked":["Slimebound:SplitBruiser","Slimebound:TongueLash","Slimebound:ProtectTheBoss"],"picked":"SKIP","floor":8},{"not_picked":["Slimebound:FinishingTackle","Slimebound:ItLooksTasty","Slimebound:Schlurp"],"picked":"SKIP","floor":9},{"not_picked":["Slimebound:SlimeSpikes","Slimebound:Prepare"],"picked":"Slimebound:LeechLife","floor":10},{"not_picked":["Slimebound:RollThrough","Slimebound:PressTheAttack"],"picked":"Slimebound:LeechEnergy","floor":12},{"not_picked":["Slimebound:GoopTackle","Slimebound:SplitBruiser","Slimebound:LeechingTouch"],"picked":"SKIP","floor":13},{"not_picked":["Slimebound:Nibble","Slimebound:PressTheAttack"],"picked":"Slimebound:DuplicatedForm","floor":14},{"not_picked":["Slimebound:HauntingLick","Slimebound:LeadByExample"],"picked":"Slimebound:LivingWall","floor":15},{"not_picked":["Slimebound:Overexert","Slimebound:PrepareCrush"],"picked":"Slimebound:DuplicatedForm","floor":16},{"not_picked":["Slimebound:GrowthPunch","Slimebound:Schlurp"],"picked":"Slimebound:Prepare+1","floor":19},{"not_picked":["Slimebound:Schlurp","Slimebound:GoopTackle","Slimebound:SplitMire"],"picked":"SKIP","floor":20},{"not_picked":["Slimebound:LeechEnergy","Slimebound:SamplingLick","Slimebound:OozeBath"],"picked":"SKIP","floor":21},{"not_picked":["Slimebound:HauntingLick","Slimebound:TongueLash+1"],"picked":"Slimebound:ComboTackle+1","floor":22},{"not_picked":["Slimebound:Chomp","Slimebound:SplitBruiser"],"picked":"Slimebound:ViciousTackle+1","floor":23},{"not_picked":["Slimebound:LeechingTouch+1","Slimebound:Chomp","Slimebound:Schlurp"],"picked":"SKIP","floor":25},{"not_picked":["Slimebound:SplitBruiser","Slimebound:SplitAcid","Slimebound:SlimeSpikes"],"picked":"SKIP","floor":26},{"not_picked":["Slimebound:LeechEnergy","Slimebound:LeadByExample+1"],"picked":"Slimebound:LivingWall+1","floor":28},{"not_picked":["Slimebound:SplitBruiser","Slimebound:FirmFortitude"],"picked":"Slimebound:SamplingLick+1","floor":29},{"not_picked":["Slimebound:ComboTackle","Slimebound:ViciousTackle"],"picked":"Slimebound:RollThrough+1","floor":30},{"not_picked":["Slimebound:Dissolve","Slimebound:LeechingTouch+1"],"picked":"Slimebound:AcidTongue","floor":31},{"not_picked":["Slimebound:LeechingTouch","Slimebound:SlimeTap"],"picked":"Slimebound:SamplingLick+1","floor":32},{"not_picked":["Slimebound:WasteNot","Slimebound:OozeBath"],"picked":"Slimebound:PrepareCrush","floor":33},{"not_picked":["Slimebound:Dissolve","Slimebound:DisruptingSlam+1"],"picked":"Slimebound:Prepare+1","floor":36},{"not_picked":["Slimebound:SlimeBrawl","Slimebound:LevelUp"],"picked":"Slimebound:RejuvenatingLick+1","floor":37},{"not_picked":["Slimebound:MegaLick+1","Slimebound:RollThrough","Slimebound:LeechingTouch+1"],"picked":"SKIP","floor":38},{"not_picked":["Slimebound:LeechingTouch+1","Slimebound:GoopTackle+1"],"picked":"Slimebound:Replication","floor":39},{"not_picked":["Slimebound:BestDefense+1","Slimebound:PressTheAttack+1"],"picked":"Slimebound:SpikyOuterGoop","floor":43},{"not_picked":["Slimebound:MegaLick+1","Slimebound:PressTheAttack","Slimebound:FirmFortitude"],"picked":"SKIP","floor":44},{"not_picked":["Slimebound:Prepare","Slimebound:RainOfGoop"],"picked":"Slimebound:RollThrough+1","floor":45},{"not_picked":["Slimebound:SplitLeeching+1","Slimebound:MassFeed"],"picked":"Slimebound:Chomp+1","floor":47},{"not_picked":["Slimebound:ItLooksTasty","Slimebound:SamplingLick+1"],"picked":"Slimebound:FinishingTackle+1","floor":48},{"not_picked":["Slimebound:Prepare+1","Slimebound:ComboTackle","Slimebound:OozeBath"],"picked":"SKIP","floor":49}],"player_experience":60931,"relics_obtained":[{"floor":7,"key":"Replay:Rubber Ducky"},{"floor":14,"key":"Meat on the Bone"},{"floor":24,"key":"Mummified Hand"},{"floor":28,"key":"Ice Cream"},{"floor":31,"key":"Bag of Preparation"},{"floor":41,"key":"hubris:CrystalStatue"},{"floor":43,"key":"Ginger"},{"floor":44,"key":"Thread and Needle"},{"floor":48,"key":"Pocketwatch"}],"event_choices":[],"is_beta":false,"boss_relics":[{"not_picked":["hubris:GrandSneckoEye","Fusion Hammer"],"picked":"ChewingGum"},{"not_picked":["SlaversCollar","hubris:VirtuousBlindfold"],"picked":"Slimebound:TarBlob"}],"items_purged_floors":[6,21,25],"is_endless":false,"potions_floor_spawned":[2,5,14,15,19,23,29,31,32,38,43,47,49],"ascension_level":0}}