{"host":"t9zjxed0utvsfjwc","time":1612416912,"event":{"mods":["2.2 Compatiblity","Aspiration","BaseMod","Better Altar","Better Match","Better Note","Better Sensory Stone","Better Skull","Better Third Choice","Block Reminder","Colored Map","Colored Powertips","Custom Start","Downfall","Hermit","Highlight Path","Hubris","Infinite Spire","Marisa????????","Minty Spire (QoL Compilation)","Quick Restart","Rare Cards Sparkle","Reliquary","Replay The Spire","StSLib","The Cursed","The Marked","The Runesmith","Unceasing Turn Reminder","everything is the same but u backflip on backflip"],"gold_per_floor":[109,34,34,34,53,53,79,79,79,106,122,122,138,38,38,137,137,152,152,152,171,26,56,91,105,132,132,132,132,132],"floor_reached":29,"language":"ENG","playtime":938,"items_purged":["Defend_R","Strike_R","Strike_R"],"score":259,"play_id":"781c1a69-f501-4fa1-aaa7-0ad4bbb57634","local_time":"20210204053512","is_ascension_mode":false,"campfire_choices":[{"data":"Clash","floor":6,"key":"SMITH"},{"data":"Rage","floor":8,"key":"SMITH"},{"data":"ReplayTheSpireMod:Corrosion Curse","floor":12,"key":"SMITH"},{"data":"Bash","floor":15,"key":"SMITH"},{"data":"Ghostly Armor","floor":27,"key":"SMITH"}],"circlet_count":0,"master_deck":["Strike_R","Strike_R","Defend_R","Bash+1","Rage+1","ReplayTheSpireMod:Corrosion Curse+1","Clash+1","Ghostly Armor+1","Replay:Undeath\u0027s Touch+1"],"relics":["Burning Blood","aspiration:Nostalgia","PureWater","reliquary:Aerogel","Meat on the Bone","hubris:OldNail","Empty Cage","Black Blood","Blue Candle","Orrery","WingedGreaves","InkBottle","Anchor","GremlinMask"],"acts_visited":["Exordium","TheCity"],"potions_floor_usage":[7,16,16,21,24],"damage_taken":[{"damage":0,"enemies":"Cultist","floor":1,"turns":2},{"damage":0,"enemies":"Small Slimes","floor":5,"turns":4},{"damage":21,"enemies":"Lagavulin","floor":7,"turns":4},{"damage":0,"enemies":"Jaw Worm","floor":11,"turns":3},{"damage":2,"enemies":"Red Slaver","floor":13,"turns":4},{"damage":56,"enemies":"Fading Forest","floor":16,"turns":11},{"damage":0,"enemies":"Shell Parasite","floor":18,"turns":3},{"damage":0,"enemies":"Spheric Guardian","floor":21,"turns":2},{"damage":22,"enemies":"Nightmare","floor":23,"turns":10},{"damage":28,"enemies":"Gremlin Leader","floor":24,"turns":5},{"damage":6,"enemies":"Snake Plant","floor":25,"turns":2},{"damage":82,"enemies":"Slavers","floor":29,"turns":9}],"seed_played":"-420727934701573348","potions_obtained":[{"floor":5,"key":"ColorlessPotion"},{"floor":11,"key":"hexamod:SoulburnPotion"},{"floor":13,"key":"Energy Potion"},{"floor":18,"key":"Fire Potion"},{"floor":23,"key":"Fire Potion"}],"is_trial":false,"path_per_floor":["M","$","$","?","M","R","E","R","T","T","M","R","M","$","R","B",null,"M","AVR","?","M","$","NM","E","M","T","R","?","E"],"character_chosen":"IRONCLAD","items_purchased":["Orrery"],"campfire_rested":0,"item_purchase_floors":[22],"current_hp_per_floor":[80,80,80,80,80,80,65,65,65,65,71,71,75,75,75,58,80,80,80,80,80,80,76,66,78,78,78,78,0,0],"gold":132,"neow_bonus":"NOSTALGIA","is_daily":false,"chose_seed":false,"campfire_upgraded":5,"win_rate":0.0,"timestamp":1612416912,"path_taken":["M","?","$","?","?","R","E","R","T","?","M","R","M","$","R","BOSS","M","AVR","?","M","$","NM","E","M","T","R","?","E"],"items_purchased_type":["Relic"],"build_version":"2020-12-22","purchased_purges":3,"victory":false,"max_hp_per_floor":[80,80,80,80,80,80,80,80,80,80,80,80,80,80,80,80,80,80,80,80,80,80,80,80,80,80,80,80,80,80],"card_choices":[{"not_picked":["Headbutt","Seeing Red"],"picked":"Rage","floor":1},{"not_picked":["Havoc","Sword Boomerang"],"picked":"Clash","floor":5},{"not_picked":["Hemogenesis","Seeing Red","Perfected Strike"],"picked":"SKIP","floor":7},{"not_picked":["Hemogenesis","Seeing Red","Perfected Strike"],"picked":"SKIP","floor":7},{"not_picked":["ReplayTheSpireMod:Strike From Hell","Evolve","Havoc"],"picked":"SKIP","floor":11},{"not_picked":["Clothesline","Iron Wave","hubris:ReadiedAction"],"picked":"SKIP","floor":13},{"not_picked":["Warcry","Spot Weakness","Shrug It Off"],"picked":"SKIP","floor":18},{"not_picked":["Dropkick","Searing Blow","Dark Embrace+1"],"picked":"SKIP","floor":21},{"not_picked":["Reckless Charge","Iron Wave"],"picked":"Ghostly Armor","floor":22},{"not_picked":["hubris:ReadiedAction","Impervious","Dual Wield"],"picked":"SKIP","floor":23},{"not_picked":["hubris:ReadiedAction","Clothesline","Perfected Strike"],"picked":"SKIP","floor":24},{"not_picked":["Body Slam","Thunderclap"],"picked":"Replay:Undeath\u0027s Touch+1","floor":25}],"player_experience":474347,"relics_obtained":[{"floor":7,"key":"reliquary:Aerogel"},{"floor":9,"key":"Meat on the Bone"},{"floor":10,"key":"hubris:OldNail"},{"floor":23,"key":"WingedGreaves"},{"floor":24,"key":"InkBottle"},{"floor":26,"key":"Anchor"}],"event_choices":[{"damage_healed":0,"gold_gain":0,"cards_transformed":["Defend_R"],"player_choice":"Transformed","damage_taken":0,"max_hp_gain":0,"max_hp_loss":0,"event_name":"Transmorgrifier","floor":4,"gold_loss":0,"cards_obtained":["ReplayTheSpireMod:Corrosion Curse"]},{"damage_healed":0,"gold_gain":0,"player_choice":"Trade","damage_taken":0,"relics_obtained":["GremlinMask"],"max_hp_gain":0,"max_hp_loss":0,"event_name":"FaceTrader","floor":28,"gold_loss":0}],"is_beta":false,"boss_relics":[{"not_picked":["Ectoplasm","SlaversCollar"],"picked":"Empty Cage"}],"items_purged_floors":[2,14,19],"is_endless":true,"potions_floor_spawned":[5,11,13,18,23],"killed_by":"Slavers","ascension_level":0}}