{"host":"d2y4rmbezebiv8aj","time":1612421946,"event":{"mods":["AchievementEnabler","BaseMod","Bestiary","BetterRewards","Colored Map","Colored Powertips","Custom Start","Highlight Path","Minty Spire (QoL Compilation)","Quick Restart","Rare Cards Sparkle","Relic Sorter","Relic Stats","Shop Mod","Slay-I","StSLib","SuperFastMode"],"gold_per_floor":[124,199,215,231,231,231,231,231,312,312,329,54,54,70,70,173,173,193,49,66,66,78,78,78],"floor_reached":23,"language":"DEU","playtime":741,"items_purged":[],"score":461,"play_id":"e736ab56-b14d-4224-b0fa-a7f0af609f8c","local_time":"20210204075906","is_ascension_mode":true,"campfire_choices":[{"floor":6,"key":"REST"},{"floor":8,"key":"DIG"},{"floor":10,"key":"DIG"},{"data":"Panache","floor":13,"key":"SMITH"},{"floor":15,"key":"DIG"}],"circlet_count":0,"master_deck":["AscendersBane","Defend_G","Defend_G","Defend_G","Defend_G","Defend_G","Survivor","Neutralize","Flying Knee","Storm of Steel","Noxious Fumes","Panache+1","Footwork","Finisher","Dagger Spray","Deflect","Adrenaline","Infinite Blades","Cloak And Dagger","Cloak And Dagger","Glass Knife","PiercingWail","Footwork","Bite","Bite","Bite","Bite","Bite","Infinite Blades"],"relics":["Ring of the Snake","Ninja Scroll","Shovel","Orichalcum","InkBottle","Boot","TwistedFunnel","Snake Skull","Empty Cage","Membership Card"],"acts_visited":["Exordium","TheCity"],"potions_floor_usage":[22],"damage_taken":[{"damage":3,"enemies":"2 Louse","floor":1,"turns":2},{"damage":0,"enemies":"Jaw Worm","floor":3,"turns":1},{"damage":0,"enemies":"Cultist","floor":4,"turns":2},{"damage":0,"enemies":"Blue Slaver","floor":11,"turns":1},{"damage":0,"enemies":"Looter","floor":14,"turns":1},{"damage":13,"enemies":"The Guardian","floor":16,"turns":9},{"damage":0,"enemies":"3 Byrds","floor":18,"turns":1},{"damage":6,"enemies":"Spheric Guardian","floor":20,"turns":3},{"damage":13,"enemies":"Snake Plant","floor":22,"turns":4},{"damage":76,"enemies":"Book of Stabbing","floor":23,"turns":7}],"seed_played":"-7393970097811046545","potions_obtained":[{"floor":1,"key":"Swift Potion"},{"floor":3,"key":"Regen Potion"},{"floor":14,"key":"GhostInAJar"}],"is_trial":false,"path_per_floor":["M","?","M","M","$","R","?","R","T","R","M","$","R","M","R","B",null,"M","$","M","?","M","E"],"character_chosen":"THE_SILENT","items_purchased":["Flying Knee","Storm of Steel","Noxious Fumes","Panache","Ninja Scroll","Footwork","Finisher","Infinite Blades","Cloak And Dagger","TwistedFunnel","Membership Card"],"campfire_rested":1,"item_purchase_floors":[0,0,0,0,0,0,0,12,12,12,19],"current_hp_per_floor":[39,28,28,28,28,49,49,49,49,49,51,51,51,53,53,42,63,65,65,61,61,56,0,0],"gold":78,"neow_bonus":"","is_daily":false,"chose_seed":false,"campfire_upgraded":1,"win_rate":0.0,"timestamp":1612421946,"path_taken":["M","?","M","M","$","R","?","R","T","R","M","$","R","M","R","BOSS","M","$","?","?","M","E"],"items_purchased_type":["Card","Card","Card","Card","Relic","Card","Card","Card","Card","Relic","Relic"],"build_version":"2020-12-22","purchased_purges":0,"victory":false,"max_hp_per_floor":[70,70,70,70,70,70,70,70,70,70,70,70,70,70,70,70,70,70,70,70,70,70,70,70],"relic_stats":{"Shovel":3,"counters":[53,219],"Snake Skull":[18],"Orichalcum":[12],"Boot":[93],"obtain_stats":[{"TwistedFunnel":12,"Regal Pillow":21,"Lantern":46,"Gremlin Horn":17,"Vajra":43,"Snake Skull":15,"Juzu Bracelet":23,"Smiling Mask":19,"Boot":10,"Empty Cage":17,"Blood Vial":7,"Nunchaku":27,"Dream Catcher":26,"Shovel":0,"DollysMirror":25,"Mummified Hand":28,"Ninja Scroll":0,"Philosopher\u0027s Stone":17,"Tiny Chest":26,"InkBottle":6,"Ring of the Snake":0,"NeowsBlessing":0,"The Specimen":17,"Dead Branch":0,"Oddly Smooth Stone":17,"PreservedInsect":29,"Omamori":9,"Orichalcum":9,"Calling Bell":17,"SlaversCollar":34,"Ornamental Fan":11,"Membership Card":19,"Ring of the Serpent":34,"Meat on the Bone":28},{"TwistedFunnel":47,"Regal Pillow":10,"Lantern":40,"Gremlin Horn":28,"Vajra":39,"Snake Skull":48,"Juzu Bracelet":12,"Smiling Mask":10,"Boot":46,"Empty Cage":49,"Blood Vial":46,"Nunchaku":14,"Dream Catcher":31,"Shovel":43,"DollysMirror":31,"Mummified Hand":32,"Ninja Scroll":43,"Philosopher\u0027s Stone":9,"Tiny Chest":13,"InkBottle":25,"Ring of the Snake":0,"NeowsBlessing":0,"The Specimen":28,"Dead Branch":19,"Oddly Smooth Stone":28,"PreservedInsect":33,"Omamori":25,"Orichalcum":7,"Calling Bell":28,"SlaversCollar":17,"Ornamental Fan":7,"Membership Card":50,"Ring of the Serpent":34,"Meat on the Bone":32},{"TwistedFunnel":194,"Regal Pillow":27,"Lantern":173,"Gremlin Horn":127,"Vajra":171,"Snake Skull":195,"Juzu Bracelet":36,"Smiling Mask":27,"Boot":193,"Empty Cage":204,"Blood Vial":193,"Nunchaku":47,"Dream Catcher":141,"Shovel":188,"DollysMirror":141,"Mummified Hand":143,"Ninja Scroll":188,"Philosopher\u0027s Stone":26,"Tiny Chest":41,"InkBottle":109,"Ring of the Snake":0,"NeowsBlessing":0,"The Specimen":127,"Dead Branch":83,"Oddly Smooth Stone":127,"PreservedInsect":146,"Omamori":109,"Orichalcum":15,"Calling Bell":127,"SlaversCollar":67,"Ornamental Fan":15,"Membership Card":205,"Ring of the Serpent":154,"Meat on the Bone":143}],"InkBottle":[65],"Ring of the Snake":[20]},"card_choices":[{"not_picked":["PiercingWail","Acrobatics"],"picked":"Dagger Spray","floor":1},{"not_picked":["Underhanded Strike","Calculated Gamble","Poisoned Stab"],"picked":"SKIP","floor":3},{"not_picked":["Deadly Poison","Endless Agony"],"picked":"Deflect","floor":4},{"not_picked":["PiercingWail","Calculated Gamble"],"picked":"Adrenaline","floor":11},{"not_picked":["Outmaneuver","Predator"],"picked":"Cloak And Dagger","floor":14},{"not_picked":["Wraith Form v2","Doppelganger"],"picked":"Glass Knife","floor":16},{"not_picked":["Choke","Flying Knee"],"picked":"PiercingWail","floor":18},{"not_picked":["Deflect","Blade Dance"],"picked":"Footwork","floor":20},{"not_picked":["Concentrate+1","PiercingWail"],"picked":"Infinite Blades","floor":22}],"player_experience":396725,"relics_obtained":[{"floor":8,"key":"Orichalcum"},{"floor":9,"key":"InkBottle"},{"floor":10,"key":"Boot"},{"floor":15,"key":"Snake Skull"}],"event_choices":[{"damage_healed":0,"gold_gain":75,"player_choice":"Gather Gold","damage_taken":11,"max_hp_gain":0,"max_hp_loss":0,"event_name":"World of Goop","floor":2,"gold_loss":0},{"damage_healed":0,"gold_gain":0,"player_choice":"Gave Potion","damage_taken":0,"relics_obtained":["Blood Vial"],"max_hp_gain":0,"max_hp_loss":0,"event_name":"WeMeetAgain","floor":7,"gold_loss":0},{"damage_healed":0,"gold_gain":0,"player_choice":"Became a vampire (Vial)","damage_taken":0,"max_hp_gain":0,"max_hp_loss":0,"event_name":"Vampires","floor":21,"relics_lost":["Blood Vial"],"gold_loss":0,"cards_obtained":["Bite","Bite","Bite","Bite","Bite"]}],"is_beta":false,"boss_relics":[{"not_picked":["HoveringKite","Busted Crown"],"picked":"Empty Cage"}],"items_purged_floors":[],"is_endless":false,"potions_floor_spawned":[1,3,14,18,20],"killed_by":"Book of Stabbing","ascension_level":11}}