{"host":"9n6i2vl93jt4o42q","time":1612477284,"event":{"mods":["BaseMod","Minty Spire (QoL Compilation)","Relic Stats"],"gold_per_floor":[109,120,138,138,151,151,179,191,191,211,211,211,228,240,240,317,317,317,317,317,317,317,317,317,317,317,317,317,317,317,317,317,317,317],"floor_reached":33,"language":"ENG","playtime":11734,"items_purged":[],"score":632,"play_id":"19560e70-4a47-45a8-94c4-1c08ba0221e3","local_time":"20210204232124","is_ascension_mode":true,"campfire_choices":[{"floor":6.0,"key":"REST"},{"data":"Bouncing Flask","floor":12.0,"key":"SMITH"},{"floor":15.0,"key":"REST"},{"floor":23.0,"key":"REST"},{"floor":25.0,"key":"REST"},{"floor":29.0,"key":"REST"},{"floor":32.0,"key":"REST"}],"circlet_count":0,"master_deck":["AscendersBane","Strike_G","Strike_G","Strike_G","Defend_G","Defend_G","Defend_G","Defend_G","Survivor","Neutralize","Malaise","Bouncing Flask+1","Deadly Poison","Adrenaline","Blade Dance","Acrobatics","Tactician","Deflect","Backstab","Poisoned Stab","Die Die Die","Backflip+1","Footwork","Setup","After Image","Flechettes+1","Sucker Punch+1","PiercingWail"],"relics":["Ring of the Snake","Lantern","Matryoshka","Ectoplasm","HornCleat","Centennial Puzzle","MealTicket","Happy Flower"],"acts_visited":["Exordium","TheCity"],"potions_floor_usage":[],"damage_taken":[{"damage":5.0,"enemies":"Small Slimes","floor":1.0,"turns":5.0},{"damage":4.0,"enemies":"Jaw Worm","floor":2.0,"turns":3.0},{"damage":1.0,"enemies":"Cultist","floor":3.0,"turns":4.0},{"damage":7.0,"enemies":"Exordium Thugs","floor":5.0,"turns":4.0},{"damage":19.0,"enemies":"3 Sentries","floor":7.0,"turns":8.0},{"damage":9.0,"enemies":"3 Louse","floor":8.0,"turns":3.0},{"damage":0.0,"enemies":"Red Slaver","floor":10.0,"turns":4.0},{"damage":11.0,"enemies":"Exordium Thugs","floor":13.0,"turns":4.0},{"damage":1.0,"enemies":"Exordium Wildlife","floor":14.0,"turns":4.0},{"damage":27.0,"enemies":"Slime Boss","floor":16.0,"turns":7.0},{"damage":20.0,"enemies":"3 Byrds","floor":18.0,"turns":5.0},{"damage":8.0,"enemies":"Shell Parasite","floor":20.0,"turns":4.0},{"damage":18.0,"enemies":"Snecko","floor":21.0,"turns":4.0},{"damage":16.0,"enemies":"Slavers","floor":24.0,"turns":7.0},{"damage":24.0,"enemies":"Shelled Parasite and Fungi","floor":28.0,"turns":5.0},{"damage":0.0,"enemies":"Gremlin Leader","floor":30.0,"turns":5.0},{"damage":0.0,"enemies":"3 Cultists","floor":31.0,"turns":5.0},{"damage":56,"enemies":"Collector","floor":33,"turns":8}],"seed_played":"-6374040331654369043","potions_obtained":[{"floor":2.0,"key":"Block Potion"},{"floor":3.0,"key":"Fire Potion"},{"floor":7.0,"key":"SkillPotion"},{"floor":14.0,"key":"AttackPotion"},{"floor":18.0,"key":"SpeedPotion"},{"floor":21.0,"key":"EssenceOfSteel"},{"floor":24.0,"key":"ColorlessPotion"},{"floor":28.0,"key":"Fire Potion"}],"is_trial":false,"path_per_floor":["M","M","M","?","M","R","E","M","T","M","?","R","M","M","R","B",null,"M","?","M","M","?","R","E","R","T","?","M","R","E","M","R","B"],"character_chosen":"THE_SILENT","items_purchased":[],"campfire_rested":6,"item_purchase_floors":[],"current_hp_per_floor":[39,35,34,27,20,39,20,11,11,11,33,33,22,21,40,13,53,33,33,25,7,7,26,10,29,29,29,5,24,24,24,43,0,0],"gold":317,"neow_bonus":"THREE_RARE_CARDS","is_daily":false,"chose_seed":false,"campfire_upgraded":1,"win_rate":0.0,"timestamp":1612477284,"path_taken":["M","M","M","?","M","R","E","M","T","M","?","R","M","M","R","BOSS","M","?","M","?","?","R","E","R","T","?","M","R","E","M","R","BOSS"],"items_purchased_type":[],"build_version":"2020-12-22","purchased_purges":0,"victory":false,"max_hp_per_floor":[66,66,66,66,66,66,66,66,66,66,66,66,66,66,66,66,66,66,66,66,66,66,66,66,66,66,66,66,66,66,66,66,66,66],"relic_stats":{"Centennial Puzzle":[6],"Happy Flower":[4],"counters":[18,89],"MealTicket":0,"Ectoplasm":415,"obtain_stats":[{"Lantern":7,"Centennial Puzzle":26,"Matryoshka":9,"HornCleat":24,"Happy Flower":30,"MealTicket":26,"Ectoplasm":17,"Ring of the Snake":0},{"Lantern":5,"Centennial Puzzle":14,"Matryoshka":6,"HornCleat":14,"Happy Flower":16,"MealTicket":14,"Ectoplasm":10,"Ring of the Snake":0},{"Lantern":24,"Centennial Puzzle":66,"Matryoshka":27,"HornCleat":66,"Happy Flower":76,"MealTicket":66,"Ectoplasm":46,"Ring of the Snake":0}],"Ring of the Snake":[36]},"card_choices":[{"not_picked":["Burst","Venomology"],"picked":"Malaise","floor":0.0},{"not_picked":["Outmaneuver","Tactician"],"picked":"Bouncing Flask","floor":1.0},{"not_picked":["Escape Plan","Deflect"],"picked":"Deadly Poison","floor":2.0},{"not_picked":["Eviscerate","Blade Dance"],"picked":"Adrenaline","floor":3.0},{"not_picked":["Accuracy","Flying Knee"],"picked":"Blade Dance","floor":5.0},{"not_picked":["Caltrops","Deflect"],"picked":"Acrobatics","floor":7.0},{"not_picked":["Poisoned Stab","PiercingWail"],"picked":"Tactician","floor":8.0},{"not_picked":["Tactician","Blade Dance"],"picked":"Deflect","floor":10.0},{"not_picked":["Cloak And Dagger","PiercingWail"],"picked":"Backstab","floor":13.0},{"not_picked":["Dodge and Roll","Prepared"],"picked":"Poisoned Stab","floor":14.0},{"not_picked":["Grand Finale","Malaise"],"picked":"Die Die Die","floor":16.0},{"not_picked":["Cloak And Dagger+1","Acrobatics"],"picked":"Backflip+1","floor":18.0},{"not_picked":["Dagger Spray","Finisher"],"picked":"Footwork","floor":20.0},{"not_picked":["Dagger Spray","Tactician","Slice"],"picked":"SKIP","floor":21.0},{"not_picked":["Dagger Throw","Masterful Stab","Choke+1"],"picked":"SKIP","floor":24.0},{"not_picked":["Caltrops","Bane"],"picked":"Flechettes+1","floor":28.0},{"not_picked":["Quick Slash","Dodge and Roll"],"picked":"Sucker Punch+1","floor":30.0},{"not_picked":["Heel Hook","Poisoned Stab"],"picked":"PiercingWail","floor":31.0}],"player_experience":2445885,"relics_obtained":[{"floor":7.0,"key":"Lantern"},{"floor":9.0,"key":"Matryoshka"},{"floor":24.0,"key":"HornCleat"},{"floor":26.0,"key":"Centennial Puzzle"},{"floor":26.0,"key":"MealTicket"},{"floor":30.0,"key":"Happy Flower"}],"event_choices":[{"cards_removed":["Defend_G"],"damage_healed":0.0,"max_hp_gain":0.0,"max_hp_loss":0.0,"gold_gain":0.0,"event_name":"Golden Wing","player_choice":"Card Removal","floor":4.0,"gold_loss":0.0,"damage_taken":7.0},{"damage_healed":22.0,"max_hp_gain":0.0,"max_hp_loss":0.0,"gold_gain":0.0,"event_name":"Big Fish","player_choice":"Banana","floor":11.0,"gold_loss":0.0,"damage_taken":0.0},{"damage_healed":0.0,"max_hp_gain":0.0,"max_hp_loss":0.0,"gold_gain":200.0,"event_name":"Wheel of Change","player_choice":"Gold","floor":19.0,"gold_loss":0.0,"damage_taken":0.0},{"damage_healed":0.0,"max_hp_gain":0.0,"max_hp_loss":0.0,"gold_gain":0.0,"cards_transformed":["Strike_G","Strike_G"],"event_name":"Drug Dealer","player_choice":"Became Test Subject","floor":22.0,"gold_loss":0.0,"damage_taken":0.0,"cards_obtained":["Setup","After Image"]},{"damage_healed":0.0,"max_hp_gain":0.0,"max_hp_loss":0.0,"gold_gain":50.0,"event_name":"Golden Shrine","player_choice":"Pray","floor":27.0,"gold_loss":0.0,"damage_taken":0.0}],"is_beta":false,"boss_relics":[{"not_picked":["Philosopher\u0027s Stone","WristBlade"],"picked":"Ectoplasm"}],"items_purged_floors":[],"is_endless":false,"potions_floor_spawned":[2,3,7,14,18,21,24,28],"killed_by":"Collector","ascension_level":20}}