{"host":"0xtpc43j5kblke7u","time":1612411808,"event":{"mods":["AchievementEnabler","BaseMod","Colored Map","Highlight Path","Minty Spire (QoL Compilation)"],"gold_per_floor":[12,12,74,92,102,134,134,147,194,194,208,236,236,270,270,368,368,383,393,443,153,203,203,352,456,479,444,94,105,105,122,122,223,223,242,292,342,358,408,437,437,463,533,33,133,133,153,203,203,203],"floor_reached":51,"language":"ENG","playtime":2582,"items_purged":["Strike_B","Strike_B","Strike_B+1"],"score":1107,"play_id":"426cad66-8a25-4c63-af1c-c29898d045e2","local_time":"20210203231008","is_ascension_mode":true,"campfire_choices":[{"floor":7.0,"key":"REST"},{"floor":10.0,"key":"REST"},{"data":"Defragment","floor":13.0,"key":"SMITH"},{"data":"Loop","floor":15.0,"key":"SMITH"},{"floor":23.0,"key":"REST"},{"floor":30.0,"key":"REST"},{"floor":32.0,"key":"REST"},{"floor":41.0,"key":"REST"},{"floor":46.0,"key":"REST"},{"floor":49,"key":"REST"}],"circlet_count":0,"master_deck":["Defend_B","Defend_B","Defend_B","Defend_B","Zap","Dualcast","Panache","Turbo","Loop+1","Conserve Battery","Chaos","Conserve Battery","Defragment+1","Leap","Ball Lightning","Compile Driver","Rainbow","Go for the Eyes+1","Cold Snap","Capacitor","Capacitor","Glacier","Capacitor","Core Surge","Sweeping Beam+1","Madness","Madness","Barrage+1","Defragment+1","Reinforced Body+1","Leap+1","Dark Shackles","Cold Snap+1"],"relics":["Cracked Core","SsserpentHead","Question Card","Toy Ornithopter","The Courier","Juzu Bracelet","Fusion Hammer","Thread and Needle","Akabeko","Nunchaku","Mummified Hand","Whetstone","Nuclear Battery","Emotion Chip","CaptainsWheel","Meat on the Bone","Pear","Unceasing Top"],"acts_visited":["Exordium","TheCity","TheBeyond"],"potions_floor_usage":[],"damage_taken":[{"damage":16.0,"enemies":"Small Slimes","floor":1.0,"turns":4.0},{"damage":1.0,"enemies":"Cultist","floor":3.0,"turns":3.0},{"damage":7.0,"enemies":"Jaw Worm","floor":4.0,"turns":3.0},{"damage":7.0,"enemies":"Blue Slaver","floor":5.0,"turns":4.0},{"damage":33.0,"enemies":"Gremlin Nob","floor":6.0,"turns":5.0},{"damage":11.0,"enemies":"Looter","floor":8.0,"turns":4.0},{"damage":0.0,"enemies":"Red Slaver","floor":11.0,"turns":4.0},{"damage":8.0,"enemies":"3 Sentries","floor":12.0,"turns":7.0},{"damage":19.0,"enemies":"Gremlin Nob","floor":14.0,"turns":4.0},{"damage":8.0,"enemies":"The Guardian","floor":16.0,"turns":10.0},{"damage":27.0,"enemies":"Shell Parasite","floor":18.0,"turns":5.0},{"damage":19.0,"enemies":"3 Byrds","floor":19.0,"turns":4.0},{"damage":15.0,"enemies":"Cultist and Chosen","floor":29.0,"turns":7.0},{"damage":0.0,"enemies":"Shelled Parasite and Fungi","floor":31.0,"turns":6.0},{"damage":0.0,"enemies":"Champ","floor":33.0,"turns":9.0},{"damage":1.0,"enemies":"3 Shapes","floor":35.0,"turns":4.0},{"damage":3.0,"enemies":"Orb Walker","floor":38.0,"turns":4.0},{"damage":26.0,"enemies":"Nemesis","floor":40.0,"turns":7.0},{"damage":71.0,"enemies":"Reptomancer","floor":42.0,"turns":7.0},{"damage":0.0,"enemies":"Mind Bloom Boss Battle","floor":45.0,"turns":9.0},{"damage":8.0,"enemies":"Spire Growth","floor":47.0,"turns":5.0},{"damage":36,"enemies":"Time Eater","floor":50,"turns":11}],"seed_played":"2145579358616332244","potions_obtained":[{"floor":1.0,"key":"Strength Potion"},{"floor":6.0,"key":"Block Potion"},{"floor":8.0,"key":"Explosive Potion"},{"floor":11.0,"key":"FearPotion"},{"floor":12.0,"key":"ColorlessPotion"},{"floor":18.0,"key":"FocusPotion"},{"floor":31.0,"key":"Block Potion"},{"floor":33.0,"key":"DistilledChaos"},{"floor":40.0,"key":"ColorlessPotion"},{"floor":42.0,"key":"GamblersBrew"}],"is_trial":false,"path_per_floor":["M","?","M","M","M","E","R","M","T","R","M","E","R","E","R","B",null,"M","M","?","$","?","R","?","T","T","?","$","M","R","M","R","B",null,"M","?","?","M","?","E","R","E","T","$","?","R","M","?","R","B",null],"character_chosen":"DEFECT","items_purchased":["Thread and Needle","Whetstone","Capacitor","Capacitor","Fruit Juice","Regen Potion","Fruit Juice","Dark Shackles","Pear"],"campfire_rested":8,"item_purchase_floors":[21,28,28,28,28,44,44,44,44],"current_hp_per_floor":[52,52,51,44,37,4,26,15,15,37,42,39,39,30,30,22,62,35,16,16,16,16,38,38,38,38,38,48,33,57,57,80,80,80,79,79,69,66,66,45,69,3,3,23,48,76,68,68,95,59],"gold":203,"neow_bonus":"RANDOM_COLORLESS_2","is_daily":false,"chose_seed":false,"campfire_upgraded":2,"win_rate":0.0,"timestamp":1612411808,"path_taken":["M","?","?","M","M","E","R","M","T","R","M","E","R","E","R","BOSS","M","M","?","$","?","R","?","?","T","?","?","M","R","M","R","BOSS","M","?","?","M","?","E","R","E","T","$","?","R","M","?","R","BOSS"],"items_purchased_type":["Relic","Relic","Card","Card","Potion","Potion","Potion","Card","Relic"],"build_version":"2020-12-22","purchased_purges":3,"victory":true,"max_hp_per_floor":[75,75,75,75,75,75,75,75,75,75,75,75,75,75,75,75,75,75,75,75,75,75,75,75,75,75,75,80,80,80,80,80,80,80,80,80,80,80,80,80,80,80,80,95,95,95,95,95,95,95],"card_choices":[{"not_picked":["Apotheosis","HandOfGreed"],"picked":"Panache","floor":0.0},{"not_picked":["Rebound","Aggregate"],"picked":"Turbo","floor":1.0},{"not_picked":["Sweeping Beam","Stack"],"picked":"Loop","floor":3.0},{"not_picked":["Gash","Cold Snap"],"picked":"Conserve Battery","floor":4.0},{"not_picked":["Compile Driver","Reprogram"],"picked":"Chaos","floor":5.0},{"not_picked":["Storm","Sweeping Beam"],"picked":"Conserve Battery","floor":6.0},{"not_picked":["Redo","Hologram","Barrage"],"picked":"Defragment","floor":8.0},{"not_picked":["Recycle","All For One","Loop"],"picked":"Leap","floor":11.0},{"not_picked":["Compile Driver","Go for the Eyes","Rebound"],"picked":"Ball Lightning","floor":12.0},{"not_picked":["Ball Lightning","Streamline","Blizzard"],"picked":"Compile Driver","floor":14.0},{"not_picked":["Multi-Cast","Thunder Strike","Biased Cognition"],"picked":"Rainbow","floor":16.0},{"not_picked":["Undo","Scrape","Heatsinks+1"],"picked":"Go for the Eyes+1","floor":18.0},{"not_picked":["Reprogram","Rebound","Recycle"],"picked":"Cold Snap","floor":19.0},{"not_picked":["Sunder","Leap+1","Tempest"],"picked":"Glacier","floor":29.0},{"not_picked":["Blizzard","Coolheaded","Conserve Battery"],"picked":"Capacitor","floor":31.0},{"not_picked":["Amplify","Seek","Fission"],"picked":"Core Surge","floor":33.0},{"not_picked":["Stack","Ball Lightning+1","Rebound+1"],"picked":"Sweeping Beam+1","floor":35.0},{"not_picked":["Reinforced Body","Coolheaded+1","Loop"],"picked":"Barrage+1","floor":38.0},{"not_picked":["Go for the Eyes+1","Self Repair+1","Machine Learning"],"picked":"Reinforced Body+1","floor":40.0},{"not_picked":["Go for the Eyes+1","Aggregate","Steam"],"picked":"Leap+1","floor":42.0},{"not_picked":["Leap+1","Gash","Go for the Eyes+1"],"picked":"Cold Snap+1","floor":47.0}],"player_experience":666580,"relics_obtained":[{"floor":6.0,"key":"Question Card"},{"floor":9.0,"key":"Toy Ornithopter"},{"floor":12.0,"key":"The Courier"},{"floor":14.0,"key":"Juzu Bracelet"},{"floor":25.0,"key":"Akabeko"},{"floor":26.0,"key":"Nunchaku"},{"floor":40.0,"key":"Emotion Chip"},{"floor":42.0,"key":"CaptainsWheel"},{"floor":43.0,"key":"Meat on the Bone"},{"floor":45.0,"key":"Unceasing Top"}],"event_choices":[{"damage_healed":0.0,"max_hp_gain":0.0,"max_hp_loss":0.0,"gold_gain":0.0,"event_name":"FaceTrader","player_choice":"Trade","floor":2.0,"gold_loss":0.0,"damage_taken":0.0,"relics_obtained":["SsserpentHead"]},{"damage_healed":0.0,"max_hp_gain":0.0,"max_hp_loss":0.0,"gold_gain":0.0,"event_name":"The Mausoleum","player_choice":"Ignored","floor":20.0,"gold_loss":0.0,"damage_taken":0.0},{"damage_healed":0.0,"max_hp_gain":0.0,"max_hp_loss":0.0,"gold_gain":0.0,"event_name":"Cursed Tome","player_choice":"Ignored","floor":22.0,"gold_loss":0.0,"damage_taken":0.0},{"damage_healed":0.0,"max_hp_gain":0.0,"max_hp_loss":0.0,"gold_gain":99.0,"event_name":"Nest","player_choice":"Stole From Cult","floor":24.0,"gold_loss":0.0,"damage_taken":0.0},{"damage_healed":0.0,"max_hp_gain":0.0,"max_hp_loss":0.0,"gold_gain":0.0,"event_name":"Addict","player_choice":"Obtained Relic","floor":27.0,"gold_loss":85.0,"damage_taken":0.0,"relics_obtained":["Mummified Hand"]},{"cards_removed":["Strike_B"],"damage_healed":0.0,"max_hp_gain":0.0,"max_hp_loss":0.0,"gold_gain":0.0,"event_name":"Falling","player_choice":"Removed Attack","floor":36.0,"gold_loss":0.0,"damage_taken":0.0},{"damage_healed":0.0,"max_hp_gain":0.0,"max_hp_loss":0.0,"gold_gain":0.0,"event_name":"Winding Halls","player_choice":"Embrace Madness","floor":37.0,"gold_loss":0.0,"damage_taken":10.0,"cards_obtained":["Madness","Madness"]},{"damage_healed":0.0,"max_hp_gain":0.0,"max_hp_loss":0.0,"gold_gain":0.0,"event_name":"Duplicator","player_choice":"Copied","floor":39.0,"gold_loss":0.0,"damage_taken":0.0,"cards_obtained":["Defragment"]},{"damage_healed":0.0,"max_hp_gain":0.0,"max_hp_loss":0.0,"gold_gain":0.0,"event_name":"MindBloom","player_choice":"Fight","floor":45.0,"gold_loss":0.0,"damage_taken":0.0},{"damage_healed":0,"gold_gain":0,"player_choice":"Ignored","damage_taken":0,"max_hp_gain":0,"max_hp_loss":0,"event_name":"Mysterious Sphere","floor":48,"gold_loss":0}],"is_beta":false,"boss_relics":[{"not_picked":["Inserter","Velvet Choker"],"picked":"Fusion Hammer"},{"not_picked":["Black Star","Snecko Eye"],"picked":"Nuclear Battery"}],"items_purged_floors":[21,28,44],"is_endless":false,"potions_floor_spawned":[1,6,8,11,12,18,31,33,40,42],"ascension_level":7}}