{"host":"pi8b3ffzwvxqztac","time":1612408409,"event":{"mods":["BaseMod","Colored Map","Custom Start","Downfall","Minty Spire (QoL Compilation)","StSLib"],"gold_per_floor":[99,117,136,154,164,64,64,64,78,89,107,132,143,143,155,258,308,108,118,129,147,147,166,166,166,166,76,76,102,102,121,139,237,237,237,251,270,62,81,81,81,94,94,122,133,18,37,71,81,81,81,112,112,112,112,112],"floor_reached":57,"language":"ENG","playtime":6073,"items_purged":["Clumsy","bronze:Defend"],"score":1524,"play_id":"de77d504-4b54-498d-a0eb-5af47da90fe0","local_time":"20210204161329","is_ascension_mode":true,"campfire_choices":[{"floor":1,"key":"RECALL"},{"data":"bronze:Library","floor":6,"key":"SMITH"},{"data":"bronze:Deprecate","floor":8,"key":"SMITH"},{"data":"bronze:HardenedForm","floor":18,"key":"SMITH"},{"floor":28,"key":"REST"},{"data":"bronze:FollowUp","floor":30,"key":"SMITH"},{"data":"bronze:BuggyMess","floor":35,"key":"SMITH"},{"floor":54,"key":"REST"}],"circlet_count":0,"master_deck":["bronze:Strike+1","bronze:Strike","bronze:Defend","bronze:Defend","bronze:Defend","bronze:Goto","bronze:Library+1","bronze:Deprecate+1","bronze:Boost","bronze:Repair","bronze:FollowUp+1","bronze:Return","bronze:Repulsor+1","bronze:Refactor","bronze:BuggyMess+1","bronze:Optimize+1","bronze:HardenedForm+1","bronze:DelayedGuard","bronze:Turbo+1","bronze:BuggyMess+1","bronze:ItsAFeature+1","bronze:FineTuning","bronze:Optimize","bronze:Fortify+1","bronze:ThunderWave+1","bronze:Refactor+1","bronze:Repair+1","expansioncontent:DashGenerateEvil+1","bronze:DelayedGuard","bronze:BuggyMess+1","bronze:Constructor+1","bronze:Repulsor","Parasite","bronze:FollowUp+1"],"relics":["bronze:BronzeCore","downfall:HeartBlessingRed","White Beast Statue","Blue Candle","Tiny House","downfall:HeartBlessingBlue","downfall:HeartBlessingGreen","Incense Burner","MutagenicStrength","Molten Egg 2","Empty Cage","Mummified Hand","Nunchaku","HornCleat","Bottled Tornado"],"acts_visited":["Exordium","TheCity","TheBeyond","TheEnding"],"potions_floor_usage":[12,12,19,23,31,32,37,42,44,45,47,48,50,52,55],"damage_taken":[{"damage":4,"enemies":"Small Slimes","floor":2,"turns":4},{"damage":9,"enemies":"2 Louse","floor":3,"turns":4},{"damage":4,"enemies":"Cultist","floor":4,"turns":4},{"damage":0,"enemies":"Blue Slaver","floor":5,"turns":5},{"damage":8,"enemies":"3 Louse","floor":9,"turns":3},{"damage":13,"enemies":"Exordium Thugs","floor":10,"turns":6},{"damage":6,"enemies":"Gremlin Gang","floor":11,"turns":5},{"damage":15,"enemies":"3 Sentries","floor":12,"turns":6},{"damage":0,"enemies":"Blue Slaver","floor":13,"turns":4},{"damage":7,"enemies":"Looter","floor":15,"turns":4},{"damage":13,"enemies":"WA_ARCHETYPE_RETAIN","floor":16,"turns":8},{"damage":1,"enemies":"3 Byrds","floor":19,"turns":6},{"damage":6,"enemies":"Chosen","floor":20,"turns":8},{"damage":28,"enemies":"Centurion and Healer","floor":21,"turns":7},{"damage":53,"enemies":"Cultist and Chosen","floor":23,"turns":9},{"damage":0,"enemies":"downfall:FleeingMerchant","floor":27,"turns":4},{"damage":17,"enemies":"Gremlin Leader","floor":29,"turns":9},{"damage":5,"enemies":"Snecko","floor":31,"turns":6},{"damage":12,"enemies":"Snake Plant","floor":32,"turns":4},{"damage":6,"enemies":"SI_MIRROR_ARCHETYPE","floor":33,"turns":8},{"damage":30,"enemies":"Orb Walker","floor":36,"turns":5},{"damage":0,"enemies":"3 Shapes","floor":37,"turns":7},{"damage":0,"enemies":"downfall:FleeingMerchant","floor":38,"turns":4},{"damage":38,"enemies":"Maw","floor":39,"turns":9},{"damage":18,"enemies":"Writhing Mass","floor":42,"turns":6},{"damage":0,"enemies":"Nemesis","floor":44,"turns":7},{"damage":8,"enemies":"Jaw Worm Horde","floor":45,"turns":6},{"damage":4,"enemies":"downfall:FleeingMerchant","floor":46,"turns":4},{"damage":13,"enemies":"3 Darklings","floor":47,"turns":4},{"damage":22,"enemies":"Giant Head","floor":48,"turns":8},{"damage":0,"enemies":"Writhing Mass","floor":49,"turns":5},{"damage":2,"enemies":"DF_ARCHETYPE_ORBS","floor":50,"turns":14},{"damage":42,"enemies":"downfall:CharBossMerchant","floor":52,"turns":11},{"damage":8,"enemies":"downfall:NeowBoss","floor":55,"turns":12},{"damage":16,"enemies":"downfall:NeowBossFinal","floor":56,"turns":14}],"seed_played":"2738277000613787494","potions_obtained":[{"floor":3,"key":"sneckomod:MuddlingPotion"},{"floor":5,"key":"bronze:CleanCodePotion"},{"floor":11,"key":"LiquidMemories"},{"floor":12,"key":"FairyPotion"},{"floor":13,"key":"Ancient Potion"},{"floor":15,"key":"SteroidPotion"},{"floor":16,"key":"bronze:FreeFunctionsPotion"},{"floor":19,"key":"bronze:CleanCodePotion"},{"floor":20,"key":"Regen Potion"},{"floor":23,"key":"Explosive Potion"},{"floor":27,"key":"LiquidMemories"},{"floor":31,"key":"SkillPotion"},{"floor":32,"key":"Swift Potion"},{"floor":33,"key":"hexamod:SoulburnPotion"},{"floor":37,"key":"SneckoOil"},{"floor":38,"key":"FearPotion"},{"floor":39,"key":"Ancient Potion"},{"floor":42,"key":"Swift Potion"},{"floor":44,"key":"Block Potion"},{"floor":45,"key":"BlessingOfTheForge"},{"floor":46,"key":"PowerPotion"},{"floor":47,"key":"AttackPotion"},{"floor":48,"key":"Regen Potion"},{"floor":49,"key":"Dexterity Potion"},{"floor":52,"key":"GamblersBrew"}],"is_trial":false,"path_per_floor":["R","M","M","M","M","R","T","R","M","M","M","E","M","?","M","B",null,"R","M","M","M","?","M","T","?","?","$","R","E","R","M","M","B",null,"R","M","M","$","M","?","T","M","?","E","M","$","M","E","M","B",null,"E","$","R","B","B",null],"character_chosen":"THE_AUTOMATON","items_purchased":["expansioncontent:DashGenerateEvil"],"campfire_rested":2,"item_purchase_floors":[38],"current_hp_per_floor":[63,59,50,46,46,46,46,46,45,39,40,32,39,34,34,28,65,75,84,79,58,58,26,26,26,26,33,58,48,48,50,49,54,77,77,54,61,81,63,63,63,65,74,74,66,72,74,62,72,74,74,57,57,74,73,73],"gold":112,"neow_bonus":"ONE_RANDOM_RARE_CARD","is_daily":false,"chose_seed":false,"campfire_upgraded":5,"win_rate":0.0,"timestamp":1612408409,"path_taken":["R","M","M","M","M","R","T","R","M","M","M","E","M","?","M","BOSS","R","M","M","M","?","M","T","?","?","$","R","E","R","?","M","BOSS","R","M","M","$","M","?","T","M","?","E","M","$","M","E","M","BOSS","E","$","R","BOSS","BOSS"],"items_purchased_type":["Card"],"build_version":"2020-12-22","purchased_purges":2,"victory":true,"max_hp_per_floor":[70,70,70,70,70,70,70,70,70,70,70,70,70,70,70,70,75,85,85,85,85,85,85,85,85,85,85,85,85,85,85,85,85,85,85,85,85,85,85,85,85,85,74,74,74,74,74,74,74,74,74,74,74,74,74,74],"card_choices":[{"not_picked":["bronze:CutThrough","bronze:Separator","bronze:Philosophize"],"picked":"SKIP","floor":2},{"not_picked":["bronze:BitShift","bronze:CutThrough"],"picked":"bronze:Deprecate","floor":3},{"not_picked":["bronze:Refactor","bronze:DelayedSlice"],"picked":"bronze:Boost","floor":4},{"not_picked":["bronze:NullPointer","bronze:Frontload"],"picked":"bronze:Repair","floor":5},{"not_picked":["bronze:GetLatest","bronze:Shield"],"picked":"bronze:FollowUp","floor":9},{"not_picked":["bronze:Refactor","bronze:OilSpill"],"picked":"bronze:Return","floor":10},{"not_picked":["bronze:Branch","bronze:WildBeam"],"picked":"bronze:Repulsor","floor":11},{"not_picked":["bronze:Allocate","bronze:Shell"],"picked":"bronze:Refactor","floor":12},{"not_picked":["bronze:WildBeam","bronze:MaxOutput"],"picked":"bronze:BuggyMess","floor":13},{"not_picked":["bronze:Turbo","bronze:Allocate"],"picked":"bronze:Optimize","floor":15},{"not_picked":["bronze:Mutator","bronze:InfiniteLoop"],"picked":"bronze:HardenedForm","floor":16},{"not_picked":["bronze:Overheat","bronze:Constructor"],"picked":"bronze:DelayedGuard","floor":19},{"not_picked":["bronze:BugBarrage","bronze:Invalidate"],"picked":"bronze:Turbo+1","floor":20},{"not_picked":["bronze:WhirlingStrike","bronze:CloningBeam+1"],"picked":"bronze:BuggyMess+1","floor":21},{"not_picked":["bronze:Constructor","bronze:Philosophize"],"picked":"bronze:ItsAFeature+1","floor":23},{"not_picked":["bronze:Invalidate","bronze:ItsAFeature"],"picked":"bronze:FineTuning","floor":27},{"not_picked":["bronze:Allocate+1","bronze:FindAndReplace"],"picked":"bronze:Optimize","floor":29},{"not_picked":["bronze:BitShift","bronze:InfiniteBeams"],"picked":"bronze:Fortify+1","floor":31},{"not_picked":["bronze:Frontload","bronze:Overload+1","bronze:Branch+1"],"picked":"SKIP","floor":32},{"not_picked":["bronze:RecursiveStrike+1","bronze:Hardcode"],"picked":"bronze:ThunderWave+1","floor":33},{"not_picked":["bronze:CloningBeam+1","bronze:Branch+1"],"picked":"bronze:Refactor+1","floor":36},{"not_picked":["bronze:CutThrough+1","bronze:Turbo+1"],"picked":"bronze:Repair+1","floor":37},{"not_picked":["bronze:OilSpill+1","bronze:Overheat+1","bronze:BronzeArmor+1"],"picked":"SKIP","floor":38},{"not_picked":["bronze:BuggyMess","bronze:WildBeam+1","bronze:Safeguard"],"picked":"SKIP","floor":39},{"not_picked":["bronze:BugBarrage+1","bronze:Boost+1"],"picked":"bronze:DelayedGuard","floor":42},{"not_picked":["bronze:Separator+1","bronze:Shield+1","bronze:FineTuning"],"picked":"SKIP","floor":44},{"not_picked":["bronze:Refactor","bronze:Frontload+1","bronze:ItsAFeature+1"],"picked":"SKIP","floor":45},{"not_picked":["bronze:DarkDash+1","bronze:Assembly"],"picked":"bronze:BuggyMess+1","floor":46},{"not_picked":["bronze:Return","bronze:ClassDefault"],"picked":"bronze:Constructor+1","floor":47},{"not_picked":["bronze:BugBarrage+1","bronze:Separator+1"],"picked":"bronze:Repulsor","floor":48},{"not_picked":["bronze:Frontload+1","bronze:BitShift","bronze:Optimize"],"picked":"SKIP","floor":49},{"not_picked":["bronze:Deprecate+1","bronze:Iterate+1"],"picked":"bronze:FollowUp+1","floor":52}],"player_experience":697835,"relics_obtained":[{"floor":12,"key":"White Beast Statue"},{"floor":24,"key":"Incense Burner"},{"floor":29,"key":"Molten Egg 2"},{"floor":41,"key":"Mummified Hand"},{"floor":44,"key":"Nunchaku"},{"floor":48,"key":"HornCleat"},{"floor":52,"key":"Bottled Tornado"}],"event_choices":[{"damage_healed":0,"gold_gain":0,"player_choice":"Inject Mutagens","damage_taken":0,"relics_obtained":["MutagenicStrength"],"max_hp_gain":0,"max_hp_loss":0,"event_name":"Drug Dealer","floor":25,"gold_loss":0},{"cards_removed":["bronze:Replicate"],"damage_healed":0,"gold_gain":0,"player_choice":"Removed Attack","damage_taken":0,"max_hp_gain":0,"max_hp_loss":0,"event_name":"Falling","floor":40,"gold_loss":0}],"is_beta":false,"boss_relics":[{"not_picked":["Fusion Hammer","Runic Pyramid"],"picked":"Tiny House"},{"not_picked":["Black Star","SlaversCollar"],"picked":"Empty Cage"}],"items_purged_floors":[27,46],"is_endless":false,"potions_floor_spawned":[3,5,11,12,13,15,16,19,20,21,23,27,29,31,32,33,36,37,38,39,42,44,45,46,47,48,49,52],"ascension_level":7}}