{"host":"sav7uxregyirlf69","time":1612423126,"event":{"mods":["AchievementEnabler","BaseMod","Colored Map","DeckTracker","Keyboard Shortcuts","Minty Spire (QoL Compilation)","READ ME - Guardian Mod","StSLib","SuperFastMode"],"gold_per_floor":[119,119,130,140,11,39,52,79,79,92,92,108,108,124,124,213,213,233,133,58,72,72,72,96,96,178,93,108,148,148,168,168,258,258,273,199,220,244,244,280,293,340,366,699,715,751,73,102,102,102,102,102,102,24,50,50,50],"floor_reached":56,"language":"KOR","playtime":1307,"items_purged":["Pain","Strike_G","Strike_G"],"score":2067,"play_id":"aa83a604-2f45-4a22-a128-26a0bb89b3a3","local_time":"20210204161846","is_ascension_mode":true,"campfire_choices":[{"floor":11.0,"key":"REST"},{"data":"Neutralize","floor":15.0,"key":"SMITH"},{"floor":23.0,"key":"REST"},{"data":"Adrenaline","floor":30.0,"key":"SMITH"},{"floor":32.0,"key":"REST"},{"floor":49,"key":"RECALL"},{"data":"Tactician","floor":53,"key":"SMITH"}],"circlet_count":0,"master_deck":["AscendersBane","Strike_G","Strike_G","Defend_G","Defend_G","Defend_G","Defend_G","Survivor","Neutralize+1","Poisoned Stab","Backstab","Dagger Throw","Unload","Bouncing Flask","Blade Dance","Adrenaline+1","Blade Dance","Escape Plan","Blade Dance+1","Dodge and Roll","After Image","Backflip+1","Tactician+1","Footwork+1","Dodge and Roll","Escape Plan","Accuracy+1"],"relics":["Ring of the Snake","WarpedTongs","Centennial Puzzle","Shuriken","Ornamental Fan","SlaversCollar","Kunai","Incense Burner","WristBlade","Snake Skull","Frozen Egg 2","CeramicFish","Bag of Preparation","Bronze Scales","CaptainsWheel","Oddly Smooth Stone"],"acts_visited":["Exordium","TheCity","TheBeyond","TheEnding"],"potions_floor_usage":[50,56],"damage_taken":[{"damage":2.0,"enemies":"2 Louse","floor":1.0,"turns":3.0},{"damage":8.0,"enemies":"Cultist","floor":3.0,"turns":3.0},{"damage":5.0,"enemies":"Jaw Worm","floor":4.0,"turns":2.0},{"damage":11.0,"enemies":"3 Sentries","floor":6.0,"turns":8.0},{"damage":16.0,"enemies":"Large Slime","floor":7.0,"turns":5.0},{"damage":3.0,"enemies":"Gremlin Nob","floor":8.0,"turns":3.0},{"damage":4.0,"enemies":"Looter","floor":10.0,"turns":2.0},{"damage":2.0,"enemies":"Red Slaver","floor":12.0,"turns":2.0},{"damage":0.0,"enemies":"Blue Slaver","floor":14.0,"turns":1.0},{"damage":9.0,"enemies":"Hexaghost","floor":16.0,"turns":6.0},{"damage":12.0,"enemies":"Shell Parasite","floor":18.0,"turns":5.0},{"damage":12.0,"enemies":"2 Thieves","floor":21.0,"turns":4.0},{"damage":1.0,"enemies":"Centurion and Healer","floor":24.0,"turns":4.0},{"damage":12.0,"enemies":"Cultist and Chosen","floor":28.0,"turns":5.0},{"damage":0.0,"enemies":"Slavers","floor":29.0,"turns":4.0},{"damage":8.0,"enemies":"Shelled Parasite and Fungi","floor":31.0,"turns":4.0},{"damage":1.0,"enemies":"Automaton","floor":33.0,"turns":7.0},{"damage":0.0,"enemies":"Orb Walker","floor":35.0,"turns":2.0},{"damage":0.0,"enemies":"3 Shapes","floor":37.0,"turns":3.0},{"damage":2.0,"enemies":"3 Darklings","floor":38.0,"turns":3.0},{"damage":7.0,"enemies":"Reptomancer","floor":40.0,"turns":6.0},{"damage":1.0,"enemies":"Transient","floor":41.0,"turns":6.0},{"damage":0.0,"enemies":"Giant Head","floor":42.0,"turns":5.0},{"damage":8.0,"enemies":"Jaw Worm Horde","floor":45.0,"turns":3.0},{"damage":0.0,"enemies":"Nemesis","floor":46.0,"turns":5.0},{"damage":0.0,"enemies":"3 Darklings","floor":48.0,"turns":5.0},{"damage":8,"enemies":"Donu and Deca","floor":50,"turns":10},{"damage":8,"enemies":"Awakened One","floor":51,"turns":11},{"damage":5,"enemies":"Shield and Spear","floor":55,"turns":6},{"damage":52,"enemies":"The Heart","floor":56,"turns":9}],"seed_played":"1804776631096312718","potions_obtained":[{"floor":6.0,"key":"FearPotion"},{"floor":7.0,"key":"GhostInAJar"},{"floor":12.0,"key":"FearPotion"},{"floor":16.0,"key":"LiquidBronze"},{"floor":18.0,"key":"Strength Potion"},{"floor":21.0,"key":"EntropicBrew"},{"floor":40.0,"key":"Dexterity Potion"}],"is_trial":false,"path_per_floor":["M","?","M","M","$","E","M","E","T","M","R","M","?","M","R","B",null,"M","$","?","M","?","R","M","?","T","?","M","E","R","M","R","B",null,"M","?","M","M","?","E","M","E","T","?","M","E","$","M","R","B","B",null,"R","$","E","B"],"character_chosen":"THE_SILENT","items_purchased":["Block Potion","Fruit Juice","CaptainsWheel","Dodge and Roll","Swift Potion","Accuracy+1"],"campfire_rested":3,"item_purchase_floors":[5,47,47,47,47,54],"current_hp_per_floor":[57,57,49,44,44,33,17,14,14,10,29,27,27,27,27,18,50,38,38,38,26,26,44,43,43,43,43,31,31,31,23,41,40,55,55,55,55,53,53,46,45,45,45,45,37,37,42,42,42,34,26,55,55,55,50,0,0],"gold":50,"neow_bonus":"REMOVE_CARD","is_daily":false,"chose_seed":false,"campfire_upgraded":3,"win_rate":0.0,"timestamp":1612423126,"path_taken":["M","?","?","M","$","E","M","E","T","M","R","M","?","M","R","BOSS","M","$","?","M","?","R","M","?","T","?","M","E","R","M","R","BOSS","M","?","?","M","?","E","M","E","T","?","M","E","$","M","R","BOSS","BOSS","R","$","E","BOSS"],"items_purchased_type":["Potion","Potion","Relic","Card","Potion","Card"],"build_version":"2020-12-22","purchased_purges":3,"victory":false,"max_hp_per_floor":[66,66,66,66,66,66,66,66,66,66,66,66,60,60,60,60,60,60,60,60,60,60,60,60,60,60,60,60,60,60,60,60,60,60,60,60,60,60,60,60,60,60,60,60,60,60,65,65,65,65,65,65,65,65,65,65,65],"card_choices":[{"not_picked":["Underhanded Strike","Backflip"],"picked":"Poisoned Stab","floor":1.0},{"not_picked":["Tactician","Skewer"],"picked":"Backstab","floor":3.0},{"not_picked":["Prepared","Flechettes"],"picked":"Dagger Throw","floor":4.0},{"not_picked":["Dagger Throw","Flying Knee"],"picked":"Unload","floor":6.0},{"not_picked":["Predator","Blur"],"picked":"Bouncing Flask","floor":7.0},{"not_picked":["Bane","Dagger Spray","Phantasmal Killer"],"picked":"SKIP","floor":8.0},{"not_picked":["Bouncing Flask","Bane"],"picked":"Blade Dance","floor":10.0},{"not_picked":["Dagger Throw","Eviscerate","Setup"],"picked":"SKIP","floor":12.0},{"not_picked":["Catalyst","Flechettes","Dagger Throw"],"picked":"SKIP","floor":14.0},{"not_picked":["Wraith Form v2","Bullet Time"],"picked":"Adrenaline","floor":16.0},{"not_picked":["Acrobatics+1","Infinite Blades","Cloak And Dagger"],"picked":"SKIP","floor":18.0},{"not_picked":["PiercingWail","Predator"],"picked":"Blade Dance","floor":21.0},{"not_picked":["Outmaneuver","Blade Dance"],"picked":"Escape Plan","floor":24.0},{"not_picked":["Setup","All Out Attack+1"],"picked":"Blade Dance+1","floor":28.0},{"not_picked":["Dodge and Roll","Sucker Punch","Eviscerate"],"picked":"SKIP","floor":29.0},{"not_picked":["Flying Knee+1","Blade Dance"],"picked":"Dodge and Roll","floor":31.0},{"not_picked":["Storm of Steel","Tools of the Trade"],"picked":"After Image","floor":33.0},{"not_picked":["Deadly Poison","Sucker Punch+1"],"picked":"Backflip+1","floor":35.0},{"not_picked":["Riddle With Holes","Acrobatics","Slice"],"picked":"SKIP","floor":37.0},{"not_picked":["Catalyst","Infinite Blades","Bullet Time"],"picked":"SKIP","floor":38.0},{"not_picked":["Slice","Catalyst","Outmaneuver"],"picked":"SKIP","floor":40.0},{"not_picked":["Sucker Punch","Prepared","Skewer"],"picked":"SKIP","floor":41.0},{"not_picked":["Quick Slash","Dagger Throw+1"],"picked":"Tactician","floor":42.0},{"not_picked":["Underhanded Strike+1","Sucker Punch","Dagger Spray"],"picked":"SKIP","floor":45.0},{"not_picked":["Slice","Deadly Poison"],"picked":"Footwork+1","floor":46.0},{"not_picked":["Bane","Sucker Punch"],"picked":"Escape Plan","floor":48.0},{"not_picked":["Underhanded Strike","Acrobatics","Night Terror"],"picked":"SKIP","floor":55}],"player_experience":1484257,"relics_obtained":[{"floor":6.0,"key":"Centennial Puzzle"},{"floor":8.0,"key":"Shuriken"},{"floor":9.0,"key":"Ornamental Fan"},{"floor":29.0,"key":"Incense Burner"},{"floor":40.0,"key":"Frozen Egg 2"},{"floor":42.0,"key":"CeramicFish"},{"floor":43.0,"key":"Bag of Preparation"},{"floor":46.0,"key":"Bronze Scales"},{"floor":55,"key":"Oddly Smooth Stone"}],"event_choices":[{"damage_healed":0.0,"max_hp_gain":0.0,"max_hp_loss":0.0,"gold_gain":0.0,"event_name":"Accursed Blacksmith","player_choice":"Rummage","floor":2.0,"gold_loss":0.0,"damage_taken":0.0,"relics_obtained":["WarpedTongs"],"cards_obtained":["Pain"]},{"damage_healed":0.0,"max_hp_gain":0.0,"max_hp_loss":6.0,"gold_gain":0.0,"event_name":"Golden Idol","player_choice":"Lose Max HP","floor":13.0,"gold_loss":0.0,"damage_taken":0.0,"relics_obtained":["Golden Idol"]},{"cards_removed":["Strike_G"],"damage_healed":0.0,"max_hp_gain":0.0,"max_hp_loss":0.0,"gold_gain":0.0,"event_name":"Beggar","player_choice":"Gave Gold","floor":20.0,"gold_loss":75.0,"damage_taken":0.0},{"damage_healed":0.0,"max_hp_gain":0.0,"max_hp_loss":0.0,"gold_gain":0.0,"event_name":"The Mausoleum","player_choice":"Ignored","floor":22.0,"gold_loss":0.0,"damage_taken":0.0},{"damage_healed":0.0,"max_hp_gain":0.0,"max_hp_loss":0.0,"gold_gain":0.0,"event_name":"Cursed Tome","player_choice":"Ignored","floor":25.0,"gold_loss":0.0,"damage_taken":0.0},{"damage_healed":0.0,"max_hp_gain":0.0,"max_hp_loss":0.0,"gold_gain":0.0,"event_name":"Addict","player_choice":"Obtained Relic","floor":27.0,"gold_loss":85.0,"damage_taken":0.0,"relics_obtained":["Kunai"]},{"damage_healed":0.0,"max_hp_gain":0.0,"max_hp_loss":0.0,"gold_gain":0.0,"event_name":"WeMeetAgain","player_choice":"Paid Gold","floor":36.0,"gold_loss":74.0,"damage_taken":0.0,"relics_obtained":["Snake Skull"]},{"damage_healed":0.0,"max_hp_gain":0.0,"max_hp_loss":0.0,"gold_gain":0.0,"event_name":"Tomb of Lord Red Mask","player_choice":"Ignored","floor":39.0,"gold_loss":0.0,"damage_taken":0.0},{"damage_healed":0.0,"max_hp_gain":0.0,"max_hp_loss":0.0,"gold_gain":333.0,"event_name":"The Moai Head","player_choice":"Gave Idol","floor":44.0,"relics_lost":["Golden Idol"],"gold_loss":0.0,"damage_taken":0.0}],"is_beta":false,"boss_relics":[{"not_picked":["Tiny House","Busted Crown"],"picked":"SlaversCollar"},{"not_picked":["Astrolabe","Runic Dome"],"picked":"WristBlade"}],"items_purged_floors":[5,19,47],"is_endless":false,"potions_floor_spawned":[6,7,12,14,16,18,21,29,35,40,41,48],"killed_by":"The Heart","ascension_level":20}}