{"host":"aapp7ew3jk5k1bvd","time":1612441421,"event":{"mods":["AchievementEnabler","BaseMod","Colored Map","Minty Spire (QoL Compilation)","Permanent Neow","StSLib","SuperFastMode"],"gold_per_floor":[119,134,134,149,161,161,189,199,199,124,124,137,155,155,155,257,257,270,270,270,170,190,220,231,266,266,293,293,303,317,337,337,436,436,449,449,469,481,325,325,325,359,359,359,359,376,387,214,214,214],"floor_reached":51,"language":"KOR","playtime":1252,"items_purged":["Pain","Defend_R"],"score":771,"play_id":"db57e123-e9d9-4aae-b1a2-2023f988516c","local_time":"20210204212341","is_ascension_mode":false,"campfire_choices":[{"data":"Perfected Strike","floor":6.0,"key":"SMITH"},{"data":"Bash","floor":11.0,"key":"SMITH"},{"floor":15.0,"key":"REST"},{"floor":28,"key":"REST"},{"data":"Perfected Strike","floor":32,"key":"SMITH"},{"data":"Shrug It Off","floor":40,"key":"SMITH"},{"floor":44,"key":"REST"},{"data":"Perfected Strike","floor":49,"key":"SMITH"}],"circlet_count":0,"master_deck":["Strike_R","Strike_R+1","Strike_R+1","Strike_R","Strike_R","Defend_R","Defend_R","Bash+1","Perfected Strike+1","Shrug It Off+1","Shrug It Off+1","Perfected Strike+1","Twin Strike+1","Twin Strike","Perfected Strike+1"],"relics":["Burning Blood","WarpedTongs","Du-Vu Doll","Oddly Smooth Stone","Velvet Choker","Incense Burner","MutagenicStrength","Strawberry","Meat on the Bone","Shuriken","Potion Belt","Sozu","Whetstone","Vajra","Toxic Egg 2","Ancient Tea Set"],"acts_visited":["Exordium","TheCity","TheBeyond"],"potions_floor_usage":[23,25,30,33,33,50,50],"damage_taken":[{"damage":0.0,"enemies":"2 Louse","floor":1.0,"turns":3.0},{"damage":6.0,"enemies":"Cultist","floor":2.0,"turns":3.0},{"damage":10.0,"enemies":"Small Slimes","floor":4.0,"turns":3.0},{"damage":16.0,"enemies":"Red Slaver","floor":5.0,"turns":4.0},{"damage":31.0,"enemies":"Gremlin Nob","floor":7.0,"turns":4.0},{"damage":8.0,"enemies":"Looter","floor":8.0,"turns":3.0},{"damage":1.0,"enemies":"Blue Slaver","floor":12.0,"turns":3.0},{"damage":5.0,"enemies":"Exordium Wildlife","floor":13.0,"turns":3.0},{"damage":64.0,"enemies":"Slime Boss","floor":16.0,"turns":14.0},{"damage":11,"enemies":"2 Thieves","floor":18,"turns":4},{"damage":0,"enemies":"Chosen","floor":22,"turns":3},{"damage":38,"enemies":"Gremlin Leader","floor":23,"turns":6},{"damage":0,"enemies":"Snecko","floor":24,"turns":4},{"damage":39,"enemies":"Book of Stabbing","floor":25,"turns":6},{"damage":14,"enemies":"Shelled Parasite and Fungi","floor":29,"turns":6},{"damage":1,"enemies":"Cultist and Chosen","floor":30,"turns":3},{"damage":0,"enemies":"Snecko","floor":31,"turns":3},{"damage":61,"enemies":"Collector","floor":33,"turns":12},{"damage":7,"enemies":"3 Shapes","floor":35,"turns":2},{"damage":7,"enemies":"3 Darklings","floor":37,"turns":4},{"damage":1,"enemies":"4 Shapes","floor":38,"turns":6},{"damage":55,"enemies":"Giant Head","floor":42,"turns":8},{"damage":1,"enemies":"Spire Growth","floor":46,"turns":3},{"damage":8,"enemies":"3 Darklings","floor":47,"turns":4},{"damage":80,"enemies":"Time Eater","floor":50,"turns":7}],"seed_played":"9093653956836088648","potions_obtained":[{"floor":4.0,"key":"BloodPotion"},{"floor":5.0,"key":"Block Potion"},{"floor":12.0,"key":"Swift Potion"},{"floor":24,"key":"SpeedPotion"},{"floor":29,"key":"DistilledChaos"},{"floor":31,"key":"LiquidBronze"},{"floor":33,"key":"Regen Potion"}],"is_trial":false,"path_per_floor":["M","M","?","M","M","R","E","M","T","$","R","M","M","?","R","B",null,"M","T","?","$","M","E","M","E","T","T","R","M","M","M","R","B",null,"M","?","M","M","$","R","$","E","T","R","?","M","M","$","R","B",null],"character_chosen":"IRONCLAD","items_purchased":["Whetstone","Perfected Strike","Ancient Tea Set"],"campfire_rested":3,"item_purchase_floors":[39,48,48],"current_hp_per_floor":[80,80,80,76,66,66,41,39,39,39,39,44,45,45,69,11,80,75,75,75,75,80,55,61,45,45,45,71,63,68,74,74,31,87,86,86,85,87,87,87,87,50,50,76,76,81,79,79,79,29],"gold":214,"neow_bonus":"THREE_CARDS","is_daily":false,"chose_seed":false,"campfire_upgraded":5,"win_rate":0.0,"timestamp":1612441421,"path_taken":["M","M","?","?","M","R","E","M","T","$","R","M","M","?","R","BOSS","M","?","?","$","M","E","M","E","T","?","R","M","M","M","R","BOSS","M","?","M","M","$","R","$","E","T","R","?","M","M","$","R","BOSS"],"items_purchased_type":["Relic","Card","Relic"],"build_version":"2020-12-22","purchased_purges":2,"victory":true,"max_hp_per_floor":[80,80,80,80,80,80,80,80,80,80,80,80,80,80,80,80,80,80,80,80,80,80,87,87,87,87,87,87,87,87,87,87,87,87,87,87,87,87,87,87,87,87,87,87,87,87,87,87,87,87],"card_choices":[{"not_picked":["Anger","Warcry"],"picked":"Perfected Strike","floor":0.0},{"not_picked":["Heavy Blade","Reckless Charge","Clothesline"],"picked":"SKIP","floor":1.0},{"not_picked":["Warcry","Heavy Blade","Thunderclap"],"picked":"SKIP","floor":2.0},{"not_picked":["Iron Wave","Flame Barrier","Uppercut"],"picked":"SKIP","floor":4.0},{"not_picked":["Wild Strike","Armaments","Combust"],"picked":"SKIP","floor":5.0},{"not_picked":["Metallicize","Power Through","Evolve"],"picked":"SKIP","floor":7.0},{"not_picked":["Barricade","Body Slam","Power Through"],"picked":"SKIP","floor":8.0},{"not_picked":["Heavy Blade","Iron Wave","Rupture"],"picked":"SKIP","floor":12.0},{"not_picked":["Ghostly Armor","Sword Boomerang"],"picked":"Shrug It Off","floor":13.0},{"not_picked":["Clothesline+1","Heavy Blade+1","Rampage"],"picked":"SKIP","floor":18},{"not_picked":["Iron Wave","Uppercut","Dropkick+1"],"picked":"SKIP","floor":22},{"not_picked":["Clash","Heavy Blade"],"picked":"Shrug It Off","floor":23},{"not_picked":["Pommel Strike","Iron Wave"],"picked":"Perfected Strike","floor":24},{"not_picked":["Cleave+1","Metallicize+1","Limit Break"],"picked":"SKIP","floor":25},{"not_picked":["Anger","Power Through"],"picked":"Twin Strike+1","floor":29},{"not_picked":["Wild Strike","Rage+1","True Grit"],"picked":"SKIP","floor":30},{"not_picked":["Dark Embrace","Intimidate","Anger+1"],"picked":"SKIP","floor":31},{"not_picked":["Thunderclap+1","Clothesline","Rage+1"],"picked":"SKIP","floor":35},{"not_picked":["Fire Breathing+1","Clash","Body Slam"],"picked":"SKIP","floor":37},{"not_picked":["Ghostly Armor+1","Warcry","Disarm"],"picked":"SKIP","floor":38},{"not_picked":["Wild Strike+1","Feel No Pain+1","Havoc+1"],"picked":"SKIP","floor":42},{"not_picked":["Intimidate+1","True Grit+1","Hemokinesis+1"],"picked":"SKIP","floor":46},{"not_picked":["Anger+1","Reckless Charge"],"picked":"Twin Strike","floor":47}],"player_experience":1311310,"relics_obtained":[{"floor":7.0,"key":"Du-Vu Doll"},{"floor":9.0,"key":"Oddly Smooth Stone"},{"floor":19,"key":"Incense Burner"},{"floor":23,"key":"Strawberry"},{"floor":25,"key":"Meat on the Bone"},{"floor":26,"key":"Shuriken"},{"floor":27,"key":"Potion Belt"},{"floor":42,"key":"Vajra"},{"floor":43,"key":"Toxic Egg 2"}],"event_choices":[{"damage_healed":0.0,"max_hp_gain":0.0,"max_hp_loss":0.0,"gold_gain":0.0,"event_name":"Accursed Blacksmith","player_choice":"Rummage","floor":3.0,"gold_loss":0.0,"damage_taken":0.0,"relics_obtained":["WarpedTongs"],"cards_obtained":["Pain"]},{"damage_healed":0.0,"max_hp_gain":0.0,"max_hp_loss":0.0,"gold_gain":0.0,"event_name":"Upgrade Shrine","player_choice":"Upgraded","floor":14.0,"gold_loss":0.0,"damage_taken":0.0,"cards_upgraded":["Shrug It Off"]},{"damage_healed":0,"gold_gain":0,"player_choice":"Inject Mutagens","damage_taken":0,"relics_obtained":["MutagenicStrength"],"max_hp_gain":0,"max_hp_loss":0,"event_name":"Drug Dealer","floor":20,"gold_loss":0},{"cards_removed":["Defend_R"],"damage_healed":0,"gold_gain":0,"player_choice":"Removed Skill","damage_taken":0,"max_hp_gain":0,"max_hp_loss":0,"event_name":"Falling","floor":36,"gold_loss":0},{"damage_healed":0,"gold_gain":0,"player_choice":"Ignored","damage_taken":0,"max_hp_gain":0,"max_hp_loss":0,"event_name":"Tomb of Lord Red Mask","floor":45,"gold_loss":0}],"is_beta":false,"boss_relics":[{"not_picked":["Busted Crown","Black Blood"],"picked":"Velvet Choker"},{"not_picked":["Black Star","Fusion Hammer"],"picked":"Sozu"}],"items_purged_floors":[10,21],"is_endless":false,"potions_floor_spawned":[4,5,12,22,24,29,31,33,35,38,42],"ascension_level":0}}