{"host":"poi6ybft0qlwcn6g","time":1612467327,"event":{"mods":["BaseMod","Colored Map","Downfall","Minty Spire (QoL Compilation)","StSLib"],"gold_per_floor":[99,99,99,99,26,51,51,36,67,67,82,82,93,107,121,225,225,125,42,42,42,42,42],"floor_reached":21,"language":"ENG","playtime":4091,"items_purged":[],"score":208,"play_id":"519a707b-4f1c-4ee0-ad9a-90c74a207657","local_time":"20210204143527","is_ascension_mode":false,"campfire_choices":[{"data":"hexamod:Float","floor":1,"key":"SMITH"},{"floor":12,"key":"REST"},{"floor":18,"key":"RECALL"}],"circlet_count":0,"master_deck":["hexamod:Strike","hexamod:Strike","hexamod:Strike","hexamod:Defend","hexamod:Defend+1","hexamod:Defend+1","hexamod:Defend","hexamod:Sear","hexamod:Float+1","hexamod:Firestarter","hexamod:CatchUp+1","hexamod:FirstSeal","hexamod:ThirdSeal","hexamod:ThermalTransfer","hexamod:ChargedBarrage","hexamod:FourthSeal","hexamod:SpectersWail","hexamod:GhostShield","hexamod:RecurringNightmare","hexamod:Rewind","hexamod:FifthSeal","hexamod:SixthSeal","hexamod:HexaLevel","hexamod:SecondSeal"],"relics":["hexamod:SpiritBrand","downfall:HeartsMalice","Juzu Bracelet","War Paint","Empty Cage","downfall:HeartBlessingBlue","MutagenicStrength"],"acts_visited":["Exordium","TheCity"],"potions_floor_usage":[9],"damage_taken":[{"damage":0,"enemies":"2 Louse","floor":3,"turns":1},{"damage":0,"enemies":"downfall:FleeingMerchant","floor":5,"turns":1},{"damage":0,"enemies":"3 Sentries","floor":6,"turns":1},{"damage":0,"enemies":"downfall:FleeingMerchant","floor":8,"turns":4},{"damage":62,"enemies":"Gremlin Nob","floor":9,"turns":6},{"damage":0,"enemies":"Small Slimes","floor":11,"turns":4},{"damage":0,"enemies":"Cultist","floor":13,"turns":3},{"damage":18,"enemies":"Lots of Slimes","floor":14,"turns":4},{"damage":14,"enemies":"2 Fungi Beasts","floor":15,"turns":4},{"damage":31,"enemies":"IC_STATUS_ARCHETYPE","floor":16,"turns":10},{"damage":0,"enemies":"downfall:FleeingMerchant","floor":19,"turns":4},{"damage":30,"enemies":"3 Byrds","floor":21,"turns":4}],"seed_played":"3113424262416381783","potions_obtained":[{"floor":6,"key":"hexamod:DoubleChargePotion"},{"floor":11,"key":"Strength Potion"},{"floor":11,"key":"FearPotion"},{"floor":13,"key":"Weak Potion"}],"is_trial":false,"path_per_floor":["R","?","M","?","$","E","T","$","E","?","M","R","M","M","M","B",null,"R","$","?","M"],"character_chosen":"THE_SPIRIT","items_purchased":["hexamod:FirstSeal","hexamod:SecondSeal"],"campfire_rested":1,"item_purchase_floors":[5,19],"current_hp_per_floor":[70,70,70,70,70,70,70,70,15,15,22,43,50,39,32,8,70,80,80,80,50,50,50],"gold":42,"neow_bonus":"THREE_ENEMY_KILL","is_daily":false,"chose_seed":false,"campfire_upgraded":1,"win_rate":0.0,"timestamp":1612467327,"path_taken":["R","?","M","?","$","E","T","$","E","?","M","R","M","M","M","BOSS","R","?","?","M"],"items_purchased_type":["Card","Card"],"build_version":"2020-12-22","purchased_purges":0,"victory":false,"max_hp_per_floor":[70,70,70,70,70,70,70,70,70,70,70,70,70,70,70,70,70,80,80,80,80,80,80],"card_choices":[{"not_picked":["hexamod:SwordOfDarkness","hexamod:SecondSeal"],"picked":"hexamod:Firestarter","floor":3},{"not_picked":["hexamod:GhostShield","hexamod:InspiringFlames"],"picked":"hexamod:CatchUp","floor":5},{"not_picked":["hexamod:GhostOfSpireFuture","hexamod:Incineration"],"picked":"hexamod:ThirdSeal","floor":6},{"not_picked":["hexamod:UnlimitedPower","hexamod:GhostShield"],"picked":"hexamod:ThermalTransfer","floor":8},{"not_picked":["hexamod:CatchUp","hexamod:GhostLash"],"picked":"hexamod:ChargedBarrage","floor":9},{"not_picked":["hexamod:DynamicBlow","hexamod:TimeWarp"],"picked":"hexamod:FourthSeal","floor":9},{"not_picked":["hexamod:Hexaguard","hexamod:BacktrackSmack"],"picked":"hexamod:SpectersWail","floor":11},{"not_picked":["hexamod:BacktrackSmack","hexamod:NightmareStrike"],"picked":"hexamod:GhostShield","floor":11},{"not_picked":["hexamod:ShieldOfDarkness","hexamod:InspiringFlames"],"picked":"hexamod:RecurringNightmare","floor":13},{"not_picked":["hexamod:SwordOfDarkness","hexamod:NightmareStrike","hexamod:SpectersWail"],"picked":"SKIP","floor":14},{"not_picked":["hexamod:FirstSeal","hexamod:RadiantFlame"],"picked":"hexamod:Rewind","floor":15},{"not_picked":["hexamod:UnlimitedPower","hexamod:GhostOfSpirePresent"],"picked":"hexamod:VolcanoVisage","floor":16},{"not_picked":["hexamod:VolcanoVisage","hexamod:UnlimitedPower"],"picked":"hexamod:FifthSeal","floor":16},{"not_picked":["hexamod:ThirdSeal","hexamod:FirstSeal"],"picked":"hexamod:SixthSeal","floor":19},{"not_picked":["hexamod:GhostShield+1","hexamod:BurningTouch"],"picked":"hexamod:HexaLevel","floor":19},{"not_picked":["hexamod:InspiringFlames+1","hexamod:GhostLash","hexamod:HauntingEcho+1"],"picked":"SKIP","floor":19}],"player_experience":51563,"relics_obtained":[{"floor":6,"key":"Juzu Bracelet"},{"floor":9,"key":"War Paint"}],"event_choices":[{"damage_healed":0,"gold_gain":0,"player_choice":"Inject Mutagens","damage_taken":0,"relics_obtained":["MutagenicStrength"],"max_hp_gain":0,"max_hp_loss":0,"event_name":"Drug Dealer","floor":20,"gold_loss":0}],"is_beta":false,"boss_relics":[{"not_picked":["Astrolabe","Black Star"],"picked":"Empty Cage"}],"items_purged_floors":[],"is_endless":false,"potions_floor_spawned":[6,9,11,13,16],"killed_by":"3 Byrds","ascension_level":0}}