{"host":"i9z6y8pcdeu2qxnx","time":1612406998,"event":{"mods":["BaseMod","Colored Map","Googly Eyes","Highlight Path","Minty Spire (QoL Compilation)","Replay The Spire","StSLib"],"gold_per_floor":[144,144,189,234,279,369,369,414,414,459,459,504,599,689,689,989,989,1034,1079,618,668,713,803,803,893,943,943,988,338,383,428,428,728,828,873,918,296,346,396,486,136,181,181,231,321,281,961,1006,1006,1006],"floor_reached":51,"language":"ENG","playtime":6186,"items_purged":["Pain"],"score":1161,"play_id":"de15ab25-79b0-4275-b0e0-340a9e41b46b","local_time":"20210203214958","daily_mods":["Insanity","Red Cards","Midas"],"is_ascension_mode":false,"campfire_choices":[{"floor":7,"key":"REST"},{"floor":15,"key":"REST"},{"floor":24,"key":"REST"},{"floor":27,"key":"REST"},{"floor":32,"key":"DIG"},{"floor":49,"key":"DIG"}],"circlet_count":0,"master_deck":["Barrage","Anger","Cleave","Rip and Tear+1","ReplayTheSpireMod:System Scan","Havoc","Ghostly Armor","Reprogram","Clothesline","BasicCrystalCard","Barrage","Hologram","Go for the Eyes","ReplayTheSpireMod:Strike From Hell","Shockwave","Dual Wield","Twin Strike","Cold Snap","Rip and Tear+1","Beam Cell","Lockon","Thunderclap","Aggregate+1","Armaments","Melter","Coolheaded","Twin Strike","Pommel Strike","Armaments","Shrug It Off","Auto Shields","Armaments","Steam","ReplayTheSpireMod:Strike From Hell","Sweeping Beam","Reprogram","FTL","Seeing Red","Reckless Charge","Chaos","White Noise","Sunder","Replay:Undeath\u0027s Touch","Thunderclap","Run Through","Pommel Strike","Intimidate","BasicCrystalCard","Doom and Gloom","Run Through","Conserve Battery","Conserve Battery","Streamline","Metallicize","Juggernaut","Headbutt","Flame Barrier","Sweeping Beam","Stack","Uppercut","Immolate+1","Compile Driver","Twin Strike","ReplayTheSpireMod:Trickstab","Metallicize","Meteor Strike+1","True Grit","Conserve Battery","Compile Driver+1","BasicCrystalCard+1","True Grit+1","Replay:Bootleg Shield Generator","ReplayTheSpireMod:Stacked","CommonCold","Cleave+1","ReplayTheSpireMod:Splinters","Sword Boomerang"],"relics":["Cracked Core","WarpedTongs","Bottled Tornado","Replay:Ringing Soul","SsserpentHead","Art of War","Busted Crown","Replay:Bottled Flurry","Juzu Bracelet","HornCleat","Replay:Antivirus Software","Regal Pillow","Shovel","Guide Book","Mirror","Replay:Wanted Poster","Replay:Rubber Ducky","Torii","ReplayTheSpireMod:Ring of Collecting","ReplayTheSpireMod:Ring of Addiction","SacredBark","White Beast Statue","Bottled Flame","Toolbox","Ring of Peace","Replay:Bottled Eggs","Letter Opener","BranchBurnRelic","Pondfish Scales"],"acts_visited":["Exordium","TheCity","TheBeyond"],"potions_floor_usage":[6,13,16,16,18,19,22,22,23,25,33,40,45,45,50,50],"damage_taken":[{"damage":0,"enemies":"Small Slimes","floor":1,"turns":2},{"damage":1,"enemies":"Cultist","floor":3,"turns":2},{"damage":8,"enemies":"2 Louse","floor":4,"turns":3},{"damage":0,"enemies":"Exordium Thugs","floor":5,"turns":3},{"damage":18,"enemies":"3 Sentries","floor":6,"turns":5},{"damage":4,"enemies":"Looter","floor":8,"turns":3},{"damage":5,"enemies":"Large Slime","floor":10,"turns":5},{"damage":11,"enemies":"Exordium Wildlife","floor":12,"turns":3},{"damage":10,"enemies":"3 Louse","floor":13,"turns":3},{"damage":17,"enemies":"Lagavulin","floor":14,"turns":5},{"damage":16,"enemies":"The Guardian","floor":16,"turns":10},{"damage":4,"enemies":"3 Byrds","floor":18,"turns":3},{"damage":8,"enemies":"Shell Parasite","floor":19,"turns":3},{"damage":0,"enemies":"Snake Plant","floor":22,"turns":2},{"damage":26,"enemies":"Slavers","floor":23,"turns":4},{"damage":10,"enemies":"Book of Stabbing","floor":25,"turns":4},{"damage":0,"enemies":"Sentry and Sphere","floor":28,"turns":3},{"damage":5,"enemies":"Chosen and Byrds","floor":30,"turns":6},{"damage":3,"enemies":"Shelled Parasite and Fungi","floor":31,"turns":5},{"damage":23,"enemies":"Pondfish","floor":33,"turns":9},{"damage":13,"enemies":"3 Shapes","floor":35,"turns":5},{"damage":2,"enemies":"Orb Walker","floor":36,"turns":3},{"damage":0,"enemies":"Giant Head","floor":40,"turns":6},{"damage":1,"enemies":"3 Darklings","floor":42,"turns":5},{"damage":18,"enemies":"Reptomancer","floor":45,"turns":8},{"damage":0,"enemies":"Jaw Worm Horde","floor":48,"turns":5},{"damage":15,"enemies":"Awakened One","floor":50,"turns":14}],"seed_played":"2514053361250750194","potions_obtained":[{"floor":5,"key":"Weak Potion"},{"floor":6,"key":"SkillPotion"},{"floor":13,"key":"Languid Potion"},{"floor":14,"key":"DistilledChaos"},{"floor":16,"key":"EntropicBrew"},{"floor":19,"key":"Block Potion"},{"floor":23,"key":"Regen Potion"},{"floor":28,"key":"SkillPotion"},{"floor":36,"key":"Energy Potion"},{"floor":40,"key":"Dexterity Potion"},{"floor":45,"key":"Flashbang"},{"floor":48,"key":"Explosive Potion"}],"is_trial":false,"path_per_floor":["M","?","M","M","M","E","R","M","T","M","?","M","M","E","R","B",null,"M","M","$","?","M","E","R","E","T","R","M","$","M","M","R","B",null,"M","M","$","?","?","E","$","M","T","?","E","?","?","M","R","B",null],"character_chosen":"DEFECT","items_purchased":["Twin Strike","ReplayTheSpireMod:Trickstab","Replay:Bottled Flurry","Regal Pillow","Shovel","Guide Book","Energy Potion","Swift Potion","Replay:Rubber Ducky","Torii","Replay:Bootleg Shield Generator","ReplayTheSpireMod:Stacked","Bottled Flame","Toolbox"],"campfire_rested":4,"item_purchase_floors":[20,20,20,29,29,29,29,29,37,37,37,37,41,41],"current_hp_per_floor":[75,75,74,66,66,48,70,66,66,64,64,56,49,35,61,48,90,89,81,84,87,87,64,94,99,99,105,105,105,103,103,103,80,111,101,102,105,105,108,108,108,110,110,127,109,109,112,112,112,112],"gold":1006,"neow_bonus":"","is_daily":true,"chose_seed":false,"campfire_upgraded":0,"win_rate":0.0,"timestamp":1612406998,"path_taken":["M","?","?","M","M","E","R","M","T","?","?","M","?","E","R","BOSS","M","M","$","?","M","E","R","E","T","R","M","?","M","M","R","BOSS","M","M","$","?","?","E","?","M","T","?","E","?","?","M","R","BOSS"],"items_purchased_type":["Card","Card","Relic","Relic","Relic","Relic","Potion","Potion","Relic","Relic","Card","Card","Relic","Relic"],"build_version":"2020-12-22","purchased_purges":1,"victory":true,"max_hp_per_floor":[75,75,75,75,75,75,75,75,75,78,78,81,84,87,87,90,90,93,93,96,99,99,102,102,105,105,105,105,105,108,111,111,111,111,114,117,120,120,123,123,123,126,126,127,127,127,130,130,128,128],"card_choices":[{"not_picked":["Pommel Strike","Stack"],"picked":"Conserve Battery","floor":1},{"not_picked":["Twin Strike","Cleave"],"picked":"Conserve Battery","floor":3},{"not_picked":["Conserve Battery","Havoc"],"picked":"Streamline","floor":4},{"not_picked":["Force Field","Steam"],"picked":"Metallicize","floor":5},{"not_picked":["Whirlwind","Hello World"],"picked":"Juggernaut","floor":6},{"not_picked":["Heavy Blade","ReplayTheSpireMod:Strike From Hell"],"picked":"Headbutt","floor":8},{"not_picked":["Armaments","Shockwave"],"picked":"Flame Barrier","floor":10},{"not_picked":["Clash","Replay:Undeath\u0027s Touch"],"picked":"Sweeping Beam","floor":12},{"not_picked":["ReplayTheSpireMod:LeadingStrike","Turbo"],"picked":"Stack","floor":13},{"not_picked":["Rupture","Limit Break"],"picked":"Uppercut","floor":14},{"not_picked":["Fission","Fiend Fire"],"picked":"Immolate","floor":16},{"not_picked":[],"picked":"Compile Driver","floor":18},{"not_picked":["ReplayTheSpireMod:Strike From Hell"],"picked":"SKIP","floor":19},{"not_picked":["ReplayTheSpireMod:Strike From Hell"],"picked":"SKIP","floor":22},{"not_picked":[],"picked":"Go for the Eyes","floor":23},{"not_picked":[],"picked":"True Grit","floor":25},{"not_picked":["BasicCrystalCard"],"picked":"SKIP","floor":28},{"not_picked":[],"picked":"Conserve Battery","floor":30},{"not_picked":[],"picked":"Compile Driver+1","floor":31},{"not_picked":[],"picked":"BasicCrystalCard+1","floor":35},{"not_picked":[],"picked":"True Grit+1","floor":36},{"not_picked":["Dual Wield"],"picked":"SKIP","floor":40},{"not_picked":[],"picked":"Cleave+1","floor":42},{"not_picked":["ReplayTheSpireMod:Strike From Hell"],"picked":"SKIP","floor":45},{"not_picked":[],"picked":"Sword Boomerang","floor":47},{"not_picked":["True Grit"],"picked":"SKIP","floor":48}],"player_experience":992386,"relics_obtained":[{"floor":6,"key":"Bottled Tornado"},{"floor":9,"key":"Replay:Ringing Soul"},{"floor":14,"key":"Art of War"},{"floor":23,"key":"Juzu Bracelet"},{"floor":25,"key":"HornCleat"},{"floor":26,"key":"Replay:Antivirus Software"},{"floor":32,"key":"Mirror"},{"floor":39,"key":"ReplayTheSpireMod:Ring of Collecting"},{"floor":39,"key":"ReplayTheSpireMod:Ring of Addiction"},{"floor":39,"key":"SacredBark"},{"floor":39,"key":"White Beast Statue"},{"floor":40,"key":"Dead Branch"},{"floor":43,"key":"Ring of Peace"},{"floor":43,"key":"Replay:Bottled Eggs"},{"floor":45,"key":"Letter Opener"},{"floor":49,"key":"Pondfish Scales"}],"event_choices":[{"damage_healed":0,"gold_gain":0,"player_choice":"Rummage","damage_taken":0,"relics_obtained":["WarpedTongs"],"max_hp_gain":0,"max_hp_loss":0,"event_name":"Accursed Blacksmith","floor":2,"gold_loss":0,"cards_obtained":["Pain"]},{"damage_healed":0,"gold_gain":0,"player_choice":"Trade","damage_taken":0,"relics_obtained":["SsserpentHead"],"max_hp_gain":0,"max_hp_loss":0,"event_name":"FaceTrader","floor":11,"gold_loss":0},{"damage_healed":0,"gold_gain":0,"player_choice":"2 cards matched","damage_taken":0,"max_hp_gain":0,"max_hp_loss":0,"event_name":"Match and Keep!","floor":21,"gold_loss":0,"cards_obtained":["Metallicize","Meteor Strike"]},{"cards_removed":["Go for the Eyes"],"damage_healed":0,"gold_gain":0,"player_choice":"Removed Attack","damage_taken":0,"max_hp_gain":0,"max_hp_loss":0,"event_name":"Falling","floor":38,"gold_loss":0},{"damage_healed":31,"gold_gain":0,"player_choice":"Writhe","damage_taken":0,"max_hp_gain":0,"max_hp_loss":0,"event_name":"Winding Halls","floor":44,"gold_loss":0,"cards_obtained":["Writhe"]},{"cards_removed":["Writhe"],"damage_healed":0,"gold_gain":0,"player_choice":"Upgrade and Remove","damage_taken":0,"max_hp_gain":0,"max_hp_loss":0,"event_name":"Designer","floor":46,"gold_loss":90,"cards_upgraded":["Aggregate"]}],"is_beta":false,"boss_relics":[{"not_picked":["Runic Pyramid","Inserter"],"picked":"Busted Crown"},{"not_picked":["ReplayTheSpireMod:DimensionalGlitch","Replay:Bronze Core"],"picked":"Replay:Wanted Poster"}],"items_purged_floors":[20],"is_endless":false,"potions_floor_spawned":[5,6,13,14,16,18,19,23,28,31,36,40,42,45,48],"ascension_level":0}}