{"host":"2tgyrzvaa7l04o2e","time":1612458518,"event":{"mods":["BaseMod","Highlight Path","Minty Spire (QoL Compilation)","Permanent Neow","Relic Stats"],"gold_per_floor":[117,136,152,152,152,177,187,187,187,217,217,217,106,147,147,246,246,264,264,277,88,108,108,108,108],"floor_reached":24,"language":"ENG","playtime":751,"items_purged":["Strike_B","Strike_B"],"score":385,"play_id":"86d036d1-6f9a-4c6f-b456-a09841f70e99","local_time":"20210204180838","is_ascension_mode":true,"campfire_choices":[{"data":"Sunder","floor":8,"key":"SMITH"},{"floor":12,"key":"REST"},{"data":"Sweeping Beam","floor":15,"key":"SMITH"},{"floor":23,"key":"REST"}],"circlet_count":0,"master_deck":["AscendersBane","Defend_B","Defend_B","Defend_B","Defend_B","Zap","Dualcast","Sunder+1","Cold Snap","Conserve Battery","Ball Lightning+1","Sweeping Beam+1","Cold Snap+1","Self Repair","Capacitor","Machine Learning","Rainbow","Barrage+1","Hello World","Compile Driver","Heatsinks","Hologram+1"],"relics":["Cracked Core","Prayer Wheel","Whetstone","Toy Ornithopter","Symbiotic Virus","Golden Idol","Du-Vu Doll","Nloth\u0027s Gift"],"acts_visited":["Exordium","TheCity"],"potions_floor_usage":[6,14,16,24],"damage_taken":[{"damage":7,"enemies":"Small Slimes","floor":1,"turns":4},{"damage":0,"enemies":"2 Louse","floor":2,"turns":2},{"damage":4,"enemies":"Cultist","floor":3,"turns":3},{"damage":13,"enemies":"Lagavulin","floor":6,"turns":7},{"damage":4,"enemies":"Blue Slaver","floor":7,"turns":4},{"damage":9,"enemies":"3 Sentries","floor":10,"turns":6},{"damage":28,"enemies":"Lagavulin","floor":14,"turns":5},{"damage":14,"enemies":"Slime Boss","floor":16,"turns":6},{"damage":15,"enemies":"Spheric Guardian","floor":18,"turns":4},{"damage":27,"enemies":"2 Thieves","floor":20,"turns":3},{"damage":16,"enemies":"Snecko","floor":22,"turns":4},{"damage":47,"enemies":"Book of Stabbing","floor":24,"turns":3}],"seed_played":"-4284904651320522204","potions_obtained":[{"floor":1,"key":"SpeedPotion"},{"floor":2,"key":"Block Potion"},{"floor":10,"key":"PotionOfCapacity"},{"floor":16,"key":"CultistPotion"}],"is_trial":false,"path_per_floor":["M","M","M","?","?","E","M","R","T","E","?","R","$","E","R","B",null,"M","?","M","$","M","R","E"],"character_chosen":"DEFECT","items_purchased":["Capacitor","Heatsinks"],"campfire_rested":2,"item_purchase_floors":[13,21],"current_hp_per_floor":[39,39,35,35,35,22,25,25,25,23,23,42,42,26,26,24,54,46,46,19,19,10,29,0,0],"gold":108,"neow_bonus":"ONE_RARE_RELIC","is_daily":false,"chose_seed":false,"campfire_upgraded":2,"win_rate":0.0,"timestamp":1612458518,"path_taken":["M","M","M","?","?","E","M","R","T","E","?","R","$","E","R","BOSS","M","?","M","$","M","R","E"],"items_purchased_type":["Card","Card"],"build_version":"2020-12-22","purchased_purges":2,"victory":false,"max_hp_per_floor":[71,71,71,71,71,71,71,71,71,71,64,64,64,64,64,64,64,64,64,64,64,64,64,64,64],"relic_stats":{"counters":[12,51],"Golden Idol":39,"Prayer Wheel":7,"Nloth\u0027s Gift":1,"Whetstone":["Cold Snap","Ball Lightning"],"obtain_stats":[{"Du-Vu Doll":14,"Golden Idol":11,"Prayer Wheel":0,"Nloth\u0027s Gift":19,"Whetstone":6,"Cracked Core":0,"Symbiotic Virus":10,"Empty Cage":17,"Toy Ornithopter":9},{"Du-Vu Doll":7,"Golden Idol":6,"Prayer Wheel":0,"Nloth\u0027s Gift":9,"Whetstone":4,"Cracked Core":0,"Symbiotic Virus":6,"Empty Cage":8,"Toy Ornithopter":5},{"Du-Vu Doll":31,"Golden Idol":26,"Prayer Wheel":0,"Nloth\u0027s Gift":41,"Whetstone":16,"Cracked Core":0,"Symbiotic Virus":26,"Empty Cage":37,"Toy Ornithopter":20}],"Toy Ornithopter":15},"card_choices":[{"not_picked":["Loop","Compile Driver"],"picked":"Sunder","floor":1},{"not_picked":["Ball Lightning","Beam Cell"],"picked":"Cold Snap","floor":1},{"not_picked":["Force Field","Hologram"],"picked":"Conserve Battery","floor":2},{"not_picked":["Hologram","Go for the Eyes"],"picked":"Ball Lightning","floor":2},{"not_picked":["Leap","Fusion"],"picked":"Sweeping Beam","floor":3},{"not_picked":["Reprogram","Core Surge"],"picked":"Cold Snap","floor":3},{"not_picked":["Fusion","Compile Driver"],"picked":"Self Repair","floor":6},{"not_picked":["Consume","Rip and Tear","Rebound"],"picked":"SKIP","floor":7},{"not_picked":["Darkness","Rebound","Sweeping Beam"],"picked":"SKIP","floor":7},{"not_picked":["Static Discharge","Recycle","Streamline"],"picked":"SKIP","floor":10},{"not_picked":["Blizzard","Steam Power"],"picked":"Machine Learning","floor":14},{"not_picked":["Multi-Cast","Amplify"],"picked":"Rainbow","floor":16},{"not_picked":["Redo","Scrape"],"picked":"Barrage+1","floor":18},{"not_picked":["Double Energy","Cold Snap","Steam+1"],"picked":"SKIP","floor":18},{"not_picked":["Beam Cell","Lockon+1"],"picked":"Hello World","floor":20},{"not_picked":["Hyperbeam","Rebound"],"picked":"Compile Driver","floor":20},{"not_picked":["Ball Lightning","Gash"],"picked":"Hologram+1","floor":22},{"not_picked":["Doom and Gloom","Streamline","Reinforced Body"],"picked":"SKIP","floor":22}],"player_experience":697787,"relics_obtained":[{"floor":6,"key":"Whetstone"},{"floor":9,"key":"Toy Ornithopter"},{"floor":10,"key":"Symbiotic Virus"},{"floor":14,"key":"Du-Vu Doll"}],"event_choices":[{"damage_healed":0,"gold_gain":0,"player_choice":"Ignored","damage_taken":0,"max_hp_gain":0,"max_hp_loss":0,"event_name":"Liars Game","floor":4,"gold_loss":0},{"damage_healed":0,"gold_gain":0,"player_choice":"Fled","damage_taken":0,"max_hp_gain":0,"max_hp_loss":0,"event_name":"Scrap Ooze","floor":5,"gold_loss":0},{"damage_healed":0,"gold_gain":0,"player_choice":"Lose Max HP","damage_taken":0,"relics_obtained":["Golden Idol"],"max_hp_gain":0,"max_hp_loss":7,"event_name":"Golden Idol","floor":11,"gold_loss":0},{"damage_healed":0,"gold_gain":0,"player_choice":"Traded Relic","damage_taken":0,"relics_obtained":["Nloth\u0027s Gift"],"max_hp_gain":0,"max_hp_loss":0,"event_name":"N\u0027loth","floor":19,"relics_lost":["Empty Cage"],"gold_loss":0}],"is_beta":false,"boss_relics":[{"not_picked":["Velvet Choker","SacredBark"],"picked":"Empty Cage"}],"items_purged_floors":[13,21],"is_endless":false,"potions_floor_spawned":[1,2,10,16],"killed_by":"Book of Stabbing","ascension_level":16}}