{"host":"j4g6ia6asvpyu2b0","time":1612439271,"event":{"mods":["BaseMod","Colored Map","Minty Spire (QoL Compilation)","Permanent Neow","Quick Restart","Relic Stats","StSLib","Unceasing Turn Reminder"],"gold_per_floor":[109,124,138,156,173,173,227,227,227,227,254,429,444,474,474,572,572,592,592,177,102,102,102,128,144,144,144,156,186,186,211,211,316,316,330,75,1074,924,941,971,971,971,995,1005,1005,764,782,801,801,801,801,801,28,60,60],"floor_reached":56,"language":"ENG","playtime":2287,"items_purged":["Doubt","Normality","Normality","Strike_G"],"score":1549,"play_id":"0adfe943-6f86-416f-a702-bb958321b39b","local_time":"20210204044751","is_ascension_mode":true,"campfire_choices":[{"data":"Bouncing Flask","floor":6.0,"key":"SMITH"},{"data":"Neutralize","floor":10.0,"key":"SMITH"},{"data":"Dodge and Roll","floor":15.0,"key":"SMITH"},{"floor":23.0,"key":"RECALL"},{"floor":30.0,"key":"REST"},{"floor":32.0,"key":"REST"}],"circlet_count":0,"master_deck":["Strike_G","Strike_G","Strike_G","Defend_G","Defend_G","Defend_G","Defend_G","Defend_G","Survivor","Neutralize+1","Dagger Throw","Poisoned Stab","Dodge and Roll+1","Bouncing Flask+1","Bullet Time","Bouncing Flask+1","Venomology","Backflip","Wraith Form v2+1","Deadly Poison","Apotheosis","Acrobatics","Quick Slash","PiercingWail","Cloak And Dagger+1","A Thousand Cuts+1","Crippling Poison+1","Doppelganger","Blade Dance","Footwork+1","Sadistic Nature+1","Blade Dance+1","Phantasmal Killer","Madness","Madness","Bouncing Flask+1","Blade Dance","Caltrops+1","Deadly Poison","Accuracy+1","Infinite Blades+1","Cloak And Dagger","Flying Knee","Deadly Poison"],"relics":["Runic Pyramid","Ancient Tea Set","Frozen Egg 2","Pear","Paper Crane","Fusion Hammer","Nunchaku","Potion Belt","Enchiridion","CaptainsWheel","Ninja Scroll","Bag of Preparation","Dream Catcher","Coffee Dripper","Happy Flower","Pen Nib","Shuriken","Oddly Smooth Stone","White Beast Statue"],"acts_visited":["Exordium","TheCity","TheBeyond","TheEnding"],"potions_floor_usage":[40,50,54,55,55,55,55,55,55],"damage_taken":[{"damage":0.0,"enemies":"Cultist","floor":1.0,"turns":4.0},{"damage":0.0,"enemies":"2 Louse","floor":2.0,"turns":3.0},{"damage":7.0,"enemies":"Small Slimes","floor":3.0,"turns":3.0},{"damage":14.0,"enemies":"3 Louse","floor":4.0,"turns":3.0},{"damage":1.0,"enemies":"Looter","floor":5.0,"turns":4.0},{"damage":7.0,"enemies":"3 Sentries","floor":7.0,"turns":8.0},{"damage":0.0,"enemies":"Lagavulin","floor":11.0,"turns":6.0},{"damage":4.0,"enemies":"Blue Slaver","floor":13.0,"turns":4.0},{"damage":6.0,"enemies":"The Guardian","floor":16.0,"turns":11.0},{"damage":0.0,"enemies":"Shell Parasite","floor":18.0,"turns":4.0},{"damage":0.0,"enemies":"Book of Stabbing","floor":24.0,"turns":5.0},{"damage":0.0,"enemies":"Spheric Guardian","floor":25.0,"turns":2.0},{"damage":1.0,"enemies":"Snake Plant","floor":28.0,"turns":3.0},{"damage":25.0,"enemies":"Gremlin Leader","floor":29.0,"turns":5.0},{"damage":0.0,"enemies":"Book of Stabbing","floor":31.0,"turns":5.0},{"damage":0.0,"enemies":"Automaton","floor":33.0,"turns":9.0},{"damage":0.0,"enemies":"3 Shapes","floor":35.0,"turns":2.0},{"damage":6,"enemies":"3 Darklings","floor":39,"turns":2},{"damage":2,"enemies":"Giant Head","floor":40,"turns":6},{"damage":0,"enemies":"Sphere and 2 Shapes","floor":44,"turns":4},{"damage":17,"enemies":"4 Shapes","floor":47,"turns":3},{"damage":0,"enemies":"Jaw Worm Horde","floor":48,"turns":2},{"damage":19,"enemies":"Donu and Deca","floor":50,"turns":7},{"damage":57,"enemies":"Shield and Spear","floor":54,"turns":5},{"damage":2,"enemies":"The Heart","floor":55,"turns":6}],"seed_played":"-4532518572412146213","potions_obtained":[{"floor":2.0,"key":"Swift Potion"},{"floor":5.0,"key":"EntropicBrew"},{"floor":7.0,"key":"FearPotion"},{"floor":11.0,"key":"CunningPotion"},{"floor":24.0,"key":"Energy Potion"},{"floor":54,"key":"ColorlessPotion"}],"is_trial":false,"path_per_floor":["M","M","M","M","M","R","E","?","T","R","E","?","M","?","R","B",null,"M","?","$","?","?","R","E","M","T","?","M","E","R","E","R","B",null,"M","$","?","$","M","E","R","?","T","M","?","$","M","M","R","B",null,"R","$","E","B",null],"character_chosen":"THE_SILENT","items_purchased":["Apotheosis","Potion Belt","Footwork+1","Sadistic Nature+1","PowerPotion","Blade Dance","Caltrops+1","Shuriken","Infinite Blades+1","DistilledChaos","Oddly Smooth Stone","Cloak And Dagger","Flying Knee"],"campfire_rested":2,"item_purchase_floors":[20,20,36,36,38,46,46,53,53,53,53,53,53],"current_hp_per_floor":[70,70,63,49,48,48,41,41,41,41,51,51,47,47,47,41,80,80,80,80,80,64,64,64,64,64,64,63,38,62,62,80,80,80,80,80,80,80,74,72,72,62,62,62,62,62,45,45,45,26,80,80,80,23,21],"gold":60,"neow_bonus":"BOSS_RELIC","is_daily":false,"chose_seed":false,"campfire_upgraded":3,"win_rate":0.0,"timestamp":1612439271,"path_taken":["M","M","M","?","?","R","E","?","T","R","E","?","M","?","R","BOSS","M","?","$","?","?","R","E","M","T","?","M","E","R","E","R","BOSS","M","$","?","$","M","E","R","?","T","M","?","$","M","?","R","BOSS","R","$","E","BOSS"],"items_purchased_type":["Card","Relic","Card","Card","Potion","Card","Card","Relic","Card","Potion","Relic","Card","Card"],"build_version":"2020-12-22","purchased_purges":4,"victory":true,"max_hp_per_floor":[70,70,70,70,70,70,70,70,70,70,80,80,80,80,80,80,80,80,80,80,80,80,80,80,80,80,80,80,80,80,80,80,80,80,80,80,80,80,80,80,80,80,80,80,80,80,80,80,80,80,80,80,80,80,80],"relic_stats":{"Nunchaku":[20],"Dream Catcher":1,"Happy Flower":[9],"counters":[25,116],"Shuriken":[12],"Pen Nib":[8],"Bag of Preparation":[11],"obtain_stats":[{"Potion Belt":20,"Pear":11,"Happy Flower":40,"Enchiridion":22,"Oddly Smooth Stone":53,"Pen Nib":45,"Bag of Preparation":29,"Frozen Egg 2":9,"Paper Crane":14,"Ancient Tea Set":7,"White Beast Statue":54,"Nunchaku":19,"CaptainsWheel":24,"Dream Catcher":31,"Ninja Scroll":26,"Shuriken":53,"Fusion Hammer":17,"Coffee Dripper":34,"Ring of the Snake":0,"Runic Pyramid":0},{"Potion Belt":10,"Pear":7,"Happy Flower":19,"Enchiridion":10,"Oddly Smooth Stone":23,"Pen Nib":20,"Bag of Preparation":14,"Frozen Egg 2":6,"Paper Crane":8,"Ancient Tea Set":6,"White Beast Statue":24,"Nunchaku":10,"CaptainsWheel":11,"Dream Catcher":15,"Ninja Scroll":12,"Shuriken":23,"Fusion Hammer":9,"Coffee Dripper":16,"Ring of the Snake":0,"Runic Pyramid":0},{"Potion Belt":50,"Pear":31,"Happy Flower":89,"Enchiridion":50,"Oddly Smooth Stone":105,"Pen Nib":93,"Bag of Preparation":65,"Frozen Egg 2":25,"Paper Crane":35,"Ancient Tea Set":25,"White Beast Statue":110,"Nunchaku":50,"CaptainsWheel":55,"Dream Catcher":70,"Ninja Scroll":57,"Shuriken":105,"Fusion Hammer":46,"Coffee Dripper":79,"Ring of the Snake":0,"Runic Pyramid":0}]},"card_choices":[{"not_picked":["Acrobatics","Deflect"],"picked":"Dagger Throw","floor":1.0},{"not_picked":["Accuracy","Well Laid Plans"],"picked":"Poisoned Stab","floor":2.0},{"not_picked":["Bane","Acrobatics"],"picked":"Dodge and Roll","floor":3.0},{"not_picked":["Concentrate","Poisoned Stab"],"picked":"Bouncing Flask","floor":4.0},{"not_picked":["Prepared","Blade Dance"],"picked":"Bullet Time","floor":5.0},{"not_picked":["Flying Knee","Masterful Stab"],"picked":"Bouncing Flask","floor":7.0},{"not_picked":["Dodge and Roll","Cloak And Dagger"],"picked":"Venomology","floor":11.0},{"not_picked":["Slice","Setup"],"picked":"Backflip","floor":13.0},{"not_picked":["Phantasmal Killer","Grand Finale"],"picked":"Wraith Form v2+1","floor":16.0},{"not_picked":["Riddle With Holes","Acrobatics"],"picked":"Deadly Poison","floor":18.0},{"not_picked":["Sucker Punch","Underhanded Strike"],"picked":"Acrobatics","floor":24.0},{"not_picked":["Slice","Concentrate"],"picked":"Quick Slash","floor":25.0},{"not_picked":["Poisoned Stab+1","Underhanded Strike"],"picked":"PiercingWail","floor":28.0},{"not_picked":["Endless Agony","Underhanded Strike"],"picked":"Cloak And Dagger+1","floor":29.0},{"not_picked":["Sucker Punch","Acrobatics"],"picked":"A Thousand Cuts+1","floor":31.0},{"not_picked":["Flying Knee","Dagger Throw+1"],"picked":"Crippling Poison+1","floor":32.0},{"not_picked":["Die Die Die","Phantasmal Killer"],"picked":"Doppelganger","floor":33.0},{"not_picked":["Bane+1","Dagger Spray"],"picked":"Blade Dance","floor":35},{"not_picked":["Sucker Punch+1","Masterful Stab+1"],"picked":"Blade Dance+1","floor":39},{"not_picked":["Finisher+1","Masterful Stab"],"picked":"Phantasmal Killer","floor":40},{"not_picked":["Reflex","Leg Sweep+1"],"picked":"Bouncing Flask+1","floor":44},{"not_picked":["Dagger Spray+1","Slice"],"picked":"Deadly Poison","floor":47},{"not_picked":["Blade Dance+1","Terror"],"picked":"Accuracy+1","floor":48},{"not_picked":["Underhanded Strike","Skewer"],"picked":"Deadly Poison","floor":54}],"player_experience":1133716,"relics_obtained":[{"floor":7.0,"key":"Ancient Tea Set"},{"floor":9.0,"key":"Frozen Egg 2"},{"floor":11.0,"key":"Pear"},{"floor":22.0,"key":"Enchiridion"},{"floor":24.0,"key":"CaptainsWheel"},{"floor":26.0,"key":"Ninja Scroll"},{"floor":29.0,"key":"Bag of Preparation"},{"floor":31.0,"key":"Dream Catcher"},{"floor":40,"key":"Happy Flower"},{"floor":54,"key":"White Beast Statue"}],"event_choices":[{"damage_healed":0.0,"max_hp_gain":0.0,"max_hp_loss":0.0,"gold_gain":0.0,"event_name":"Living Wall","player_choice":"Grow","floor":8.0,"gold_loss":0.0,"damage_taken":0.0,"cards_upgraded":["Bouncing Flask"]},{"damage_healed":0.0,"max_hp_gain":0.0,"max_hp_loss":0.0,"gold_gain":175.0,"event_name":"Liars Game","player_choice":"AGREE","floor":12.0,"gold_loss":0.0,"damage_taken":0.0,"cards_obtained":["Doubt"]},{"damage_healed":0.0,"max_hp_gain":0.0,"max_hp_loss":0.0,"gold_gain":30.0,"event_name":"Dead Adventurer","player_choice":"Searched \u00273\u0027 times","floor":14.0,"gold_loss":0.0,"damage_taken":0.0,"relics_obtained":["Paper Crane"]},{"damage_healed":0.0,"max_hp_gain":0.0,"max_hp_loss":0.0,"gold_gain":0.0,"event_name":"The Mausoleum","player_choice":"Opened","floor":19.0,"gold_loss":0.0,"damage_taken":0.0,"relics_obtained":["Nunchaku"]},{"cards_removed":["Strike_G"],"damage_healed":0.0,"max_hp_gain":0.0,"max_hp_loss":0.0,"gold_gain":0.0,"event_name":"Beggar","player_choice":"Gave Gold","floor":21.0,"gold_loss":75.0,"damage_taken":0.0},{"damage_healed":0.0,"max_hp_gain":0.0,"max_hp_loss":0.0,"gold_gain":0.0,"event_name":"Cursed Tome","player_choice":"Obtained Book","floor":22.0,"gold_loss":0.0,"damage_taken":16.0},{"damage_healed":0.0,"max_hp_gain":0.0,"max_hp_loss":0.0,"gold_gain":0.0,"event_name":"Vampires","player_choice":"Ignored","floor":27.0,"gold_loss":0.0,"damage_taken":0.0},{"damage_healed":0,"gold_gain":999,"player_choice":"Gold","damage_taken":0,"max_hp_gain":0,"max_hp_loss":0,"event_name":"MindBloom","floor":37,"gold_loss":0,"cards_obtained":["Normality","Normality"]},{"damage_healed":0,"gold_gain":0,"player_choice":"Embrace Madness","damage_taken":10,"max_hp_gain":0,"max_hp_loss":0,"event_name":"Winding Halls","floor":42,"gold_loss":0,"cards_obtained":["Madness","Madness"]},{"damage_healed":0,"gold_gain":0,"player_choice":"Gave Potion","damage_taken":0,"relics_obtained":["Pen Nib"],"max_hp_gain":0,"max_hp_loss":0,"event_name":"WeMeetAgain","floor":45,"gold_loss":0}],"is_beta":false,"boss_relics":[{"not_picked":["Velvet Choker","Sozu"],"picked":"Fusion Hammer"},{"not_picked":["HoveringKite","Busted Crown"],"picked":"Coffee Dripper"}],"items_purged_floors":[20,38,46,53],"is_endless":false,"potions_floor_spawned":[2,5,7,11,24,33,44,48,54],"ascension_level":3}}