{"host":"2wp95sdfrgw3k439","time":1612464397,"event":{"mods":["BaseMod","Better Altar","Better Skull","Better Third Choice","Curses Come First","Minty Spire (QoL Compilation)","Permanent Neow","StSLib"],"gold_per_floor":[116,127,146,116,132,132,132,164,164,164,188,200,200,218,218,326,326,353,362,387,312,312,349,58,84,109,135,161,197,206,231,231,231,231],"floor_reached":33,"language":"ENG","playtime":1315,"items_purged":["Writhe"],"score":484,"play_id":"9bbc6c3d-85bf-43f9-860b-b4a7219a5c91","local_time":"20210204114637","is_ascension_mode":true,"campfire_choices":[{"data":"Cleave","floor":6,"key":"SMITH"},{"data":"Pommel Strike","floor":10,"key":"SMITH"},{"data":"Shrug It Off","floor":15,"key":"SMITH"},{"floor":30,"key":"REST"},{"data":"Double Tap","floor":32,"key":"SMITH"}],"circlet_count":0,"master_deck":["Strike_R","Strike_R","Strike_R","Strike_R","Strike_R","Defend_R","Defend_R","Defend_R","Defend_R","Bash","Pommel Strike+1","Cleave+1","Shrug It Off+1","Bloodletting","Double Tap+1","Pommel Strike+1","Flame Barrier","Seeing Red+1","Inflame","Thunderclap","Flame Barrier+1","Twin Strike+1","Uppercut","Flex+1"],"relics":["Burning Blood","Toy Ornithopter","WarpedTongs","CeramicFish","HornCleat","Velvet Choker","Sundial","MutagenicStrength","Bag of Marbles","Bronze Scales","Blood Vial","Dream Catcher","Question Card"],"acts_visited":["Exordium","TheCity"],"potions_floor_usage":[5,8,11,14,16,16,18,20,23,28,33],"damage_taken":[{"damage":13,"enemies":"Jaw Worm","floor":1,"turns":5},{"damage":1,"enemies":"Cultist","floor":2,"turns":3},{"damage":2,"enemies":"Small Slimes","floor":3,"turns":3},{"damage":7,"enemies":"Gremlin Gang","floor":5,"turns":4},{"damage":35,"enemies":"3 Sentries","floor":8,"turns":6},{"damage":13,"enemies":"Exordium Wildlife","floor":11,"turns":3},{"damage":8,"enemies":"Exordium Thugs","floor":12,"turns":4},{"damage":6,"enemies":"2 Fungi Beasts","floor":14,"turns":4},{"damage":78,"enemies":"Hexaghost","floor":16,"turns":13},{"damage":5,"enemies":"Shell Parasite","floor":18,"turns":4},{"damage":10,"enemies":"3 Byrds","floor":20,"turns":5},{"damage":21,"enemies":"Slavers","floor":23,"turns":3},{"damage":13,"enemies":"3 Cultists","floor":25,"turns":4},{"damage":0,"enemies":"Gremlin Leader","floor":27,"turns":4},{"damage":0,"enemies":"Snake Plant","floor":28,"turns":2},{"damage":24,"enemies":"Slavers","floor":29,"turns":3},{"damage":3,"enemies":"Snecko","floor":31,"turns":4},{"damage":88,"enemies":"Automaton","floor":33,"turns":8}],"seed_played":"-2711785217218117575","potions_obtained":[{"floor":2,"key":"Regen Potion"},{"floor":4,"key":"SneckoOil"},{"floor":4,"key":"Regen Potion"},{"floor":5,"key":"EssenceOfSteel"},{"floor":8,"key":"Swift Potion"},{"floor":12,"key":"Block Potion"},{"floor":16,"key":"ElixirPotion"},{"floor":18,"key":"Swift Potion"},{"floor":20,"key":"Strength Potion"},{"floor":27,"key":"Weak Potion"},{"floor":28,"key":"SmokeBomb"},{"floor":29,"key":"LiquidBronze"}],"is_trial":false,"path_per_floor":["M","M","M","?","M","R","?","E","T","R","M","M","?","M","R","B",null,"M","?","M","?","?","E","$","M","T","E","M","E","R","M","R","B"],"character_chosen":"IRONCLAD","items_purchased":["Bronze Scales","Inflame"],"campfire_rested":1,"item_purchase_floors":[24,24],"current_hp_per_floor":[65,70,74,74,78,78,78,62,62,62,69,67,67,72,72,10,63,69,69,70,70,70,60,60,53,53,61,74,58,80,80,80,0,0],"gold":231,"neow_bonus":"RANDOM_COMMON_RELIC","is_daily":false,"chose_seed":false,"campfire_upgraded":4,"win_rate":0.0,"timestamp":1612464397,"path_taken":["M","M","M","?","?","R","?","E","T","R","?","M","?","M","R","BOSS","M","?","M","?","?","E","$","M","T","E","M","E","R","M","R","BOSS"],"items_purchased_type":["Relic","Card"],"build_version":"2020-12-22","purchased_purges":1,"victory":false,"max_hp_per_floor":[80,80,80,80,80,80,80,80,80,80,80,80,80,80,80,80,80,80,80,80,80,80,80,80,80,80,80,80,80,80,80,80,80,80],"card_choices":[{"not_picked":["Cleave","Clash"],"picked":"Pommel Strike","floor":1},{"not_picked":["Rupture","Rage"],"picked":"Cleave","floor":2},{"not_picked":["Disarm","Hemokinesis"],"picked":"Shrug It Off","floor":3},{"not_picked":["Shrug It Off","Cleave","Demon Form"],"picked":"SKIP","floor":5},{"not_picked":["Twin Strike","Headbutt","Blood for Blood"],"picked":"SKIP","floor":8},{"not_picked":["Reckless Charge","Body Slam"],"picked":"Bloodletting","floor":11},{"not_picked":["True Grit","Iron Wave","Twin Strike"],"picked":"SKIP","floor":12},{"not_picked":["Shrug It Off","Second Wind","Reckless Charge"],"picked":"SKIP","floor":14},{"not_picked":["Corruption","Juggernaut"],"picked":"Double Tap","floor":16},{"not_picked":["Anger","True Grit"],"picked":"Pommel Strike+1","floor":18},{"not_picked":["Pommel Strike","Wild Strike"],"picked":"Flame Barrier","floor":20},{"not_picked":["Juggernaut","Metallicize"],"picked":"Seeing Red+1","floor":23},{"not_picked":["Body Slam","Carnage"],"picked":"Thunderclap","floor":25},{"not_picked":["Twin Strike","Pommel Strike","Clothesline"],"picked":"SKIP","floor":27},{"not_picked":["Rage","Pommel Strike"],"picked":"Flame Barrier+1","floor":28},{"not_picked":["Clash","Dark Embrace"],"picked":"Twin Strike+1","floor":29},{"not_picked":["Dark Embrace","Warcry","Evolve"],"picked":"Uppercut","floor":30},{"not_picked":["Havoc","Barricade","Warcry"],"picked":"Flex+1","floor":31}],"player_experience":534482,"relics_obtained":[{"floor":8,"key":"CeramicFish"},{"floor":9,"key":"HornCleat"},{"floor":23,"key":"Bag of Marbles"},{"floor":26,"key":"Blood Vial"},{"floor":27,"key":"Dream Catcher"},{"floor":29,"key":"Question Card"}],"event_choices":[{"damage_healed":0,"gold_gain":0,"player_choice":"Bought 2 Potions","damage_taken":0,"max_hp_gain":0,"max_hp_loss":0,"event_name":"The Woman in Blue","floor":4,"gold_loss":0},{"damage_healed":0,"gold_gain":0,"player_choice":"Rummage","damage_taken":0,"relics_obtained":["WarpedTongs"],"max_hp_gain":0,"max_hp_loss":0,"event_name":"Accursed Blacksmith","floor":7,"gold_loss":0,"cards_obtained":["Pain"]},{"damage_healed":0,"gold_gain":0,"player_choice":"Ignored","damage_taken":200,"max_hp_gain":0,"max_hp_loss":0,"event_name":"betterThird:BetterSerpent","floor":13,"gold_loss":0},{"damage_healed":0,"gold_gain":0,"player_choice":"Opened","damage_taken":0,"relics_obtained":["Sundial"],"max_hp_gain":0,"max_hp_loss":0,"event_name":"The Mausoleum","floor":19,"gold_loss":0,"cards_obtained":["Writhe"]},{"cards_removed":["Pain"],"damage_healed":0,"gold_gain":0,"player_choice":"Gave Gold","damage_taken":0,"max_hp_gain":0,"max_hp_loss":0,"event_name":"Beggar","floor":21,"gold_loss":75},{"damage_healed":0,"gold_gain":0,"player_choice":"Inject Mutagens","damage_taken":0,"relics_obtained":["MutagenicStrength"],"max_hp_gain":0,"max_hp_loss":0,"event_name":"Drug Dealer","floor":22,"gold_loss":0}],"is_beta":false,"boss_relics":[{"not_picked":["Runic Cube","Coffee Dripper"],"picked":"Velvet Choker"}],"items_purged_floors":[24],"is_endless":false,"potions_floor_spawned":[2,5,8,12,16,18,20,27,28,29],"killed_by":"Automaton","ascension_level":9}}