{"host":"17uu0q65fspg4e3h","time":1612445688,"event":{"mods":["Alarm Clock","BaseMod","Colored Map","Colored Powertips","Highlight Path","Minty Spire (QoL Compilation)","Quick Restart","Relic Stats","SOS（斯巴达之子）","Shop Mod","StSLib","The Administrix","The Runesmith","篝火指南"],"gold_per_floor":[113,288,35,35,48,82,100,126,195,195,207,207,221,221,221,320,320,330,330,330],"floor_reached":19,"language":"ZHS","playtime":677,"items_purged":[],"score":303,"play_id":"0cd9988c-eb98-4d00-bd73-f8faeccc0dc4","local_time":"20210204213448","is_ascension_mode":true,"campfire_choices":[{"data":"Searing Blow+1","floor":10,"key":"SMITH"},{"data":"Searing Blow+2","floor":12,"key":"SMITH"},{"data":"Searing Blow+4","floor":15,"key":"SMITH"}],"circlet_count":0,"master_deck":["AscendersBane","Strike_R","Strike_R","Strike_R","Strike_R","Strike_R","Defend_R+1","Defend_R","Defend_R+1","Defend_R","Bash","Havoc","Doubt","Searing Blow+5","Feed+1","Intimidate","Impervious","Sever Soul+1","Perfected Strike+1","Reaper+1","Sentinel"],"relics":["Burning Blood","NeowsBlessing","Molten Egg 2","CaptainsWheel","Dream Catcher","Letter Opener","Black Star"],"acts_visited":["Exordium","TheCity"],"potions_floor_usage":[8,13,16],"damage_taken":[{"damage":0,"enemies":"2 Louse","floor":1,"turns":1},{"damage":0,"enemies":"Jaw Worm","floor":5,"turns":1},{"damage":0,"enemies":"3 Sentries","floor":6,"turns":2},{"damage":5,"enemies":"Small Slimes","floor":7,"turns":4},{"damage":25,"enemies":"Lagavulin","floor":8,"turns":9},{"damage":6,"enemies":"Red Slaver","floor":11,"turns":3},{"damage":13,"enemies":"Lots of Slimes","floor":13,"turns":5},{"damage":39,"enemies":"Slime Boss","floor":16,"turns":10},{"damage":20,"enemies":"Shell Parasite","floor":18,"turns":6},{"damage":90,"enemies":"Masked Bandits","floor":19,"turns":5}],"seed_played":"8821922275695731837","potions_obtained":[{"floor":6,"key":"DistilledChaos"},{"floor":8,"key":"ElixirPotion"},{"floor":11,"key":"Energy Potion"}],"is_trial":false,"path_per_floor":["M","?","$","?","M","E","M","E","T","R","M","R","M","?","R","B",null,"M","?"],"character_chosen":"IRONCLAD","items_purchased":["Molten Egg 2"],"campfire_rested":0,"item_purchase_floors":[3],"current_hp_per_floor":[78,78,78,62,68,74,79,60,60,60,60,60,57,57,57,24,72,62,0,0],"gold":330,"neow_bonus":"THREE_ENEMY_KILL","is_daily":false,"chose_seed":false,"campfire_upgraded":3,"win_rate":0.0,"timestamp":1612445688,"path_taken":["M","?","$","?","M","E","M","E","T","R","M","R","M","?","R","BOSS","M","?"],"items_purchased_type":["Relic"],"build_version":"2020-12-22","purchased_purges":0,"victory":false,"max_hp_per_floor":[80,80,80,80,80,80,84,84,84,84,84,84,88,88,88,88,88,92,92,92],"relic_stats":{"Dream Catcher":0,"counters":[10,46],"Black Star":0,"Letter Opener":[0],"obtain_stats":[{"CaptainsWheel":6,"Dream Catcher":8,"NeowsBlessing":0,"Molten Egg 2":3,"Black Star":17,"Letter Opener":9,"Burning Blood":0},{"CaptainsWheel":3,"Dream Catcher":5,"NeowsBlessing":0,"Molten Egg 2":1,"Black Star":8,"Letter Opener":5,"Burning Blood":0},{"CaptainsWheel":4,"Dream Catcher":17,"NeowsBlessing":0,"Molten Egg 2":1,"Black Star":35,"Letter Opener":17,"Burning Blood":0}],"Burning Blood":54},"card_choices":[{"not_picked":["Clothesline","Combust"],"picked":"Havoc","floor":1},{"not_picked":["Havoc","Iron Wave+1"],"picked":"Searing Blow+1","floor":5},{"not_picked":["Metallicize","Clothesline+1"],"picked":"Feed+1","floor":6},{"not_picked":["Heavy Blade+1","Dual Wield"],"picked":"Intimidate","floor":7},{"not_picked":["Pommel Strike+1","Shockwave"],"picked":"Impervious","floor":8},{"not_picked":["Body Slam+1","Cleave+1"],"picked":"Sever Soul+1","floor":11},{"not_picked":["Clothesline+1","Twin Strike+1"],"picked":"Perfected Strike+1","floor":13},{"not_picked":["Immolate+1","Offering"],"picked":"Reaper+1","floor":16},{"not_picked":["Headbutt+1","Metallicize"],"picked":"Sentinel","floor":18}],"player_experience":652041,"relics_obtained":[{"floor":6,"key":"CaptainsWheel"},{"floor":8,"key":"Dream Catcher"},{"floor":9,"key":"Letter Opener"}],"event_choices":[{"damage_healed":0,"gold_gain":175,"player_choice":"AGREE","damage_taken":0,"max_hp_gain":0,"max_hp_loss":0,"event_name":"Liars Game","floor":2,"gold_loss":0,"cards_obtained":["Doubt"]},{"damage_healed":0,"gold_gain":0,"player_choice":"Entered Light","damage_taken":16,"max_hp_gain":0,"max_hp_loss":0,"event_name":"Shining Light","floor":4,"gold_loss":0,"cards_upgraded":["Defend_R","Defend_R"]},{"damage_healed":0,"gold_gain":0,"player_choice":"Grow","damage_taken":0,"max_hp_gain":0,"max_hp_loss":0,"event_name":"Living Wall","floor":14,"gold_loss":0,"cards_upgraded":["Searing Blow"]},{"damage_healed":0,"gold_gain":0,"player_choice":"Fought Bandits","damage_taken":0,"max_hp_gain":0,"max_hp_loss":0,"event_name":"Masked Bandits","floor":19,"gold_loss":0}],"is_beta":false,"boss_relics":[{"not_picked":["Ectoplasm","Cursed Key"],"picked":"Black Star"}],"items_purged_floors":[],"is_endless":false,"potions_floor_spawned":[6,8,11],"killed_by":"Masked Bandits","ascension_level":10}}