{"host":"w4b7hmige5bnqipq","time":1612467690,"event":{"mods":["2.2 Compatiblity","BaseMod","Colored Map","DeckTracker","Keyboard Shortcuts","Minty Spire (QoL Compilation)","Permanent Neow","Rare Cards Sparkle","SuperFastMode","everything is the same but u backflip on backflip","slay the spire mod where everything is the same but ironclad has a cowboy hat"],"gold_per_floor":[118,193,211,224,243,272,272,272,299,299,318,344,357,384,384,483,483,497,512,512,205,120,120,149,149,172,172,172],"floor_reached":27,"language":"KOR","playtime":653,"items_purged":["Blizzard"],"score":402,"play_id":"7da06788-8b1d-44c8-b187-83f2c50056c1","local_time":"20210205044130","is_ascension_mode":true,"campfire_choices":[{"data":"Sunder","floor":7.0,"key":"SMITH"},{"floor":10.0,"key":"REST"},{"floor":15.0,"key":"REST"},{"data":"Rainbow","floor":23.0,"key":"SMITH"},{"data":"Double Energy","floor":25,"key":"SMITH"}],"circlet_count":0,"master_deck":["AscendersBane","Zap","Dualcast","Amplify","Beam Cell","Rip and Tear","Sunder+1","Echo Form","Auto Shields","Core Surge","Capacitor","Meteor Strike","Electrodynamics","Consume","Static Discharge","Blizzard","Rainbow+1","Steam","Melter","Turbo","Creative AI","Double Energy+1"],"relics":["Cracked Core","Omamori","CultistMask","Regal Pillow","Blood Vial","Orichalcum","Pandora\u0027s Box","Juzu Bracelet","Boot","Ancient Tea Set","PreservedInsect"],"acts_visited":["Exordium","TheCity"],"potions_floor_usage":[24],"damage_taken":[{"damage":0.0,"enemies":"Small Slimes","floor":1.0,"turns":3.0},{"damage":1.0,"enemies":"2 Louse","floor":3.0,"turns":3.0},{"damage":1.0,"enemies":"Cultist","floor":4.0,"turns":3.0},{"damage":0.0,"enemies":"Blue Slaver","floor":5.0,"turns":3.0},{"damage":22.0,"enemies":"Gremlin Nob","floor":6.0,"turns":4.0},{"damage":0.0,"enemies":"Large Slime","floor":11.0,"turns":3.0},{"damage":30.0,"enemies":"3 Sentries","floor":12.0,"turns":6.0},{"damage":14.0,"enemies":"3 Louse","floor":13.0,"turns":2.0},{"damage":29.0,"enemies":"Gremlin Nob","floor":14.0,"turns":4.0},{"damage":13.0,"enemies":"Slime Boss","floor":16.0,"turns":7.0},{"damage":22.0,"enemies":"Chosen","floor":18.0,"turns":5.0},{"damage":20.0,"enemies":"Shell Parasite","floor":19.0,"turns":4.0},{"damage":24,"enemies":"Gremlin Leader","floor":24,"turns":4},{"damage":23,"enemies":"Slavers","floor":27,"turns":1}],"seed_played":"-32281865852411086","potions_obtained":[{"floor":3.0,"key":"ColorlessPotion"},{"floor":4.0,"key":"Block Potion"},{"floor":5.0,"key":"Energy Potion"},{"floor":11.0,"key":"FocusPotion"},{"floor":12.0,"key":"Regen Potion"},{"floor":19.0,"key":"PowerPotion"}],"is_trial":false,"path_per_floor":["M","?","M","M","M","E","R","?","T","R","M","E","M","E","R","B",null,"M","M","?","$","?","R","E","R","T","E"],"character_chosen":"DEFECT","items_purchased":["Creative AI","Juzu Bracelet"],"campfire_rested":2,"item_purchase_floors":[21,21],"current_hp_per_floor":[68,57,56,55,55,33,33,33,33,70,70,40,28,1,38,27,63,43,34,34,34,34,34,12,12,12,0,0],"gold":172,"neow_bonus":"ONE_RANDOM_RARE_CARD","is_daily":false,"chose_seed":false,"campfire_upgraded":3,"win_rate":0.0,"timestamp":1612467690,"path_taken":["M","?","M","M","M","E","R","?","T","R","M","E","?","E","R","BOSS","M","M","?","$","?","R","E","R","T","E"],"items_purchased_type":["Card","Relic"],"build_version":"2020-12-22","purchased_purges":1,"victory":false,"max_hp_per_floor":[75,75,75,75,75,75,75,75,75,75,75,75,75,75,75,75,75,75,75,75,75,75,75,75,75,75,75,75],"card_choices":[{"not_picked":["Barrage","Stack"],"picked":"Beam Cell","floor":1.0},{"not_picked":["Amplify","Blizzard"],"picked":"Rip and Tear","floor":3.0},{"not_picked":["Self Repair","Steam"],"picked":"Sunder","floor":4.0},{"not_picked":["Steam","Beam Cell","Static Discharge"],"picked":"SKIP","floor":5.0},{"not_picked":["Rainbow","Core Surge"],"picked":"Echo Form","floor":6.0},{"not_picked":["Ball Lightning","Redo"],"picked":"Auto Shields","floor":11.0},{"not_picked":["Sweeping Beam","Ball Lightning"],"picked":"Core Surge","floor":12.0},{"not_picked":["Steam","Sunder","Cold Snap"],"picked":"SKIP","floor":13.0},{"not_picked":["Rip and Tear","Rebound"],"picked":"Capacitor","floor":14.0},{"not_picked":["Fission","Echo Form"],"picked":"Meteor Strike","floor":16.0},{"not_picked":["Go for the Eyes","BootSequence"],"picked":"Turbo","floor":18.0},{"not_picked":["Reprogram","Doom and Gloom","Turbo"],"picked":"SKIP","floor":19.0},{"not_picked":["Beam Cell","Blizzard"],"picked":"Double Energy","floor":24}],"player_experience":701066,"relics_obtained":[{"floor":6.0,"key":"Omamori"},{"floor":9.0,"key":"Regal Pillow"},{"floor":12.0,"key":"Blood Vial"},{"floor":14.0,"key":"Orichalcum"},{"floor":24,"key":"Ancient Tea Set"},{"floor":26,"key":"PreservedInsect"}],"event_choices":[{"damage_healed":0.0,"max_hp_gain":0.0,"max_hp_loss":0.0,"gold_gain":75.0,"event_name":"World of Goop","player_choice":"Gather Gold","floor":2.0,"gold_loss":0.0,"damage_taken":11.0},{"damage_healed":0.0,"max_hp_gain":0.0,"max_hp_loss":0.0,"gold_gain":0.0,"event_name":"FaceTrader","player_choice":"Trade","floor":8.0,"gold_loss":0.0,"damage_taken":0.0,"relics_obtained":["CultistMask"]},{"damage_healed":0.0,"max_hp_gain":0.0,"max_hp_loss":0.0,"gold_gain":0.0,"event_name":"Ghosts","player_choice":"Ignored","floor":20.0,"gold_loss":0.0,"damage_taken":0.0},{"damage_healed":0.0,"max_hp_gain":0.0,"max_hp_loss":0.0,"gold_gain":0.0,"event_name":"Addict","player_choice":"Obtained Relic","floor":22.0,"gold_loss":85.0,"damage_taken":0.0,"relics_obtained":["Boot"]}],"is_beta":false,"boss_relics":[{"not_picked":["Empty Cage","Black Star"],"picked":"Pandora\u0027s Box"}],"items_purged_floors":[21],"is_endless":false,"potions_floor_spawned":[3,4,5,11,12,19],"killed_by":"Slavers","ascension_level":12}}