{"host":"5spr8tig1ba228ju","time":1612409598,"event":{"mods":["BaseMod","Bestiary","Colored Map","Colored Powertips","Curses Come First","Energized Spire","Highlight Path","Hubris","Minty Spire (QoL Compilation)","Quick Restart","Relic Stats","Reliquary","Replay The Spire","Shop Mod","Slay the StarCraft II Mod","Spicy Shops","StSLib","SuperFastMode","The Jungle","¡¾ÒÅÎï¿¨ÅÆ¡¿REMEMod"],"gold_per_floor":[109,184,198,198,198,225,225,250,318,318,335,335,353,39,39,110,110,121,138,413,427,441,441,441,441],"floor_reached":24,"language":"ZHS","playtime":1527,"items_purged":["Normality"],"score":391,"play_id":"cc7941e5-4738-4ab9-9345-1cf1104d9331","local_time":"20210204113318","is_ascension_mode":true,"campfire_choices":[{"data":"REME_EyeOfCthun","floor":7.0,"key":"SMITH"},{"data":"Ghostly Armor","floor":10.0,"key":"SMITH"},{"data":"Metallicize","floor":12.0,"key":"SMITH"},{"data":"Demonic Infusion","floor":23,"key":"SMITH"}],"circlet_count":0,"master_deck":["AscendersBane","Strike_R","Strike_R","Strike_R","Defend_R","Defend_R","Defend_R","Defend_R","Bash","REME_EyeOfCthun+1","Ghostly Armor+1","Run Through","Demonic Infusion+1","Metallicize+1","Replay:Undeath\u0027s Touch","Ghostly Armor","Reaper","Fire Breathing","Dual Wield","Shockwave","Headbutt","hubris:SharpeningStone","hubris:StunningStrike","ReplayTheSpireMod:Stacked","Power Through","Regret","Fire Breathing","Disarm+1"],"relics":["Burning Blood","REME_ComplimentaryCards","Replay:Rubber Ducky","Red Skull","hubris:MysteriousPyramids","hubris:SphereOfDissonance","Orrery","Medical Kit","hubris:RunicObelisk"],"acts_visited":["Exordium","TheCity"],"potions_floor_usage":[22],"damage_taken":[{"damage":7.0,"enemies":"Jaw Worm","floor":1.0,"turns":2.0},{"damage":0.0,"enemies":"2 Louse","floor":3.0,"turns":2.0},{"damage":32.0,"enemies":"Lagavulin","floor":6.0,"turns":7.0},{"damage":1.0,"enemies":"Gremlin Nob","floor":8.0,"turns":3.0},{"damage":0.0,"enemies":"Cultist","floor":11.0,"turns":1.0},{"damage":9.0,"enemies":"Exordium Wildlife","floor":13.0,"turns":2.0},{"damage":24.0,"enemies":"Fading Forest","floor":16.0,"turns":11.0},{"damage":0.0,"enemies":"Chosen","floor":18.0,"turns":4.0},{"damage":7.0,"enemies":"3 Byrds","floor":19.0,"turns":8.0},{"damage":19.0,"enemies":"Snake Plant","floor":21.0,"turns":5.0},{"damage":26,"enemies":"Centurion and Healer","floor":22,"turns":8},{"damage":44,"enemies":"Chosen and Byrds","floor":24,"turns":4}],"seed_played":"-8322351032986162397","potions_obtained":[{"floor":1.0,"key":"Flashbang"},{"floor":3.0,"key":"ElixirPotion"},{"floor":13.0,"key":"Reflective Coating"},{"floor":19.0,"key":"Block Potion"}],"is_trial":false,"path_per_floor":["M","?","M","?","$","E","R","E","T","R","M","R","M","$","R_BF","B",null,"M","M","?","M","M","R","M"],"character_chosen":"IRONCLAD","items_purchased":["Orrery","Medical Kit"],"campfire_rested":0,"item_purchase_floors":[14,14],"current_hp_per_floor":[67,56,62,57,57,31,31,36,36,36,42,42,39,39,39,57,71,75,75,75,62,42,42,0,0],"gold":441,"neow_bonus":"REMOVE_CARD","is_daily":false,"chose_seed":false,"campfire_upgraded":4,"win_rate":0.0,"timestamp":1612409598,"path_taken":["M","?","M","?","?","E","R","E","T","R","?","R","M","$","R_BF","BOSS","M","M","?","M","M","R","?"],"items_purchased_type":["Relic","Relic"],"build_version":"2020-12-22","purchased_purges":1,"victory":false,"max_hp_per_floor":[75,75,75,75,75,75,75,75,75,75,75,75,75,75,75,75,75,75,75,75,75,75,75,75,75],"relic_stats":{"counters":[12,57],"Medical Kit":[3],"obtain_stats":[{"hubris:SphereOfDissonance":9,"Orrery":14,"hubris:MysteriousPyramids":8,"hubris:RunicObelisk":17,"Medical Kit":14,"Burning Blood":0,"Red Skull":6,"REME_ComplimentaryCards":0,"Replay:Rubber Ducky":4},{"hubris:SphereOfDissonance":4,"Orrery":6,"hubris:MysteriousPyramids":4,"hubris:RunicObelisk":7,"Medical Kit":6,"Burning Blood":0,"Red Skull":3,"REME_ComplimentaryCards":0,"Replay:Rubber Ducky":2},{"hubris:SphereOfDissonance":14,"Orrery":17,"hubris:MysteriousPyramids":14,"hubris:RunicObelisk":28,"Medical Kit":17,"Burning Blood":0,"Red Skull":11,"REME_ComplimentaryCards":0,"Replay:Rubber Ducky":4}],"Burning Blood":63},"card_choices":[{"not_picked":["Anger","Flex"],"picked":"Ghostly Armor","floor":1.0},{"not_picked":["Clothesline","Twin Strike"],"picked":"Run Through","floor":3.0},{"not_picked":["hubris:SharpeningStone","Perfected Strike"],"picked":"Demonic Infusion","floor":6.0},{"not_picked":["Heavy Blade","Thunderclap"],"picked":"Metallicize","floor":8.0},{"not_picked":["Rampage","hubris:ReadiedAction"],"picked":"Replay:Undeath\u0027s Touch","floor":11.0},{"not_picked":["Clash","Iron Wave"],"picked":"Ghostly Armor","floor":13.0},{"not_picked":["Spot Weakness","Thunderclap"],"picked":"Reaper","floor":14.0},{"not_picked":["Intimidate","True Grit"],"picked":"Fire Breathing","floor":14.0},{"not_picked":["ReplayTheSpireMod:Strike From Hell","Defy Death"],"picked":"Dual Wield","floor":14.0},{"not_picked":["Havoc","Carnage"],"picked":"Shockwave","floor":14.0},{"not_picked":["Iron Wave","Cleave"],"picked":"Headbutt","floor":14.0},{"not_picked":["Double Tap","Offering"],"picked":"hubris:StunningStrike","floor":16.0},{"not_picked":["Heavy Blade","Twin Strike+1"],"picked":"ReplayTheSpireMod:Stacked","floor":18.0},{"not_picked":["Havoc","Replay:Undeath\u0027s Touch"],"picked":"Power Through","floor":19.0},{"not_picked":["Iron Wave","Burning Pact"],"picked":"Fire Breathing","floor":21.0},{"not_picked":["Perfected Strike+1","Abandon+1"],"picked":"Disarm+1","floor":22}],"player_experience":647968,"relics_obtained":[{"floor":6.0,"key":"Red Skull"},{"floor":8.0,"key":"hubris:MysteriousPyramids"},{"floor":9.0,"key":"hubris:SphereOfDissonance"}],"event_choices":[{"damage_healed":0.0,"max_hp_gain":0.0,"max_hp_loss":0.0,"gold_gain":75.0,"event_name":"World of Goop","player_choice":"Gather Gold","floor":2.0,"gold_loss":0.0,"damage_taken":11.0},{"damage_healed":0.0,"max_hp_gain":0.0,"max_hp_loss":0.0,"gold_gain":0.0,"event_name":"Scrap Ooze","player_choice":"Success","floor":4.0,"gold_loss":0.0,"damage_taken":5.0,"relics_obtained":["Replay:Rubber Ducky"]},{"damage_healed":0.0,"max_hp_gain":0.0,"max_hp_loss":0.0,"gold_gain":275.0,"event_name":"Golden Shrine","player_choice":"Desecrate","floor":20.0,"gold_loss":0.0,"damage_taken":0.0,"cards_obtained":["Regret"]}],"is_beta":false,"boss_relics":[{"not_picked":["Astrolabe","ReplayTheSpireMod:DimensionalGlitch"],"picked":"hubris:RunicObelisk"}],"items_purged_floors":[14],"is_endless":false,"potions_floor_spawned":[1,3,13,19],"killed_by":"Chosen and Byrds","ascension_level":18}}