{"host":"9709z2dy8v1s63sm","time":1612423077,"event":{"mods":["AchievementEnabler","BaseMod","Minty Spire (QoL Compilation)","StSLib","SuperFastMode"],"gold_per_floor":[118,118,43,43,54,88,88,118,118,118,118,137,155,169,169,241,241,241,241],"floor_reached":18,"language":"KOR","playtime":653,"items_purged":["Strike_R"],"score":341,"play_id":"babaf9ab-bdd2-43a1-bd9c-e2ac4c94aed3","local_time":"20210204161757","is_ascension_mode":true,"campfire_choices":[{"data":"Power Through","floor":7.0,"key":"SMITH"},{"data":"Body Slam","floor":11.0,"key":"SMITH"},{"data":"Disarm","floor":15.0,"key":"SMITH"}],"circlet_count":0,"master_deck":["AscendersBane","Strike_R","Strike_R","Strike_R","Defend_R","Defend_R","Defend_R","Bash","Power Through+1","Dark Embrace","Body Slam+1","Disarm+1","Offering"],"relics":["Burning Blood","NeowsBlessing","Anchor","StoneCalendar","Bottled Tornado","Mark of Pain"],"acts_visited":["Exordium","TheCity"],"potions_floor_usage":[16],"damage_taken":[{"damage":0.0,"enemies":"Cultist","floor":1.0,"turns":1.0},{"damage":0.0,"enemies":"2 Louse","floor":5.0,"turns":1.0},{"damage":0.0,"enemies":"Lagavulin","floor":6.0,"turns":2.0},{"damage":55.0,"enemies":"3 Sentries","floor":8.0,"turns":25.0},{"damage":0.0,"enemies":"Jaw Worm","floor":12.0,"turns":3.0},{"damage":0.0,"enemies":"2 Fungi Beasts","floor":13.0,"turns":4.0},{"damage":4.0,"enemies":"Red Slaver","floor":14.0,"turns":6.0},{"damage":28,"enemies":"The Guardian","floor":16,"turns":15},{"damage":68,"enemies":"Spheric Guardian","floor":18,"turns":9}],"seed_played":"-2353150739054379903","potions_obtained":[{"floor":1.0,"key":"Swift Potion"},{"floor":5.0,"key":"GamblersBrew"},{"floor":8.0,"key":"CultistPotion"}],"is_trial":false,"path_per_floor":["M","?","$","?","M","E","R","E","T","?","R","M","M","M","R","B",null,"M"],"character_chosen":"IRONCLAD","items_purchased":[],"campfire_rested":0,"item_purchase_floors":[],"current_hp_per_floor":[74,79,79,72,78,80,80,31,31,31,31,37,43,45,45,23,66,0,0],"gold":241,"neow_bonus":"THREE_ENEMY_KILL","is_daily":false,"chose_seed":false,"campfire_upgraded":3,"win_rate":0.0,"timestamp":1612423077,"path_taken":["M","?","$","?","M","E","R","E","T","?","R","M","M","M","R","BOSS","M"],"items_purchased_type":[],"build_version":"2020-12-22","purchased_purges":1,"victory":false,"max_hp_per_floor":[75,80,80,80,80,80,80,80,80,80,80,80,80,80,80,80,80,80,80],"card_choices":[{"not_picked":["Ghostly Armor","Wild Strike"],"picked":"Power Through","floor":1.0},{"not_picked":["Iron Wave","Clothesline","Perfected Strike"],"picked":"SKIP","floor":5.0},{"not_picked":["Intimidate","Clash"],"picked":"Dark Embrace","floor":6.0},{"not_picked":["Pommel Strike","Demon Form"],"picked":"Body Slam","floor":8.0},{"not_picked":["Twin Strike","Infernal Blade","Inflame"],"picked":"SKIP","floor":12.0},{"not_picked":["Heavy Blade","Cleave"],"picked":"Disarm","floor":13.0},{"not_picked":["Anger","Heavy Blade","Pummel"],"picked":"SKIP","floor":14.0},{"not_picked":["Fiend Fire","Berserk"],"picked":"Offering","floor":16}],"player_experience":111837,"relics_obtained":[{"floor":6.0,"key":"Anchor"},{"floor":8.0,"key":"StoneCalendar"},{"floor":9.0,"key":"Bottled Tornado"}],"event_choices":[{"damage_healed":0.0,"max_hp_gain":5.0,"max_hp_loss":0.0,"gold_gain":0.0,"event_name":"Big Fish","player_choice":"Donut","floor":2.0,"gold_loss":0.0,"damage_taken":0.0},{"cards_removed":["Strike_R"],"damage_healed":0.0,"max_hp_gain":0.0,"max_hp_loss":0.0,"gold_gain":0.0,"event_name":"Golden Wing","player_choice":"Card Removal","floor":4.0,"gold_loss":0.0,"damage_taken":7.0},{"cards_removed":["Defend_R"],"damage_healed":0.0,"max_hp_gain":0.0,"max_hp_loss":0.0,"gold_gain":0.0,"event_name":"Living Wall","player_choice":"Forget","floor":10.0,"gold_loss":0.0,"damage_taken":0.0}],"is_beta":false,"boss_relics":[{"not_picked":["SlaversCollar","Snecko Eye"],"picked":"Mark of Pain"}],"items_purged_floors":[3],"is_endless":false,"potions_floor_spawned":[1,5,8,12],"killed_by":"Spheric Guardian","ascension_level":15}}