{"host":"c0q4hvpzcxjeo0kl","time":1612474059,"event":{"mods":["BaseMod","BetterRewards","Colored Powertips","Hermit","Minty Spire (QoL Compilation)","Replay The Spire","StSLib"],"gold_per_floor":[118,118,118,137,150,150,175,175,175,188,153,153,428,441,441,544,544,556,556,576,576,611,611,640,640,640,640,306,322,64,64,64,164,164,174,188,204,1203,1264,1264,1264,1264],"floor_reached":41,"language":"DEU","playtime":6422,"items_purged":["hermit:Strike_Hermit","hermit:Defend_Hermit"],"score":709,"play_id":"66d887d3-f235-40fe-b635-398421505876","local_time":"20210204222739","is_ascension_mode":false,"campfire_choices":[{"floor":6,"key":"REST"},{"floor":8,"key":"REST"},{"data":"hermit:FlashPowder","floor":12,"key":"SMITH"},{"data":"hermit:EyeOfTheStorm","floor":15,"key":"SMITH"},{"floor":23,"key":"REST"},{"floor":25,"key":"REST"},{"floor":27,"key":"REST"},{"floor":32,"key":"REST"},{"floor":40,"key":"REST"}],"circlet_count":0,"master_deck":["hermit:Strike_Hermit","hermit:Strike_Hermit+1","hermit:Strike_Hermit+1","hermit:Defend_Hermit","hermit:Defend_Hermit","hermit:Defend_Hermit","hermit:Snapshot","hermit:Covet","hermit:TrackingShot","hermit:HoleUp","hermit:EyeOfTheStorm+1","hermit:Headshot","hermit:FlashPowder+1","Regret","hermit:Roulette","hermit:Reprieve","hermit:WideOpen","Writhe","hermit:Midnight+1","hermit:Brawl","hermit:Shortfuse","hermit:Grudge","hermit:Horror","ReplayTheSpireMod:Necrogeddon","hermit:Determination","hermit:Deadeye","hermit:Desperado","hermit:Feint","hermit:Dive","Finesse","Impatience","Blind","Dark Shackles","hermit:RoundhouseKick","hermit:Ricochet+1","hermit:Combo","hermit:GoldenBullet+1","Normality","Normality","ReplayTheSpireMod:Splinters","hermit:Coalescence+1"],"relics":["hermit:ClaspedLocket","Pondfish Scales","Chemical X","HornCleat","Kunai","Lizard Tail","Iron Hammer","ReplayTheSpireMod:DimensionalGlitch","ReplayFunnel","Nilry\u0027s Codex","hermit:CharredGlove","PreservedInsect","BargainBundle","Shuriken"],"acts_visited":["Exordium","TheCity","TheBeyond"],"potions_floor_usage":[24,33,37],"damage_taken":[{"damage":0,"enemies":"Small Slimes","floor":1,"turns":3},{"damage":5,"enemies":"Jaw Worm","floor":4,"turns":4},{"damage":0,"enemies":"Cultist","floor":5,"turns":3},{"damage":36,"enemies":"3 Sentries","floor":7,"turns":19},{"damage":0,"enemies":"Exordium Thugs","floor":10,"turns":4},{"damage":5,"enemies":"Large Slime","floor":14,"turns":5},{"damage":28,"enemies":"The Guardian","floor":16,"turns":9},{"damage":0,"enemies":"Spheric Guardian","floor":18,"turns":3},{"damage":6,"enemies":"2 Thieves","floor":20,"turns":4},{"damage":12,"enemies":"Snake Plant","floor":22,"turns":3},{"damage":35,"enemies":"Book of Stabbing","floor":24,"turns":7},{"damage":15,"enemies":"Snecko","floor":29,"turns":5},{"damage":43,"enemies":"Pondfish","floor":33,"turns":10},{"damage":19,"enemies":"3 Shapes","floor":35,"turns":5},{"damage":16,"enemies":"3 Darklings","floor":36,"turns":5},{"damage":9,"enemies":"Jaw Worm Horde","floor":37,"turns":3},{"damage":71,"enemies":"Giant Head","floor":41,"turns":8}],"seed_played":"8087527101149181385","potions_obtained":[{"floor":10,"key":"FairyPotion"},{"floor":18,"key":"CultistPotion"},{"floor":20,"key":"EssenceOfSteel"},{"floor":29,"key":"Adrenaline Potion"},{"floor":36,"key":"PowerPotion"},{"floor":39,"key":"BlessingOfTheForge"}],"is_trial":false,"path_per_floor":["M","?","?","M","M","R","E","R","T","M","?","R","?","M","R","B",null,"M","?","M","?","M","R","E","R","T","R","$","M","$","?","R","B",null,"M","M","M","?","?","R","E"],"character_chosen":"HERMIT","items_purchased":["Chemical X","HornCleat","hermit:TrackingShot","hermit:Grudge","hermit:Horror","ReplayTheSpireMod:Necrogeddon","hermit:Determination","BargainBundle","hermit:Deadeye","hermit:Desperado","hermit:Feint","hermit:Dive","Finesse"],"campfire_rested":7,"item_purchase_floors":[0,0,0,28,28,28,30,30,30,30,30,30,30],"current_hp_per_floor":[51,36,24,19,19,41,5,27,27,27,45,45,45,40,40,12,75,75,75,69,44,32,54,19,41,41,63,63,48,48,7,29,19,75,56,41,32,32,32,54,0,0],"gold":1264,"neow_bonus":"","is_daily":false,"chose_seed":false,"campfire_upgraded":2,"win_rate":0.0,"timestamp":1612474059,"path_taken":["M","?","?","M","M","R","E","R","T","M","?","R","?","?","R","BOSS","M","?","?","?","M","R","E","R","T","R","$","M","$","?","R","BOSS","M","M","M","?","?","R","E"],"items_purchased_type":["Relic","Relic","Card","Card","Card","Card","Card","Relic","Card","Card","Card","Card","Card"],"build_version":"2020-12-22","purchased_purges":2,"victory":false,"max_hp_per_floor":[75,75,75,75,75,75,75,75,75,75,75,75,75,75,75,75,75,75,75,75,75,75,75,75,75,75,75,75,75,75,75,75,75,75,75,75,75,75,75,75,75,75],"card_choices":[{"not_picked":["hermit:Showdown","hermit:Manifest"],"picked":"hermit:HoleUp","floor":1},{"not_picked":["hermit:HighCaliber","hermit:Horror"],"picked":"hermit:EyeOfTheStorm","floor":4},{"not_picked":["hermit:HoleUp","hermit:FullyLoaded","hermit:Feint"],"picked":"SKIP","floor":5},{"not_picked":["hermit:TrackingShot","hermit:Shortfuse"],"picked":"hermit:Headshot","floor":7},{"not_picked":["hermit:GhostlyPresence","hermit:Vantage"],"picked":"hermit:FlashPowder","floor":10},{"not_picked":["hermit:ItchyTrigger","hermit:Snipe"],"picked":"hermit:Roulette","floor":14},{"not_picked":["hermit:Adapt","hermit:Magnum"],"picked":"hermit:Reprieve","floor":16},{"not_picked":["hermit:TrackingShot","hermit:HighCaliber"],"picked":"hermit:WideOpen","floor":18},{"not_picked":["hermit:TakeCover","hermit:HighCaliber"],"picked":"hermit:Midnight+1","floor":20},{"not_picked":["hermit:Misfire","hermit:Ricochet+1"],"picked":"hermit:Brawl","floor":22},{"not_picked":["hermit:DeadMansHand","hermit:Snipe"],"picked":"hermit:Shortfuse","floor":24},{"not_picked":["hermit:Headshot","hermit:BodyArmor","hermit:Midnight"],"picked":"SKIP","floor":29},{"not_picked":["hermit:FromBeyond","hermit:Purgatory"],"picked":"hermit:RoundhouseKick","floor":33},{"not_picked":["hermit:Dive","hermit:Showdown+1"],"picked":"hermit:Ricochet+1","floor":35},{"not_picked":["hermit:HighCaliber+1","hermit:Headshot+1"],"picked":"hermit:Combo","floor":36},{"not_picked":["hermit:ShadowCloak","hermit:Brawl"],"picked":"hermit:GoldenBullet+1","floor":37},{"not_picked":["hermit:HighCaliber+1","hermit:Desperado"],"picked":"hermit:Coalescence+1","floor":39}],"player_experience":189458,"relics_obtained":[{"floor":7,"key":"Lizard Tail"},{"floor":9,"key":"Iron Hammer"},{"floor":21,"key":"Nilry\u0027s Codex"},{"floor":24,"key":"hermit:CharredGlove"},{"floor":26,"key":"PreservedInsect"},{"floor":39,"key":"Shuriken"}],"event_choices":[{"damage_healed":0,"gold_gain":0,"player_choice":"Entered Light","damage_taken":15,"max_hp_gain":0,"max_hp_loss":0,"event_name":"Shining Light","floor":2,"gold_loss":0,"cards_upgraded":["hermit:Strike_Hermit","hermit:Strike_Hermit"]},{"damage_healed":0,"gold_gain":0,"player_choice":"Success","damage_taken":12,"relics_obtained":["Kunai"],"max_hp_gain":0,"max_hp_loss":0,"event_name":"Scrap Ooze","floor":3,"gold_loss":0},{"damage_healed":18,"gold_gain":0,"player_choice":"Healed","damage_taken":0,"max_hp_gain":0,"max_hp_loss":0,"event_name":"The Cleric","floor":11,"gold_loss":35},{"damage_healed":0,"gold_gain":275,"player_choice":"Desecrate","damage_taken":0,"max_hp_gain":0,"max_hp_loss":0,"event_name":"Golden Shrine","floor":13,"gold_loss":0,"cards_obtained":["Regret"]},{"damage_healed":0,"gold_gain":0,"player_choice":"Opened","damage_taken":0,"relics_obtained":["ReplayFunnel"],"max_hp_gain":0,"max_hp_loss":0,"event_name":"The Mausoleum","floor":19,"gold_loss":0,"cards_obtained":["Writhe"]},{"damage_healed":0,"gold_gain":0,"player_choice":"Obtained Book","damage_taken":16,"max_hp_gain":0,"max_hp_loss":0,"event_name":"Cursed Tome","floor":21,"gold_loss":0},{"damage_healed":0,"gold_gain":0,"player_choice":"CARD CARD CARD ","damage_taken":27,"max_hp_gain":0,"max_hp_loss":0,"event_name":"Knowing Skull","floor":31,"potions_obtained":[],"gold_loss":0,"cards_obtained":["Impatience","Blind","Dark Shackles"]},{"damage_healed":0,"gold_gain":999,"player_choice":"Gold","damage_taken":0,"max_hp_gain":0,"max_hp_loss":0,"event_name":"MindBloom","floor":38,"gold_loss":0,"cards_obtained":["Normality","Normality"]}],"is_beta":false,"boss_relics":[{"not_picked":["Abe\u0027s Treasure","Sozu"],"picked":"ReplayTheSpireMod:DimensionalGlitch"},{"not_picked":["Black Star","Coffee Dripper"],"picked":"hermit:ClaspedLocket"}],"items_purged_floors":[0,30],"is_endless":false,"potions_floor_spawned":[10,18,20,29,36],"killed_by":"Giant Head","ascension_level":0}}