{"host":"6xsbn6ynqlzwllfm","time":1612461454,"event":{"mods":["2.2 Compatiblity","BaseMod","Bestiary","Colored Map","Colored Powertips","Curses Come First","Downfall","Highlight Path","Keyboard Shortcuts","Minty Spire (QoL Compilation)","Relic Stats","Slay the Relics Exporter","StSLib","SuperFastMode"],"gold_per_floor":[99,111,129,147,9,9,63,63,63,48,72,87,116,116,131,236,236,36,47,60,71,56,88,88,38,38,51,79,94,94,108,122,219,219,119,139,156,170,23,23,23,23],"floor_reached":40,"language":"ENG","playtime":3617,"items_purged":["Regret"],"score":605,"play_id":"f25f333c-475e-431c-99ef-3a3677d84e96","local_time":"20210204125734","is_ascension_mode":false,"campfire_choices":[{"floor":1,"key":"RECALL"},{"data":"sneckomod:UnendingSupply","floor":6,"key":"SMITH"},{"data":"sneckomod:SnekBite","floor":8,"key":"SMITH"},{"data":"sneckomod:UnknownRareSkill","floor":18,"key":"SMITH"},{"data":"Wallop","floor":26,"key":"SMITH"},{"data":"Vault","floor":30,"key":"SMITH"},{"data":"Vault","floor":35,"key":"SMITH"}],"circlet_count":0,"master_deck":["sneckomod:Defend","sneckomod:Defend","sneckomod:Defend","sneckomod:TailWhip","sneckomod:SnekBite+1","sneckomod:Unknown","sneckomod:Unknown+1","CurseOfTheBell","sneckomod:WideSting","sneckomod:UnknownDraw","sneckomod:UnknownExhaust","sneckomod:UnknownStrike+1","sneckomod:UnendingSupply+1","sneckomod:SnakeSap","sneckomod:UnknownDraw","sneckomod:DangerNoodle","sneckomod:SoulDraw","sneckomod:SerpentIdol","sneckomod:MorePower","sneckomod:UnknownVulnerable+1","sneckomod:QuickBite","sneckomod:UnknownBoss+1","sneckomod:UnknownRareSkill+1","sneckomod:UnknownClassPURPLE","sneckomod:UnknownClassPURPLE","sneckomod:UnknownClassPURPLE","sneckomod:UnknownClassPURPLE","sneckomod:UnknownClassPURPLE","sneckomod:UnknownBoss+1","sneckomod:UnknownDraw+1","Meditate","sneckomod:UnknownCommonSkill+1","sneckomod:TrashToTreasure","sneckomod:UnknownRarePower+1","sneckomod:UnknownDraw","Wallop+1","sneckomod:UnknownRareSkill+1","sneckomod:Nope+1","Vault+1","sneckomod:Unknown0Cost+1","sneckomod:SoulRoll+1","Establishment","sneckomod:SnakeSap","LessonLearned","sneckomod:UnknownStrike+1","sneckomod:UnknownUncommonPower+1","sneckomod:TrashToTreasure","Vault+1","sneckomod:UnknownExhaust+1","BattleHymn","sneckomod:UnknownRareSkill+1","sneckomod:CheapStock","LessonLearned","sneckomod:UnknownRareSkill+1","sneckomod:MorePower","sneckomod:UnknownClassPURPLE+1","sneckomod:DiceCrush+1","Fasting2","sneckomod:SnakeSap","sneckomod:UnknownRareSkill+1","sneckomod:Nope","Scrawl","sneckomod:UnknownRareSkill+1","sneckomod:UnknownStrike","Mayhem"],"relics":["Calling Bell","Strawberry","Pantograph","Torii","Orichalcum","Mummified Hand","sneckomod:SneckoBoss","downfall:HeartBlessingRed","downfall:HeartBlessingGreen","Nunchaku","Matryoshka","Art of War","Busted Crown","downfall:HeartBlessingBlue","Eternal Feather"],"acts_visited":["Exordium","TheCity","TheBeyond"],"potions_floor_usage":[16,19,23,27,33,33,36,38,38],"damage_taken":[{"damage":1,"enemies":"Small Slimes","floor":2,"turns":4},{"damage":0,"enemies":"Cultist","floor":3,"turns":3},{"damage":12,"enemies":"2 Louse","floor":4,"turns":2},{"damage":1,"enemies":"downfall:FleeingMerchant","floor":5,"turns":4},{"damage":3,"enemies":"downfall:FleeingMerchant","floor":10,"turns":4},{"damage":6,"enemies":"2 Fungi Beasts","floor":12,"turns":3},{"damage":18,"enemies":"Gremlin Nob","floor":13,"turns":4},{"damage":0,"enemies":"3 Louse","floor":15,"turns":3},{"damage":29,"enemies":"IC_STATUS_ARCHETYPE","floor":16,"turns":6},{"damage":1,"enemies":"Shell Parasite","floor":19,"turns":3},{"damage":5,"enemies":"Chosen","floor":20,"turns":4},{"damage":1,"enemies":"Snecko","floor":21,"turns":4},{"damage":3,"enemies":"downfall:FleeingMerchant","floor":22,"turns":4},{"damage":21,"enemies":"Book of Stabbing","floor":23,"turns":5},{"damage":7,"enemies":"Sentry and Sphere","floor":27,"turns":5},{"damage":8,"enemies":"Slavers","floor":28,"turns":4},{"damage":35,"enemies":"Shelled Parasite and Fungi","floor":29,"turns":6},{"damage":9,"enemies":"Centurion and Healer","floor":31,"turns":5},{"damage":8,"enemies":"Snake Plant","floor":32,"turns":3},{"damage":46,"enemies":"SI_MIRROR_ARCHETYPE","floor":33,"turns":9},{"damage":3,"enemies":"3 Darklings","floor":36,"turns":5},{"damage":1,"enemies":"Orb Walker","floor":37,"turns":2},{"damage":83,"enemies":"Jaw Worm Horde","floor":38,"turns":4},{"damage":0,"enemies":"downfall:FleeingMerchant","floor":39,"turns":4},{"damage":21,"enemies":"Reptomancer","floor":40,"turns":2}],"seed_played":"-7559613210375108346","potions_obtained":[{"floor":4,"key":"LiquidBronze"},{"floor":14,"key":"LiquidMemories"},{"floor":14,"key":"Explosive Potion"},{"floor":16,"key":"Dexterity Potion"},{"floor":19,"key":"AttackPotion"},{"floor":23,"key":"BlessingOfTheForge"},{"floor":31,"key":"Dexterity Potion"},{"floor":32,"key":"Energy Potion"},{"floor":36,"key":"PowerPotion"},{"floor":37,"key":"LiquidMemories"}],"is_trial":false,"path_per_floor":["R","M","M","M","$","R","T","R","?","$","T","M","E","?","M","B",null,"R","M","M","M","$","E","T","?","R","M","E","M","R","M","M","B",null,"R","M","M","M","$","E"],"character_chosen":"THE_SNECKO","items_purchased":["sneckomod:UnendingSupply","Fire Potion","Eternal Feather","Mayhem"],"campfire_rested":0,"item_purchase_floors":[5,5,39,39],"current_hp_per_floor":[97,96,96,84,83,83,83,83,83,80,80,74,56,56,56,52,97,97,96,91,90,87,66,66,97,97,90,82,47,47,38,40,19,97,107,104,103,20,20,0,0,0],"gold":23,"neow_bonus":"BOSS_RELIC","is_daily":false,"chose_seed":false,"campfire_upgraded":6,"win_rate":0.0,"timestamp":1612461454,"path_taken":["R","M","M","M","$","R","T","R","?","$","?","M","E","?","M","BOSS","R","M","M","M","$","E","T","?","R","M","E","M","R","M","M","BOSS","R","M","M","M","$","E"],"items_purchased_type":["Card","Potion","Relic","Card"],"build_version":"2020-12-22","purchased_purges":1,"victory":false,"max_hp_per_floor":[97,97,97,97,97,97,97,97,97,97,97,97,97,97,97,97,97,97,97,97,97,97,97,97,97,97,97,97,97,97,97,97,97,97,107,107,107,107,107,107,107,107],"relic_stats":{"Nunchaku":[10],"Busted Crown":24,"Torii":49,"counters":[25,102],"Mummified Hand":[124],"Pantograph":50,"Eternal Feather":0,"Art of War":[3],"Orichalcum":[222],"obtain_stats":[{"Torii":0,"downfall:HeartBlessingRed":18,"downfall:HeartBlessingGreen":18,"Eternal Feather":39,"Orichalcum":7,"sneckomod:SneckoSoul":0,"Calling Bell":0,"Nunchaku":23,"Matryoshka":24,"Busted Crown":34,"Mummified Hand":13,"downfall:HeartBlessingBlue":35,"Strawberry":0,"Pantograph":0,"Art of War":28,"sneckomod:SneckoBoss":17},{"Torii":0,"downfall:HeartBlessingRed":9,"downfall:HeartBlessingGreen":9,"Eternal Feather":24,"Orichalcum":4,"sneckomod:SneckoSoul":0,"Calling Bell":0,"Nunchaku":14,"Matryoshka":14,"Busted Crown":20,"Mummified Hand":7,"downfall:HeartBlessingBlue":20,"Strawberry":0,"Pantograph":0,"Art of War":16,"sneckomod:SneckoBoss":9},{"Torii":0,"downfall:HeartBlessingRed":33,"downfall:HeartBlessingGreen":33,"Eternal Feather":100,"Orichalcum":13,"sneckomod:SneckoSoul":0,"Calling Bell":0,"Nunchaku":53,"Matryoshka":53,"Busted Crown":85,"Mummified Hand":24,"downfall:HeartBlessingBlue":85,"Strawberry":0,"Pantograph":0,"Art of War":62,"sneckomod:SneckoBoss":33}]},"card_choices":[{"not_picked":["sneckomod:DiceCrush","sneckomod:QuickMove"],"picked":"sneckomod:WideSting","floor":2},{"not_picked":["sneckomod:QuickBite","sneckomod:CheapStock"],"picked":"sneckomod:UnknownDraw","floor":3},{"not_picked":["sneckomod:Nope","sneckomod:IronFang"],"picked":"sneckomod:UnknownExhaust","floor":4},{"not_picked":["sneckomod:QuickMove","sneckomod:DefensiveFlair"],"picked":"sneckomod:UnknownStrike","floor":5},{"not_picked":["sneckomod:QuickMove","sneckomod:DangerNoodle"],"picked":"sneckomod:SoulDraw","floor":10},{"not_picked":["sneckomod:Unknown1Cost","sneckomod:SoulDraw"],"picked":"sneckomod:SerpentIdol","floor":12},{"not_picked":["sneckomod:Unknown1Cost","sneckomod:UnknownExhaust"],"picked":"sneckomod:MorePower","floor":13},{"not_picked":["sneckomod:UnknownStrike+1","sneckomod:UnknownExhaust+1"],"picked":"sneckomod:UnknownVulnerable+1","floor":15},{"not_picked":["sneckomod:UnknownUncommonAttack","sneckomod:DiceCrush"],"picked":"sneckomod:QuickBite","floor":15},{"not_picked":["sneckomod:UnknownCommonSkill+1","sneckomod:UnknownExhaust+1"],"picked":"sneckomod:UnknownBoss+1","floor":16},{"not_picked":["sneckomod:DangerNoodle","sneckomod:UnknownRareAttack"],"picked":"sneckomod:UnknownRareSkill","floor":16},{"not_picked":["sneckomod:Unknown2Cost+1","sneckomod:UnknownRareSkill+1"],"picked":"sneckomod:UnknownBoss+1","floor":19},{"not_picked":["sneckomod:Nope","sneckomod:DiceBoulder"],"picked":"sneckomod:UnknownDraw+1","floor":19},{"not_picked":["FollowUp","Consecrate"],"picked":"Meditate","floor":20},{"not_picked":["sneckomod:Unknown1Cost+1","sneckomod:UnknownCommonAttack+1"],"picked":"sneckomod:UnknownCommonSkill+1","floor":20},{"not_picked":["sneckomod:UnknownCommonSkill","sneckomod:IronFang"],"picked":"sneckomod:TrashToTreasure","floor":20},{"not_picked":["sneckomod:UnknownClassPURPLE+1","sneckomod:UnknownX+1"],"picked":"sneckomod:UnknownRarePower+1","floor":21},{"not_picked":["sneckomod:UnknownCommonSkill","sneckomod:DangerNoodle"],"picked":"sneckomod:UnknownDraw","floor":21},{"not_picked":["Swivel","ClearTheMind"],"picked":"Wallop","floor":21},{"not_picked":["sneckomod:Unknown0Cost+1","sneckomod:UnknownUncommonSkill+1"],"picked":"sneckomod:UnknownRareSkill+1","floor":22},{"not_picked":["sneckomod:UnknownUncommonPower","sneckomod:UnknownClassGUARDIAN"],"picked":"sneckomod:Nope+1","floor":22},{"not_picked":["Wireheading","Fasting2"],"picked":"Vault","floor":23},{"not_picked":["sneckomod:UnknownClassTHE_BRONZE_AUTOMATON+1","sneckomod:UnknownUncommonAttack+1"],"picked":"sneckomod:Unknown0Cost+1","floor":23},{"not_picked":["sneckomod:UnknownUncommonAttack","sneckomod:IronFang"],"picked":"sneckomod:SoulRoll+1","floor":23},{"not_picked":["Perseverance","ForeignInfluence"],"picked":"Establishment","floor":27},{"not_picked":["sneckomod:UnknownClassGUARDIAN","sneckomod:DiceCrush"],"picked":"sneckomod:SnakeSap","floor":27},{"not_picked":["PathToVictory","Swivel"],"picked":"LessonLearned","floor":28},{"not_picked":["sneckomod:UnknownX+1","sneckomod:UnknownUncommonAttack"],"picked":"sneckomod:UnknownStrike+1","floor":28},{"not_picked":["sneckomod:UnknownClassGUARDIAN+1","sneckomod:UnknownBlock+1"],"picked":"sneckomod:UnknownUncommonPower+1","floor":29},{"not_picked":["sneckomod:SoulDraw","sneckomod:UnknownUncommonPower"],"picked":"sneckomod:TrashToTreasure","floor":29},{"not_picked":["ConjureBlade","SandsOfTime"],"picked":"Vault","floor":31},{"not_picked":["sneckomod:UnknownClassPURPLE+1","sneckomod:UnknownVulnerable+1"],"picked":"sneckomod:UnknownExhaust+1","floor":31},{"not_picked":["sneckomod:UnknownStrike+1","sneckomod:UnknownVulnerable","sneckomod:ImprovisedGuard"],"picked":"SKIP","floor":31},{"not_picked":["Adaptation","Sanctity"],"picked":"BattleHymn","floor":32},{"not_picked":["sneckomod:Unknown1Cost+1","sneckomod:UnknownVulnerable+1"],"picked":"sneckomod:UnknownRareSkill+1","floor":32},{"not_picked":["sneckomod:UnknownVulnerable+1","sneckomod:UnknownCommonAttack+1"],"picked":"sneckomod:CheapStock","floor":32},{"not_picked":["Vengeance","Wallop"],"picked":"LessonLearned","floor":33},{"not_picked":["sneckomod:UnknownClassTHE_BRONZE_AUTOMATON+1","sneckomod:UnknownCommonAttack+1"],"picked":"sneckomod:UnknownRareSkill+1","floor":33},{"not_picked":["sneckomod:UnknownRarePower","sneckomod:UnknownBoss"],"picked":"sneckomod:MorePower","floor":33},{"not_picked":["sneckomod:UnknownVulnerable+1","sneckomod:UnknownStrike+1"],"picked":"sneckomod:UnknownClassPURPLE+1","floor":36},{"not_picked":[],"picked":"sneckomod:DiceCrush+1","floor":36},{"not_picked":["FlyingSleeves","WreathOfFlame"],"picked":"Fasting2","floor":37},{"not_picked":[],"picked":"sneckomod:SnakeSap","floor":37},{"not_picked":["sneckomod:Unknown2Cost+1","sneckomod:UnknownExhaust+1"],"picked":"sneckomod:UnknownRareSkill+1","floor":38},{"not_picked":[],"picked":"sneckomod:Nope","floor":38},{"not_picked":["Conclude","Collect"],"picked":"Scrawl","floor":39},{"not_picked":["sneckomod:UnknownUncommonAttack+1","sneckomod:UnknownClassGUARDIAN+1"],"picked":"sneckomod:UnknownRareSkill+1","floor":39},{"not_picked":[],"picked":"sneckomod:UnknownStrike","floor":39}],"player_experience":1615496,"relics_obtained":[{"floor":0,"key":"Strawberry"},{"floor":0,"key":"Pantograph"},{"floor":0,"key":"Torii"},{"floor":7,"key":"Orichalcum"},{"floor":13,"key":"Mummified Hand"},{"floor":23,"key":"Nunchaku"},{"floor":24,"key":"Matryoshka"},{"floor":28,"key":"Art of War"}],"event_choices":[{"damage_healed":0,"gold_gain":0,"player_choice":"Got Potions","damage_taken":0,"max_hp_gain":0,"max_hp_loss":0,"event_name":"Lab","floor":14,"gold_loss":0}],"is_beta":false,"boss_relics":[{"not_picked":["Empty Cage","Velvet Choker"],"picked":"sneckomod:SneckoBoss"},{"not_picked":["Philosopher\u0027s Stone","Astrolabe"],"picked":"Busted Crown"}],"items_purged_floors":[39],"is_endless":false,"potions_floor_spawned":[4,15,16,19,20,23,31,32,36,37],"killed_by":"Reptomancer","ascension_level":0}}