{"host":"k85tjwrh7mjrrc9a","time":1612456150,"event":{"mods":["AchievementEnabler","BaseMod","Colored Powertips","Highlight Path","Minty Spire (QoL Compilation)","Rare Cards Sparkle","StSLib"],"gold_per_floor":[111,56,56,69,79,79,96,126,126,126,141,176,196,196,196,196,196],"floor_reached":16,"language":"ENG","playtime":755,"items_purged":[],"score":213,"play_id":"39966c53-4599-42d4-b112-889bc2b77b3b","local_time":"20210204112910","is_ascension_mode":true,"campfire_choices":[{"data":"Armaments","floor":6,"key":"SMITH"},{"floor":10,"key":"REST"},{"data":"Bash","floor":15,"key":"SMITH"}],"circlet_count":0,"master_deck":["AscendersBane","Strike_R","Strike_R","Strike_R","Strike_R","Strike_R","Defend_R","Defend_R","Defend_R","Defend_R","Bash+1","Iron Wave","Armaments+1","Clothesline","Iron Wave","Shrug It Off","Iron Wave","Headbutt","Heavy Blade"],"relics":["Burning Blood","Strawberry","Pen Nib","Pantograph","Eternal Feather"],"acts_visited":["Exordium"],"potions_floor_usage":[16],"damage_taken":[{"damage":10,"enemies":"Small Slimes","floor":1,"turns":4},{"damage":4,"enemies":"Jaw Worm","floor":4,"turns":5},{"damage":2,"enemies":"2 Louse","floor":5,"turns":3},{"damage":11,"enemies":"Blue Slaver","floor":7,"turns":5},{"damage":51,"enemies":"Lagavulin","floor":8,"turns":10},{"damage":6,"enemies":"Looter","floor":11,"turns":4},{"damage":29,"enemies":"3 Sentries","floor":12,"turns":9},{"damage":8,"enemies":"3 Louse","floor":13,"turns":3},{"damage":73,"enemies":"Slime Boss","floor":16,"turns":10}],"seed_played":"1581462733581228793","potions_obtained":[{"floor":8,"key":"ElixirPotion"},{"floor":11,"key":"Weak Potion"},{"floor":13,"key":"GamblersBrew"}],"is_trial":false,"path_per_floor":["M","$","?","M","M","R","M","E","T","R","M","E","M","T","R","B"],"character_chosen":"IRONCLAD","items_purchased":["Armaments"],"campfire_rested":1,"item_purchase_floors":[2],"current_hp_per_floor":[71,71,71,73,77,77,72,34,34,60,60,37,35,35,44,0,0],"gold":196,"neow_bonus":"TEN_PERCENT_HP_BONUS","is_daily":false,"chose_seed":false,"campfire_upgraded":2,"win_rate":0.0,"timestamp":1612456150,"path_taken":["M","$","?","M","M","R","M","E","T","R","M","E","M","?","R","BOSS"],"items_purchased_type":["Card"],"build_version":"2020-12-22","purchased_purges":0,"victory":false,"max_hp_per_floor":[82,82,82,82,82,82,82,89,89,89,89,89,89,89,89,89,89],"card_choices":[{"not_picked":["Clothesline","Havoc"],"picked":"Iron Wave","floor":1},{"not_picked":["Sword Boomerang","Havoc"],"picked":"Clothesline","floor":4},{"not_picked":["Reckless Charge","Metallicize"],"picked":"Iron Wave","floor":5},{"not_picked":["Thunderclap","Heavy Blade"],"picked":"Shrug It Off","floor":7},{"not_picked":["Combust","Fiend Fire"],"picked":"Iron Wave","floor":8},{"not_picked":["Clothesline","Warcry"],"picked":"Headbutt","floor":11},{"not_picked":["Combust","Corruption"],"picked":"Heavy Blade","floor":12},{"not_picked":["Clothesline","Second Wind","Iron Wave"],"picked":"SKIP","floor":13}],"player_experience":251462,"relics_obtained":[{"floor":8,"key":"Strawberry"},{"floor":9,"key":"Pen Nib"},{"floor":12,"key":"Pantograph"},{"floor":14,"key":"Eternal Feather"}],"event_choices":[{"damage_healed":0,"gold_gain":0,"player_choice":"Ignored","damage_taken":0,"max_hp_gain":0,"max_hp_loss":0,"event_name":"Liars Game","floor":3,"gold_loss":0}],"is_beta":false,"boss_relics":[],"items_purged_floors":[],"is_endless":false,"potions_floor_spawned":[8,11,13],"killed_by":"Slime Boss","ascension_level":18}}