{"host":"neeznpvpgo0qgfkd","time":1612452798,"event":{"mods":["AchievementEnabler","BaseMod","BetterRewards","Colored Map","Colored Powertips","Exacting","Minty Spire (QoL Compilation)","Permanent Neow","Quick Restart","Shop Mod"],"gold_per_floor":[127,127,141,141,216,216,246,76,124,124,152,162,162,194,194,292,292,302,302,302,302,336,370,370,398,398,398,111,125,151,126,126,225,225,240,272,272,272,53,86,86,112,112,142,173,189,209,239,239,239,239,239,14,39,39],"floor_reached":56,"language":"ENG","playtime":3265,"items_purged":["Regret"],"score":1814,"play_id":"5b6e4911-147e-4b77-8b03-ba338d120c1d","local_time":"20210204103318","is_ascension_mode":true,"campfire_choices":[{"floor":6.0,"key":"RECALL"},{"floor":13.0,"key":"REST"},{"floor":15.0,"key":"REST"},{"data":"Adrenaline","floor":24.0,"key":"SMITH"},{"data":"Adrenaline","floor":27.0,"key":"SMITH"},{"data":"Accuracy","floor":32.0,"key":"SMITH"},{"floor":49,"key":"REST"},{"data":"Adrenaline","floor":52,"key":"SMITH"}],"circlet_count":0,"master_deck":["Strike_G","Strike_G","Strike_G","Strike_G","Strike_G","Defend_G","Defend_G","Defend_G","Defend_G","Survivor","Neutralize","Dagger Spray","Blade Dance","Accuracy+1","Panacea","Adrenaline+1","Bane","Dagger Spray","Terror","Noxious Fumes","Adrenaline+1","Blade Dance+1","Dash","Riddle With Holes+1","Accuracy","Heel Hook","Noxious Fumes+1","Adrenaline+1","Cloak And Dagger+1","Madness","Madness","Footwork","Infinite Blades+1","Accuracy","Outmaneuver+1"],"relics":["Ring of the Serpent","Ninja Scroll","TungstenRod","Boot","Tiny Chest","Dream Catcher","Tough Bandages","Singing Bowl","InkBottle","Akabeko","Question Card","Bag of Marbles","Red Mask","Shuriken","Ancient Tea Set","Gremlin Horn","Vajra","MealTicket","MerchantsRug","Mercury Hourglass","Omamori","Sundial","Incense Burner","Du-Vu Doll","StrikeDummy","Paper Crane"],"acts_visited":["Exordium","TheCity","TheBeyond","TheEnding"],"potions_floor_usage":[48,54,55],"damage_taken":[{"damage":0.0,"enemies":"Jaw Worm","floor":1.0,"turns":3.0},{"damage":0.0,"enemies":"2 Louse","floor":3.0,"turns":1.0},{"damage":30.0,"enemies":"Gremlin Nob","floor":7.0,"turns":5.0},{"damage":7.0,"enemies":"3 Sentries","floor":11.0,"turns":8.0},{"damage":0.0,"enemies":"Small Slimes","floor":12.0,"turns":2.0},{"damage":1.0,"enemies":"Gremlin Nob","floor":14.0,"turns":3.0},{"damage":39.0,"enemies":"The Guardian","floor":16.0,"turns":8.0},{"damage":6.0,"enemies":"Spheric Guardian","floor":18.0,"turns":3.0},{"damage":3.0,"enemies":"Masked Bandits","floor":22.0,"turns":2.0},{"damage":0.0,"enemies":"Gremlin Leader","floor":23.0,"turns":3.0},{"damage":7.0,"enemies":"Slavers","floor":25.0,"turns":3.0},{"damage":0.0,"enemies":"2 Thieves","floor":29.0,"turns":1.0},{"damage":0.0,"enemies":"Book of Stabbing","floor":30.0,"turns":1.0},{"damage":19.0,"enemies":"Automaton","floor":33.0,"turns":6.0},{"damage":0.0,"enemies":"Orb Walker","floor":35.0,"turns":1.0},{"damage":3.0,"enemies":"3 Darklings","floor":36.0,"turns":2.0},{"damage":0.0,"enemies":"Reptomancer","floor":40.0,"turns":3.0},{"damage":24.0,"enemies":"4 Shapes","floor":42.0,"turns":3.0},{"damage":23.0,"enemies":"Writhing Mass","floor":44.0,"turns":4.0},{"damage":0.0,"enemies":"Giant Head","floor":45.0,"turns":4.0},{"damage":0,"enemies":"3 Darklings","floor":46,"turns":1},{"damage":22,"enemies":"4 Shapes","floor":47,"turns":3},{"damage":12,"enemies":"Nemesis","floor":48,"turns":3},{"damage":77,"enemies":"Awakened One","floor":50,"turns":6},{"damage":24,"enemies":"Shield and Spear","floor":54,"turns":3},{"damage":37,"enemies":"The Heart","floor":55,"turns":7}],"seed_played":"-3669458742117393323","potions_obtained":[{"floor":1.0,"key":"BlessingOfTheForge"},{"floor":16.0,"key":"Block Potion"},{"floor":25.0,"key":"Energy Potion"},{"floor":29.0,"key":"FairyPotion"},{"floor":36.0,"key":"EssenceOfSteel"},{"floor":44.0,"key":"SneckoOil"},{"floor":45.0,"key":"Poison Potion"}],"is_trial":false,"path_per_floor":["M","?","M","?","?","R","E","$","T","T","E","M","R","E","R","B",null,"M","?","?","T","?","E","R","E","T","R","$","M","E","$","R","B",null,"M","M","?","T","$","E","?","M","T","M","E","M","M","E","R","B",null,"R","$","E","B",null],"character_chosen":"THE_SILENT","items_purchased":["Ninja Scroll","Boot","Tiny Chest","Accuracy","Panacea","Vajra","Accuracy","MerchantsRug","Omamori","Footwork","Accuracy","BlessingOfTheForge","GhostInAJar"],"campfire_rested":3,"item_purchase_floors":[0,0,0,8,8,28,28,31,39,39,53,53,53],"current_hp_per_floor":[63,63,70,70,60,60,30,30,30,30,23,23,46,47,69,32,65,61,61,61,61,69,69,69,62,62,62,62,62,62,77,77,58,73,75,72,63,63,78,80,80,56,56,35,37,39,19,9,38,6,72,72,87,63,26],"gold":39,"neow_bonus":"","is_daily":false,"chose_seed":false,"campfire_upgraded":4,"win_rate":0.0,"timestamp":1612452798,"path_taken":["M","?","M","?","?","R","E","$","T","?","E","?","R","E","R","BOSS","M","?","?","?","?","E","R","E","T","R","?","M","E","$","R","BOSS","M","M","?","?","$","E","?","M","T","M","E","M","M","E","R","BOSS","R","$","E","BOSS"],"items_purchased_type":["Relic","Relic","Relic","Card","Card","Relic","Card","Relic","Relic","Card","Card","Potion","Potion"],"build_version":"2020-12-22","purchased_purges":1,"victory":true,"max_hp_per_floor":[70,70,70,70,70,70,70,70,70,70,70,70,72,74,74,76,76,78,78,78,78,78,78,78,78,78,78,78,78,78,78,78,78,78,80,80,80,80,80,82,82,82,82,84,86,88,90,92,94,94,94,94,94,94,94],"card_choices":[{"not_picked":["Leg Sweep","Underhanded Strike","Bane"],"picked":"SKIP","floor":1.0},{"not_picked":["Blade Dance","Sucker Punch"],"picked":"Dagger Spray","floor":3.0},{"not_picked":["Tactician","Dagger Throw"],"picked":"Blade Dance","floor":7.0},{"not_picked":["Distraction","Concentrate"],"picked":"Adrenaline","floor":11.0},{"not_picked":["All Out Attack","Flechettes"],"picked":"Bane","floor":11.0},{"not_picked":["Poisoned Stab","All Out Attack"],"picked":"Dagger Spray","floor":12.0},{"not_picked":["Poisoned Stab","Sucker Punch"],"picked":"Terror","floor":12.0},{"not_picked":["Catalyst","Backflip","Flying Knee"],"picked":"Singing Bowl","floor":13.0},{"not_picked":["Calculated Gamble","Wraith Form v2","Quick Slash"],"picked":"Singing Bowl","floor":14.0},{"not_picked":["Infinite Blades","Bane"],"picked":"Noxious Fumes","floor":15.0},{"not_picked":["Doppelganger","Corpse Explosion","Malaise"],"picked":"Singing Bowl","floor":16.0},{"not_picked":["Predator","PiercingWail","Skewer"],"picked":"Singing Bowl","floor":18.0},{"not_picked":["Dodge and Roll","Leg Sweep","Bane"],"picked":"Blade Dance+1","floor":22.0},{"not_picked":["Prepared","Heel Hook+1","Footwork+1"],"picked":"Dash","floor":23.0},{"not_picked":["Dagger Throw","Setup+1","Caltrops"],"picked":"Riddle With Holes+1","floor":25.0},{"not_picked":["Well Laid Plans","Concentrate","Dagger Throw"],"picked":"Heel Hook","floor":29.0},{"not_picked":["Escape Plan","Caltrops","Masterful Stab"],"picked":"Noxious Fumes+1","floor":30.0},{"not_picked":["Unload","Malaise","Bullet Time"],"picked":"Adrenaline","floor":33.0},{"not_picked":["Poisoned Stab","Dodge and Roll","Outmaneuver+1","Underhanded Strike"],"picked":"Singing Bowl","floor":35.0},{"not_picked":["Bouncing Flask+1","Dagger Spray+1","Prepared+1"],"picked":"Cloak And Dagger+1","floor":36.0},{"not_picked":["Outmaneuver+1","Underhanded Strike+1","Eviscerate","Burst"],"picked":"Singing Bowl","floor":40.0},{"not_picked":["Masterful Stab+1","Slice+1","Blade Dance+1"],"picked":"Infinite Blades+1","floor":42.0},{"not_picked":["Acrobatics","PiercingWail","Dash","Prepared+1"],"picked":"Singing Bowl","floor":44.0},{"not_picked":["Distraction+1","Caltrops+1","Escape Plan+1","Deflect+1"],"picked":"Singing Bowl","floor":45.0},{"not_picked":["Reflex","Dagger Spray+1","Sucker Punch+1","Bane+1"],"picked":"Singing Bowl","floor":46},{"not_picked":["Caltrops","Cloak And Dagger+1","Underhanded Strike","Dash"],"picked":"Singing Bowl","floor":47},{"not_picked":["PiercingWail","Dash+1","Outmaneuver+1","Storm of Steel"],"picked":"Singing Bowl","floor":48},{"not_picked":["Deflect+1","PiercingWail","Dagger Spray","Dagger Throw"],"picked":"Singing Bowl","floor":49},{"not_picked":["Poisoned Stab+1","Leg Sweep+1","Quick Slash+1"],"picked":"Outmaneuver+1","floor":54}],"player_experience":1307211,"relics_obtained":[{"floor":7.0,"key":"Tough Bandages"},{"floor":10.0,"key":"Singing Bowl"},{"floor":11.0,"key":"InkBottle"},{"floor":14.0,"key":"Akabeko"},{"floor":21.0,"key":"Bag of Marbles"},{"floor":22.0,"key":"Red Mask"},{"floor":23.0,"key":"Shuriken"},{"floor":25.0,"key":"Ancient Tea Set"},{"floor":26.0,"key":"Gremlin Horn"},{"floor":30.0,"key":"MealTicket"},{"floor":38.0,"key":"Mercury Hourglass"},{"floor":40.0,"key":"Sundial"},{"floor":43.0,"key":"Incense Burner"},{"floor":45.0,"key":"Du-Vu Doll"},{"floor":48,"key":"StrikeDummy"},{"floor":54,"key":"Paper Crane"}],"event_choices":[{"damage_healed":0.0,"max_hp_gain":0.0,"max_hp_loss":0.0,"gold_gain":0.0,"event_name":"Big Fish","player_choice":"Box","floor":2.0,"gold_loss":0.0,"damage_taken":0.0,"relics_obtained":["Dream Catcher"],"cards_obtained":["Regret"]},{"damage_healed":0.0,"max_hp_gain":0.0,"max_hp_loss":0.0,"gold_gain":0.0,"event_name":"Golden Wing","player_choice":"Ignored","floor":4.0,"gold_loss":0.0,"damage_taken":0.0},{"damage_healed":0.0,"max_hp_gain":0.0,"max_hp_loss":0.0,"gold_gain":75.0,"event_name":"World of Goop","player_choice":"Gather Gold","floor":5.0,"gold_loss":0.0,"damage_taken":11.0},{"damage_healed":0.0,"max_hp_gain":0.0,"max_hp_loss":0.0,"gold_gain":0.0,"event_name":"The Mausoleum","player_choice":"Opened","floor":19.0,"gold_loss":0.0,"damage_taken":0.0,"relics_obtained":["Question Card"]},{"damage_healed":0.0,"max_hp_gain":0.0,"max_hp_loss":0.0,"gold_gain":0.0,"event_name":"Duplicator","player_choice":"Copied","floor":20.0,"gold_loss":0.0,"damage_taken":0.0,"cards_obtained":["Adrenaline"]},{"damage_healed":0.0,"max_hp_gain":0.0,"max_hp_loss":0.0,"gold_gain":0.0,"event_name":"Masked Bandits","player_choice":"Fought Bandits","floor":22.0,"gold_loss":0.0,"damage_taken":0.0},{"damage_healed":0.0,"max_hp_gain":0.0,"max_hp_loss":0.0,"gold_gain":0.0,"event_name":"Winding Halls","player_choice":"Embrace Madness","floor":37.0,"gold_loss":0.0,"damage_taken":10.0,"cards_obtained":["Madness","Madness"]},{"cards_removed":["Defend_G"],"damage_healed":0.0,"max_hp_gain":0.0,"max_hp_loss":0.0,"gold_gain":0.0,"event_name":"Falling","player_choice":"Removed Skill","floor":41.0,"gold_loss":0.0,"damage_taken":0.0}],"is_beta":false,"boss_relics":[{"not_picked":["Velvet Choker","Pandora\u0027s Box"],"picked":"Runic Dome"},{"not_picked":["Cursed Key","Black Star"],"picked":"Ring of the Serpent"}],"items_purged_floors":[28],"is_endless":false,"potions_floor_spawned":[1,16,25,29,30,36,42,44,45],"ascension_level":6}}