{"host":"clgpak7dimivr1r3","time":1612444785,"event":{"mods":["BaseMod","Colored Map","Colored Powertips","Curses Come First","Minty Spire (QoL Compilation)","Relic Stats","Say the Spire","StSLib"],"gold_per_floor":[111,130,144,69,144,172,172,201,224,224,236,136,148,175,175,252,252,269,282,282,197,231,231,106,137,163,163,163,188,238,252,252,252,252],"floor_reached":33,"language":"ENG","playtime":974,"items_purged":["Strike_R","Injury","Defend_R"],"score":538,"play_id":"d493546d-13f8-4d9e-914b-ec2f35a7c81f","local_time":"20210204161945","is_ascension_mode":true,"campfire_choices":[{"data":"Whirlwind","floor":7,"key":"SMITH"},{"floor":10,"key":"REST"},{"floor":15,"key":"REST"},{"data":"Inflame","floor":23,"key":"SMITH"},{"floor":28,"key":"REST"},{"data":"Flex","floor":32,"key":"SMITH"}],"circlet_count":0,"master_deck":["AscendersBane","Strike_R","Strike_R","Strike_R","Strike_R","Defend_R","Defend_R","Defend_R","Bash","Whirlwind+1","Headbutt","Inflame+1","Shrug It Off","Flex+1","Heavy Blade","Carnage","Immolate","Infernal Blade+1","Cleave+1","Writhe","Bloodletting"],"relics":["Cursed Key","Lantern","Regal Pillow","Juzu Bracelet","Bag of Preparation","Velvet Choker","Letter Opener","Red Mask","Happy Flower","MealTicket","SsserpentHead","Orichalcum","MutagenicStrength"],"acts_visited":["Exordium","TheCity"],"potions_floor_usage":[2,6,8,33],"damage_taken":[{"damage":1,"enemies":"Cultist","floor":1,"turns":3},{"damage":7,"enemies":"Small Slimes","floor":2,"turns":3},{"damage":0,"enemies":"2 Louse","floor":3,"turns":1},{"damage":10,"enemies":"3 Sentries","floor":6,"turns":3},{"damage":28,"enemies":"Lagavulin","floor":8,"turns":6},{"damage":4,"enemies":"2 Fungi Beasts","floor":11,"turns":2},{"damage":0,"enemies":"Blue Slaver","floor":13,"turns":3},{"damage":12,"enemies":"3 Sentries","floor":14,"turns":3},{"damage":57,"enemies":"The Guardian","floor":16,"turns":10},{"damage":9,"enemies":"Shell Parasite","floor":18,"turns":3},{"damage":12,"enemies":"Chosen","floor":19,"turns":2},{"damage":0,"enemies":"Masked Bandits","floor":22,"turns":1},{"damage":20,"enemies":"Book of Stabbing","floor":25,"turns":3},{"damage":0,"enemies":"Slavers","floor":29,"turns":1},{"damage":0,"enemies":"Snake Plant","floor":31,"turns":1},{"damage":92,"enemies":"Automaton","floor":33,"turns":6}],"seed_played":"4896272306896954437","potions_obtained":[{"floor":1,"key":"HeartOfIron"},{"floor":2,"key":"DuplicationPotion"},{"floor":3,"key":"Block Potion"},{"floor":14,"key":"Regen Potion"},{"floor":19,"key":"Energy Potion"}],"is_trial":false,"path_per_floor":["M","M","M","$","?","E","R","E","T","R","M","$","M","E","R","B",null,"M","M","?","?","?","R","$","E","T","?","R","E","?","M","R","B"],"character_chosen":"IRONCLAD","items_purchased":[],"campfire_rested":3,"item_purchase_floors":[],"current_hp_per_floor":[71,64,64,64,53,43,43,15,15,54,50,50,50,38,77,20,65,56,44,35,35,35,35,35,15,15,15,54,54,54,54,54,0,0],"gold":252,"neow_bonus":"BOSS_RELIC","is_daily":false,"chose_seed":false,"campfire_upgraded":3,"win_rate":0.0,"timestamp":1612444785,"path_taken":["M","M","M","?","?","E","R","E","T","R","M","$","M","E","R","BOSS","M","M","?","?","?","R","?","E","T","?","R","E","?","M","R","BOSS"],"items_purchased_type":[],"build_version":"2020-12-22","purchased_purges":3,"victory":false,"max_hp_per_floor":[80,80,80,80,80,80,80,80,80,80,80,80,80,80,80,80,80,80,80,80,80,80,80,80,80,80,80,80,80,80,80,80,80,80],"relic_stats":{"SsserpentHead":50,"Regal Pillow":45,"Happy Flower":[2],"counters":[16,51],"MealTicket":0,"Juzu Bracelet":1,"Bag of Preparation":[16],"Letter Opener":[0],"Orichalcum":[24],"Cursed Key":2,"obtain_stats":[{"Lantern":6,"Regal Pillow":8,"Happy Flower":25,"Velvet Choker":17,"Juzu Bracelet":9,"Bag of Preparation":14,"Letter Opener":21,"Orichalcum":29,"Cursed Key":0,"Burning Blood":0,"SsserpentHead":27,"MutagenicStrength":30,"MealTicket":26,"Red Mask":22},{"Lantern":4,"Regal Pillow":5,"Happy Flower":13,"Velvet Choker":9,"Juzu Bracelet":5,"Bag of Preparation":8,"Letter Opener":11,"Orichalcum":14,"Cursed Key":0,"Burning Blood":0,"SsserpentHead":13,"MutagenicStrength":14,"MealTicket":13,"Red Mask":12},{"Lantern":10,"Regal Pillow":16,"Happy Flower":43,"Velvet Choker":34,"Juzu Bracelet":16,"Bag of Preparation":24,"Letter Opener":39,"Orichalcum":44,"Cursed Key":0,"Burning Blood":0,"SsserpentHead":43,"MutagenicStrength":44,"MealTicket":43,"Red Mask":40}]},"card_choices":[{"not_picked":["Cleave","Sever Soul"],"picked":"Whirlwind","floor":1},{"not_picked":["Second Wind","Dark Embrace","True Grit"],"picked":"SKIP","floor":2},{"not_picked":["Clash","True Grit"],"picked":"Headbutt","floor":3},{"not_picked":["Offering","Perfected Strike"],"picked":"Inflame","floor":6},{"not_picked":["Headbutt","Fire Breathing"],"picked":"Shrug It Off","floor":8},{"not_picked":["Body Slam","Berserk"],"picked":"Flex","floor":11},{"not_picked":["Twin Strike","Burning Pact"],"picked":"Heavy Blade","floor":13},{"not_picked":["Anger","Headbutt"],"picked":"Carnage","floor":14},{"not_picked":["Reaper","Berserk"],"picked":"Immolate","floor":16},{"not_picked":["Dark Embrace","Anger"],"picked":"Infernal Blade+1","floor":18},{"not_picked":["Havoc","Warcry","Headbutt"],"picked":"SKIP","floor":19},{"not_picked":["Armaments","Rampage"],"picked":"Cleave+1","floor":25},{"not_picked":["Heavy Blade","Intimidate"],"picked":"Bloodletting","floor":29},{"not_picked":["Intimidate","Ghostly Armor","Clothesline"],"picked":"SKIP","floor":31}],"player_experience":124364,"relics_obtained":[{"floor":6,"key":"Lantern"},{"floor":8,"key":"Regal Pillow"},{"floor":9,"key":"Juzu Bracelet"},{"floor":14,"key":"Bag of Preparation"},{"floor":22,"key":"Red Mask"},{"floor":25,"key":"Happy Flower"},{"floor":26,"key":"MealTicket"},{"floor":29,"key":"Orichalcum"}],"event_choices":[{"damage_healed":0,"gold_gain":75,"player_choice":"Gather Gold","damage_taken":11,"max_hp_gain":0,"max_hp_loss":0,"event_name":"World of Goop","floor":5,"gold_loss":0},{"damage_healed":0,"gold_gain":0,"player_choice":"Stopped","damage_taken":9,"max_hp_gain":0,"max_hp_loss":0,"event_name":"Cursed Tome","floor":20,"gold_loss":0},{"damage_healed":0,"gold_gain":0,"player_choice":"Obtained Relic","damage_taken":0,"relics_obtained":["Letter Opener"],"max_hp_gain":0,"max_hp_loss":0,"event_name":"Addict","floor":21,"gold_loss":85},{"damage_healed":0,"gold_gain":0,"player_choice":"Fought Bandits","damage_taken":0,"max_hp_gain":0,"max_hp_loss":0,"event_name":"Masked Bandits","floor":22,"gold_loss":0},{"damage_healed":0,"gold_gain":0,"player_choice":"Trade","damage_taken":0,"relics_obtained":["SsserpentHead"],"max_hp_gain":0,"max_hp_loss":0,"event_name":"FaceTrader","floor":27,"gold_loss":0},{"damage_healed":0,"gold_gain":0,"player_choice":"Inject Mutagens","damage_taken":0,"relics_obtained":["MutagenicStrength"],"max_hp_gain":0,"max_hp_loss":0,"event_name":"Drug Dealer","floor":30,"gold_loss":0}],"is_beta":false,"boss_relics":[{"not_picked":["Runic Dome","Runic Cube"],"picked":"Velvet Choker"}],"items_purged_floors":[4,12,24],"is_endless":false,"potions_floor_spawned":[1,2,3,14,19,25,29,31],"killed_by":"Automaton","ascension_level":13}}