{"host":"fzjysjq26ryju8gm","time":1612428558,"event":{"mods":["BaseMod","BetterRewards","CapriCore","Downfall","Koishi","Minty Spire (QoL Compilation)","Replay The Spire","Shop Mod","StSLib","The Immortal","Waifu the Spire","Yakumo Yukari mod","[IsaacMod]以撒尖塔","篝火指南"],"gold_per_floor":[122,147,173,204,204,257,277,277,277,304,320,345,379,379,379,504,504,570,590,590,622,650,705,705,754,754,774,368,395,395,421,504,658,658,674,448,466,145,145,177,203,235,235,263,263,293,397,429,429,429,429,429,30,61,61],"floor_reached":56,"language":"ZHS","playtime":8537,"items_purged":["MokouMod:Strike","MokouMod:Defend"],"score":2471,"play_id":"f10d86e2-e524-47e5-b20e-cfcde9120906","local_time":"20210204164918","is_ascension_mode":true,"campfire_choices":[{"floor":8.0,"key":"REST"},{"data":"ReplayTheSpireMod:Brewmster","floor":15.0,"key":"SMITH"},{"floor":24.0,"key":"RECALL"},{"data":"MokouMod:RisingSunBarrier","floor":49,"key":"SMITH"}],"circlet_count":0,"master_deck":["MokouMod:Strike+1","MokouMod:Strike+1","MokouMod:Strike+1","MokouMod:Strike","MokouMod:Defend","MokouMod:Defend","MokouMod:Defend","MokouMod:HeatSpark+1","MokouMod:ResonatingAura+1","ReplayTheSpireMod:Brewmster+1","Master of Strategy","Violence","MokouMod:Wildfire","MokouMod:Refresh","MokouMod:IllusoryBattlefield","MokouMod:Refresh","MokouMod:RadiantBlade","MokouMod:SearingBlow+6","MokouMod:HouraiForge","MokouMod:HouraiForge","AbeCurse","MokouMod:DanceofFlames+1","MokouMod:Burn","MokouMod:Meltdown","MokouMod:Geothermal","MokouMod:ImperishableFlame","MokouMod:Rebirth","MokouMod:HeatCyclone+1","ReplayTheSpireMod:Brewmster+1","ReplayUltimateDefense+1","Delirium","MokouMod:ResonatingAura","MokouMod:SubterraneanCore+1","MokouMod:ScorchedEarth","MokouMod:RisingSunBarrier+1","Pot Of Greed","Pot Of Greed","Pot Of Greed","Parasite","Pot Of Greed"],"relics":["MokouMod:PhoenixFeather","HushsDoor","SalivaCoin","ReplayTheSpireMod:ShopPack","Pet Ghost","Guide Book","Bronze Scales","ReplayTheSpireMod:TigerMarble","Leech","Dream Catcher","Gremlin Food","Mercury Hourglass","Happy Flower","Odd Mushroom","Bag of Marbles","TuHaoJin","Abe\u0027s Treasure","Red Mask","Slimebound:PreparedRelic","Shuriken","Potion Belt","Blue Doll","Quantum Egg","SacredBark","SteamSale","Strawberry","Whetstone","DollysMirror","Bag of Preparation","ReplayTheSpireMod:Ring of Addiction","White Beast Statue","Toy Ornithopter","Ring of Peace","Snack Pack","GuppysTail","BookOfRevelations","Ancient Tea Set","Replay:Baseball","ReplayFunnel","Strange Spoon","Nunchaku","MerchantsRug","Grinning Jar"],"acts_visited":["Exordium","TheCity","TheBeyond","TheEnding"],"potions_floor_usage":[50,50,50,50,50,50,50,50,50,50,54,54,54,54,54,55,55,55,55,55,55,55,55,55,55,55,55,55,55,55,55,55,55,55,55,55,55,55,55,55,55,55,55,55,55,55,55,55,55,55,55,55,55,55,55,55,55,55,55,55,55,55,55],"damage_taken":[{"damage":2.0,"enemies":"Jaw Worm","floor":1.0,"turns":2.0},{"damage":1.0,"enemies":"Cultist","floor":2.0,"turns":3.0},{"damage":5.0,"enemies":"Small Slimes","floor":3.0,"turns":3.0},{"damage":11.0,"enemies":"Blue Slaver","floor":4.0,"turns":3.0},{"damage":14.0,"enemies":"3 Sentries","floor":6.0,"turns":5.0},{"damage":5.0,"enemies":"Lots of Slimes","floor":7.0,"turns":2.0},{"damage":0.0,"enemies":"Gremlin Nob","floor":10.0,"turns":2.0},{"damage":0.0,"enemies":"Large Slime","floor":11.0,"turns":3.0},{"damage":0.0,"enemies":"The Mushroom Lair","floor":12.0,"turns":2.0},{"damage":13.0,"enemies":"Lagavulin","floor":13.0,"turns":3.0},{"damage":10.0,"enemies":"Hexaghost","floor":16.0,"turns":5.0},{"damage":3.0,"enemies":"3 Byrds","floor":18.0,"turns":3.0},{"damage":0.0,"enemies":"2 Thieves","floor":19.0,"turns":2.0},{"damage":6.0,"enemies":"Masked Bandits","floor":21.0,"turns":3.0},{"damage":14.0,"enemies":"Snecko","floor":22.0,"turns":5.0},{"damage":12.0,"enemies":"Replay:Snechameleon","floor":23.0,"turns":4.0},{"damage":2.0,"enemies":"Slavers","floor":25.0,"turns":3.0},{"damage":10.0,"enemies":"Sentry and Sphere","floor":27.0,"turns":3.0},{"damage":1.0,"enemies":"3 Cultists","floor":29.0,"turns":3.0},{"damage":8.0,"enemies":"Cultist and Chosen","floor":31.0,"turns":2.0},{"damage":17.0,"enemies":"Pondfish","floor":33.0,"turns":7.0},{"damage":0.0,"enemies":"3 Shapes","floor":35.0,"turns":2.0},{"damage":0.0,"enemies":"Orb Walker","floor":37.0,"turns":2.0},{"damage":0.0,"enemies":"Giant Head","floor":40.0,"turns":7.0},{"damage":8.0,"enemies":"4 Shapes","floor":41.0,"turns":4.0},{"damage":0.0,"enemies":"Reptomancer","floor":42.0,"turns":6.0},{"damage":0.0,"enemies":"R_Hoarder","floor":44.0,"turns":6.0},{"damage":0.0,"enemies":"Nemesis","floor":46.0,"turns":7.0},{"damage":0.0,"enemies":"R_Hoarder","floor":48.0,"turns":5.0},{"damage":0,"enemies":"Donu and Deca","floor":50,"turns":8},{"damage":0,"enemies":"Shield and Spear","floor":54,"turns":5},{"damage":0,"enemies":"Delirium","floor":55,"turns":26}],"seed_played":"-1879122178903027402","potions_obtained":[{"floor":2.0,"key":"Death Potion"},{"floor":3.0,"key":"AttackPotion"},{"floor":13.0,"key":"PowerPotion"},{"floor":16.0,"key":"Guardian:BlockOnCardUsePotion"},{"floor":18.0,"key":"BlessingOfTheForge"},{"floor":21.0,"key":"DuplicationPotion"},{"floor":27.0,"key":"GamblersBrew"},{"floor":35.0,"key":"bronze:BurnAndBuffPotion"},{"floor":39.0,"key":"Block Potion"},{"floor":39.0,"key":"AttackPotion"},{"floor":40.0,"key":"Strength Potion"},{"floor":41.0,"key":"Weak Potion"},{"floor":42.0,"key":"Swift Potion"},{"floor":44.0,"key":"Elixir"},{"floor":48.0,"key":"SkillPotion"},{"floor":54,"key":"PowerPotion"}],"is_trial":false,"path_per_floor":["M","M","M","M","?","E","M","R","T","E","M","?","E","T","R","B",null,"M","M","?","?","M","E","R","E","T","M","$","M","?","M","R","B",null,"M","$","M","$","?","E","M","E","T","E","?","E","?","E","R","B",null,"R","$","E","B",null],"character_chosen":"MKU","items_purchased":["ReplayTheSpireMod:ShopPack","Pet Ghost","MealTicket","Guide Book","Bronze Scales","ReplayTheSpireMod:TigerMarble","Leech","MokouMod:ResonatingAura","Blue Doll","Quantum Egg","SteamSale","Strawberry","Whetstone","DollysMirror","Bag of Preparation","ReplayUltimateDefense+1","ReplayFunnel","Strange Spoon","Slimebound:ThreeZeroPotion","Nunchaku","MerchantsRug"],"campfire_rested":1,"item_purchase_floors":[0,0,0,0,0,0,0,0,28,28,36,36,38,38,38,38,53,53,53,53,53],"current_hp_per_floor":[29,31,29,21,21,11,7,29,29,30,33,34,24,24,24,18,75,72,73,73,69,59,50,50,51,51,43,43,44,44,37,37,26,75,75,82,82,82,82,82,82,82,82,82,78,78,47,75,75,78,78,78,78,76,76],"gold":61,"neow_bonus":"","is_daily":false,"chose_seed":false,"campfire_upgraded":2,"win_rate":0.0,"timestamp":1612428558,"path_taken":["M","M","M","M","?","E","M","R","T","E","M","?","E","?","R","BOSS","M","?","?","?","?","E","R","E","T","M","$","M","?","M","R","BOSS","M","$","M","$","?","E","?","E","T","E","?","E","?","E","R","BOSS","R","$","E","BOSS"],"items_purchased_type":["Relic","Relic","Relic","Relic","Relic","Relic","Relic","Card","Relic","Relic","Relic","Relic","Relic","Relic","Relic","Card","Relic","Relic","Potion","Relic","Relic"],"build_version":"2020-12-22","purchased_purges":2,"victory":true,"max_hp_per_floor":[75,75,75,75,75,75,75,75,75,75,75,75,75,75,75,75,75,75,75,75,75,75,75,75,75,75,75,75,75,75,75,75,75,75,75,82,82,82,82,82,82,82,82,82,78,78,78,78,78,78,78,78,78,76,76],"card_choices":[{"not_picked":["Thinking Ahead","Master of Strategy"],"picked":"ReplayTheSpireMod:Brewmster","floor":0.0},{"not_picked":["Finesse","Madness"],"picked":"Master of Strategy","floor":0.0},{"not_picked":["Thinking Ahead","Replay:Sssssssssstrike"],"picked":"Violence","floor":0.0},{"not_picked":["MokouMod:ThermalPressure","MokouMod:IndiscriminateIgnition","MokouMod:ShiftIgnition"],"picked":"SKIP","floor":1.0},{"not_picked":["MokouMod:TemporalFireSeal","MokouMod:ScorchingColumn"],"picked":"MokouMod:Wildfire","floor":2.0},{"not_picked":["MokouMod:IndiscriminateIgnition","MokouMod:AdaptivePyromancy"],"picked":"MokouMod:Refresh","floor":3.0},{"not_picked":["MokouMod:Overheat","MokouMod:SearingShot"],"picked":"MokouMod:IllusoryBattlefield","floor":4.0},{"not_picked":["MokouMod:Meltdown","MokouMod:Firecracker"],"picked":"MokouMod:Refresh","floor":6.0},{"not_picked":["MokouMod:SearingShot","MokouMod:CrimsonArmoury"],"picked":"MokouMod:RadiantBlade","floor":7.0},{"not_picked":["MokouMod:BurningDraft","MokouMod:Ember"],"picked":"MokouMod:SearingBlow","floor":10.0},{"not_picked":["MokouMod:IgneousBlow","MokouMod:AdaptivePyromancy","MokouMod:UncontrollableSolarReaction"],"picked":"SKIP","floor":11.0},{"not_picked":["MokouMod:InfernalWave","MokouMod:Ember"],"picked":"MokouMod:HouraiForge","floor":13.0},{"not_picked":["MokouMod:ProfanedFlare","MokouMod:SpontaneousHumanCombustion"],"picked":"MokouMod:HouraiForge","floor":16.0},{"not_picked":["MokouMod:ScorchingColumn","MokouMod:Singe","MokouMod:EternalBurstReactor"],"picked":"SKIP","floor":18.0},{"not_picked":["MokouMod:FusionFlare","MokouMod:EternalBurstReactor+1","MokouMod:RoaringFlare+1"],"picked":"SKIP","floor":19.0},{"not_picked":["MokouMod:HeatFactory","MokouMod:InfernalWave+1"],"picked":"MokouMod:DanceofFlames+1","floor":21.0},{"not_picked":["MokouMod:TemporalFireSeal","MokouMod:CrimsonArmoury"],"picked":"MokouMod:Burn","floor":22.0},{"not_picked":["MokouMod:FlareStarter+1","MokouMod:ScorchingColumn"],"picked":"MokouMod:Meltdown","floor":23.0},{"not_picked":["MokouMod:CrimsonArmoury","MokouMod:ShiftIgnition"],"picked":"MokouMod:Geothermal","floor":25.0},{"not_picked":["MokouMod:HeatTransfer","MokouMod:Sear"],"picked":"MokouMod:ImperishableFlame","floor":27.0},{"not_picked":["MokouMod:UncontrollableSolarReaction","MokouMod:IndiscriminateIgnition","MokouMod:AdaptivePyromancy"],"picked":"SKIP","floor":29.0},{"not_picked":["MokouMod:TemporalFireSeal","MokouMod:Combust","MokouMod:Firecracker"],"picked":"SKIP","floor":31.0},{"not_picked":["MokouMod:SacredFire","MokouMod:SpontaneousHumanCombustion"],"picked":"MokouMod:Rebirth","floor":33.0},{"not_picked":["MokouMod:EternalBurstReactor+1","MokouMod:FlickeringFlame+1","MokouMod:InfernalWave+1"],"picked":"SKIP","floor":35.0},{"not_picked":["MokouMod:HeatFactory+1","MokouMod:InfernalWave+1"],"picked":"MokouMod:HeatCyclone+1","floor":37.0},{"not_picked":["MokouMod:Afterburner+1","MokouMod:EternalBurstReactor"],"picked":"MokouMod:ResonatingAura","floor":40.0},{"not_picked":["MokouMod:Firecracker+1","MokouMod:CrimsonArmoury+1","MokouMod:SearingShot"],"picked":"SKIP","floor":41.0},{"not_picked":["MokouMod:FlamingFireTalons+1","MokouMod:ShiftIgnition+1"],"picked":"MokouMod:SubterraneanCore+1","floor":42.0},{"not_picked":["MokouMod:HeatFactory","MokouMod:PhoenixFeathers","MokouMod:ResoluteFlare"],"picked":"SKIP","floor":44.0},{"not_picked":["MokouMod:CrimsonFlare+1","MokouMod:EternalBurstReactor"],"picked":"MokouMod:ScorchedEarth","floor":46.0},{"not_picked":["MokouMod:FlareStarter","MokouMod:IndiscriminateIgnition"],"picked":"MokouMod:RisingSunBarrier","floor":47.0},{"not_picked":["MokouMod:ThermalPressure","MokouMod:EnchantingBambooForest","MokouMod:ScorchingColumn+1"],"picked":"SKIP","floor":48.0},{"not_picked":["MokouMod:ScorchingColumn","MokouMod:RoaringFlare","MokouMod:IgneousBlow"],"picked":"SKIP","floor":54}],"player_experience":771437,"relics_obtained":[{"floor":5.0,"key":"Dream Catcher"},{"floor":6.0,"key":"Gremlin Food"},{"floor":9.0,"key":"Mercury Hourglass"},{"floor":10.0,"key":"Happy Flower"},{"floor":12.0,"key":"Odd Mushroom"},{"floor":13.0,"key":"Bag of Marbles"},{"floor":14.0,"key":"TuHaoJin"},{"floor":21.0,"key":"Red Mask"},{"floor":23.0,"key":"Slimebound:PreparedRelic"},{"floor":25.0,"key":"Shuriken"},{"floor":26.0,"key":"Potion Belt"},{"floor":39.0,"key":"ReplayTheSpireMod:Ring of Addiction"},{"floor":39.0,"key":"White Beast Statue"},{"floor":39.0,"key":"Toy Ornithopter"},{"floor":39.0,"key":"Ring of Peace"},{"floor":40.0,"key":"Snack Pack"},{"floor":42.0,"key":"GuppysTail"},{"floor":44.0,"key":"BookOfRevelations"},{"floor":46.0,"key":"Ancient Tea Set"},{"floor":48.0,"key":"Replay:Baseball"},{"floor":54,"key":"Grinning Jar"}],"event_choices":[{"damage_healed":0.0,"max_hp_gain":0.0,"max_hp_loss":0.0,"gold_gain":0.0,"event_name":"Wheel of Change","player_choice":"Relic","floor":5.0,"gold_loss":0.0,"damage_taken":0.0},{"damage_healed":0.0,"max_hp_gain":0.0,"max_hp_loss":0.0,"gold_gain":0.0,"event_name":"Mushrooms","player_choice":"Fought Mushrooms","floor":12.0,"gold_loss":0.0,"damage_taken":0.0},{"damage_healed":0.0,"max_hp_gain":0.0,"max_hp_loss":0.0,"gold_gain":0.0,"event_name":"Vampires","player_choice":"Ignored","floor":20.0,"gold_loss":0.0,"damage_taken":0.0},{"damage_healed":0.0,"max_hp_gain":0.0,"max_hp_loss":0.0,"gold_gain":0.0,"event_name":"Masked Bandits","player_choice":"Fought Bandits","floor":21.0,"gold_loss":0.0,"damage_taken":0.0},{"damage_healed":0.0,"max_hp_gain":0.0,"max_hp_loss":0.0,"gold_gain":0.0,"event_name":"Ghosts","player_choice":"Ignored","floor":30.0,"gold_loss":0.0,"damage_taken":0.0},{"damage_healed":0.0,"max_hp_gain":0.0,"max_hp_loss":4.0,"gold_gain":0.0,"event_name":"Winding Halls","player_choice":"Max HP","floor":45.0,"gold_loss":0.0,"damage_taken":0.0}],"is_beta":false,"boss_relics":[{"not_picked":["Ring of Chaos","ChampionBelt"],"picked":"Abe\u0027s Treasure"},{"not_picked":[]},{"not_picked":["Astrolabe","Snecko Heart"],"picked":"SacredBark"},{"not_picked":[]}],"items_purged_floors":[38,53],"is_endless":false,"potions_floor_spawned":[2,3,6,12,13,16,18,21,22,27,31,33,35,40,41,42,44,46,48,54],"ascension_level":2}}