{"host":"vlqejv0notyktumz","time":1612473712,"event":{"mods":["AchievementEnabler","BaseMod","Colored Map","Colored Powertips","Downfall","Googly Eyes","Minty Spire (QoL Compilation)","StSLib"],"gold_per_floor":[114,124,19,19,94,94,106,106,106,106,86,119,119,132,132,235,235,246,260,270,147,147,147],"floor_reached":22,"language":"ENG","playtime":814,"items_purged":["Strike_P"],"score":261,"play_id":"fd0675ea-a84c-42c9-8959-b5c4df7e211a","local_time":"20210204152152","is_ascension_mode":true,"campfire_choices":[{"data":"Eruption","floor":6,"key":"SMITH"},{"data":"Study","floor":8,"key":"SMITH"},{"data":"Halt","floor":13,"key":"SMITH"},{"data":"Wallop","floor":15,"key":"SMITH"}],"circlet_count":0,"master_deck":["Strike_P","Strike_P","Strike_P","Defend_P","Defend_P","Defend_P","Defend_P","Eruption+1","Vigilance","Scrawl+1","Crescendo","InnerPeace","Wallop+1","ClearTheMind","Study+1","Halt+1","EmptyFist","Devotion","Swivel","Perseverance+1","PathToVictory","EmptyBody"],"relics":["PureWater","Shuriken","Blue Candle","Potion Belt","Sozu"],"acts_visited":["Exordium","TheCity"],"potions_floor_usage":[12,12,18],"damage_taken":[{"damage":0,"enemies":"Small Slimes","floor":1,"turns":3},{"damage":0,"enemies":"2 Louse","floor":2,"turns":2},{"damage":0,"enemies":"Cultist","floor":7,"turns":2},{"damage":0,"enemies":"Lagavulin","floor":12,"turns":5},{"damage":7,"enemies":"Looter","floor":14,"turns":3},{"damage":20,"enemies":"The Guardian","floor":16,"turns":14},{"damage":29,"enemies":"3 Byrds","floor":18,"turns":8},{"damage":4,"enemies":"Shell Parasite","floor":19,"turns":4},{"damage":17,"enemies":"Snake Plant","floor":20,"turns":5},{"damage":11,"enemies":"Sentry and Sphere","floor":22,"turns":7}],"seed_played":"1699406913131516705","potions_obtained":[{"floor":7,"key":"champ:CounterPotion"},{"floor":11,"key":"champ:CounterPotion"},{"floor":12,"key":"SteroidPotion"}],"is_trial":false,"path_per_floor":["M","M","$","?","?","R","M","R","T","?","?","E","R","M","R","B",null,"M","M","M","$","M"],"character_chosen":"WATCHER","items_purchased":["Wallop","ClearTheMind","EmptyBody"],"campfire_rested":0,"item_purchase_floors":[3,3,21],"current_hp_per_floor":[72,72,72,72,61,61,61,61,61,56,56,56,56,49,49,29,61,32,28,11,11,0,0],"gold":147,"neow_bonus":"ONE_RANDOM_RARE_CARD","is_daily":false,"chose_seed":false,"campfire_upgraded":4,"win_rate":0.0,"timestamp":1612473712,"path_taken":["M","M","$","?","?","R","M","R","T","?","?","E","R","M","R","BOSS","M","?","M","$","M"],"items_purchased_type":["Card","Card","Card"],"build_version":"2020-12-22","purchased_purges":1,"victory":false,"max_hp_per_floor":[72,72,72,72,72,72,72,72,72,72,72,72,72,72,72,72,72,72,72,72,72,72,72],"card_choices":[{"not_picked":["WreathOfFlame","Evaluate"],"picked":"Crescendo","floor":1},{"not_picked":["CrushJoints","Fasting2"],"picked":"InnerPeace","floor":2},{"not_picked":["Tantrum","WreathOfFlame"],"picked":"Study","floor":7},{"not_picked":["Conclude","FlyingSleeves"],"picked":"Halt","floor":12},{"not_picked":["ThirdEye","FlyingSleeves"],"picked":"EmptyFist","floor":14},{"not_picked":["Brilliance","Scrawl"],"picked":"Devotion","floor":16},{"not_picked":["BattleHymn","Evaluate"],"picked":"Swivel","floor":18},{"not_picked":["ClearTheMind","Prostrate"],"picked":"Perseverance+1","floor":19},{"not_picked":["Consecrate","Evaluate"],"picked":"PathToVictory","floor":20}],"player_experience":391904,"relics_obtained":[{"floor":9,"key":"Shuriken"},{"floor":12,"key":"Potion Belt"}],"event_choices":[{"damage_healed":0,"gold_gain":0,"player_choice":"Grow","damage_taken":0,"max_hp_gain":0,"max_hp_loss":0,"event_name":"Living Wall","floor":4,"gold_loss":0,"cards_upgraded":["Scrawl"]},{"damage_healed":0,"gold_gain":75,"player_choice":"Gather Gold","damage_taken":11,"max_hp_gain":0,"max_hp_loss":0,"event_name":"World of Goop","floor":5,"gold_loss":0},{"damage_healed":0,"gold_gain":0,"player_choice":"Bought 1 Potion","damage_taken":0,"max_hp_gain":0,"max_hp_loss":0,"event_name":"The Woman in Blue","floor":11,"gold_loss":0}],"is_beta":false,"boss_relics":[{"not_picked":["SlaversCollar","SacredBark"],"picked":"Sozu"}],"items_purged_floors":[21],"is_endless":false,"potions_floor_spawned":[7,12,18],"killed_by":"Sentry and Sphere","ascension_level":5}}