{"host":"18ybagvpjbhxblmx","time":1612454851,"event":{"mods":["BaseMod","BetterRewards","Colored Map","Conspire","Friendly Minions","Hubris","Infinite Spire","Koishi","Marisa????????","Minty Spire (QoL Compilation)","Quick Restart","Replay The Spire","StSLib","The Administrix","The Servant 0.9.4"],"gold_per_floor":[117,117,133,144,44,75,75,75,75,94,105,136,136,171,171],"floor_reached":14,"language":"ENG","playtime":1607,"items_purged":["AdministrixMod:Strike_Administrix","AdministrixMod:Defend_Administrix"],"score":204,"play_id":"39e94daf-9893-44fa-abea-7d445bfc5d82","local_time":"20210204170731","is_ascension_mode":true,"campfire_choices":[{"data":"AdministrixMod:ReachToHeaven","floor":8,"key":"SMITH"},{"data":"AdministrixMod:RebukeDesires","floor":13,"key":"SMITH"}],"circlet_count":0,"master_deck":["AdministrixMod:Strike_Administrix","AdministrixMod:Strike_Administrix","AdministrixMod:Strike_Administrix","AdministrixMod:RedCloak","AdministrixMod:Defend_Administrix","AdministrixMod:Defend_Administrix","AdministrixMod:BlueCloak","AdministrixMod:TouchOfCinnabar+1","AdministrixMod:RebukeDesires+1","AdministrixMod:ReachToHeaven+1","AdministrixMod:CosmosControl"],"relics":["AdministrixMod:ConductorRitualBaton","Replay:Multitool","conspire:TreasureMap","FossilizedHelix","Blue Candle","hubris:DeckOfHolding","hubris:BottledRain","TungstenRod"],"acts_visited":["Exordium"],"potions_floor_usage":[],"damage_taken":[{"damage":0,"enemies":"Jaw Worm","floor":1,"turns":4},{"damage":0,"enemies":"Cultist","floor":3,"turns":5},{"damage":0,"enemies":"2 Louse","floor":4,"turns":3},{"damage":0,"enemies":"3 Sentries","floor":6,"turns":14},{"damage":0,"enemies":"Exordium Wildlife","floor":10,"turns":2},{"damage":0,"enemies":"Blue Slaver","floor":11,"turns":2},{"damage":0,"enemies":"Lagavulin","floor":12,"turns":8},{"damage":0,"enemies":"Gremlin Nob","floor":14,"turns":3}],"seed_played":"-6674401118850907633","potions_obtained":[{"floor":1,"key":"Doom Potion"},{"floor":4,"key":"SteroidPotion"},{"floor":11,"key":"ColorlessPotion"}],"is_trial":false,"path_per_floor":["M","?","M","M","$","E","?","R","T","M","M","E","R","E"],"character_chosen":"TheAdministrix","items_purchased":["conspire:TreasureMap"],"campfire_rested":0,"item_purchase_floors":[0],"current_hp_per_floor":[34,34,34,34,34,34,34,34,34,34,34,34,34,34,34],"gold":171,"neow_bonus":"","is_daily":false,"chose_seed":false,"campfire_upgraded":2,"win_rate":0.0,"timestamp":1612454851,"path_taken":["M","?","?","M","$","E","?","R","T","M","M","E","R","E"],"items_purchased_type":["Relic"],"build_version":"2020-12-22","purchased_purges":2,"victory":false,"max_hp_per_floor":[65,65,65,65,65,65,65,65,65,65,65,65,65,65,65],"card_choices":[{"not_picked":["AdministrixMod:ImmortalPurity","AdministrixMod:HarmonicReverence"],"picked":"AdministrixMod:TouchOfCinnabar","floor":1},{"not_picked":["AdministrixMod:RegentEdict","AdministrixMod:SyncreticSurge"],"picked":"AdministrixMod:RebukeDesires","floor":3},{"not_picked":["AdministrixMod:Overdrive","AdministrixMod:BloodBargain","AdministrixMod:CenturiesAscent"],"picked":"SKIP","floor":4},{"not_picked":["AdministrixMod:RebukeDesires","AdministrixMod:ShadowPlay"],"picked":"AdministrixMod:ReachToHeaven","floor":6},{"not_picked":["AdministrixMod:Schism","AdministrixMod:FeastOfDew","AdministrixMod:TouchOfCinnabar"],"picked":"SKIP","floor":10},{"not_picked":["AdministrixMod:LightOfYourLife","AdministrixMod:FiendishCrimson","AdministrixMod:ShadowPlay"],"picked":"SKIP","floor":11},{"not_picked":["AdministrixMod:CrackingPangu","AdministrixMod:QuietConspiracy","AdministrixMod:Transcension"],"picked":"SKIP","floor":12},{"not_picked":["AdministrixMod:BloodlessSapphire","AdministrixMod:BloodBargain"],"picked":"AdministrixMod:CosmosControl","floor":14}],"player_experience":174425,"relics_obtained":[{"floor":6,"key":"Blue Candle"},{"floor":9,"key":"hubris:DeckOfHolding"},{"floor":12,"key":"hubris:BottledRain"},{"floor":14,"key":"TungstenRod"}],"event_choices":[{"damage_healed":0,"gold_gain":0,"player_choice":"Forge","damage_taken":0,"max_hp_gain":0,"max_hp_loss":0,"event_name":"Accursed Blacksmith","floor":2,"gold_loss":0,"cards_upgraded":["AdministrixMod:TouchOfCinnabar"]}],"is_beta":false,"boss_relics":[],"items_purged_floors":[0,5],"is_endless":false,"potions_floor_spawned":[1,4,11],"killed_by":"Gremlin Nob","ascension_level":2}}