{"host":"e3jr8cs0hrgde9ri","time":1612469443,"event":{"mods":["2.2 Compatiblity","BaseMod","Highlight Path","Minty Spire (QoL Compilation)","Permanent Neow","Quick Restart","SuperFastMode"],"gold_per_floor":[118,118,132,152,77,77,105,124,151,162,0,15,32,67,67,67,67],"floor_reached":16,"language":"ENG","playtime":443,"items_purged":["Strike_G"],"score":228,"play_id":"bd7b0d03-1080-4590-b7ce-ebf6969a65f4","local_time":"20210204121043","is_ascension_mode":true,"campfire_choices":[{"data":"Flechettes","floor":6.0,"key":"SMITH"},{"data":"Noxious Fumes","floor":15,"key":"SMITH"}],"circlet_count":0,"master_deck":["AscendersBane","Strike_G","Strike_G","Strike_G","Strike_G","Defend_G","Defend_G","Defend_G","Defend_G","Defend_G","Survivor","Neutralize","Flechettes+1","Noxious Fumes+1","Poisoned Stab","Backflip","Caltrops","Well Laid Plans"],"relics":["Snecko Eye","Toy Ornithopter","Orichalcum","TwistedFunnel","Omamori"],"acts_visited":["Exordium"],"potions_floor_usage":[14],"damage_taken":[{"damage":0.0,"enemies":"Small Slimes","floor":1.0,"turns":5.0},{"damage":0.0,"enemies":"Cultist","floor":3.0,"turns":3.0},{"damage":4.0,"enemies":"2 Louse","floor":4.0,"turns":3.0},{"damage":5.0,"enemies":"3 Sentries","floor":7.0,"turns":9.0},{"damage":4.0,"enemies":"2 Fungi Beasts","floor":8.0,"turns":3.0},{"damage":20.0,"enemies":"Exordium Thugs","floor":10.0,"turns":5.0},{"damage":10.0,"enemies":"3 Louse","floor":12.0,"turns":2.0},{"damage":4.0,"enemies":"2 Fungi Beasts","floor":13.0,"turns":3.0},{"damage":3,"enemies":"Gremlin Nob","floor":14,"turns":3},{"damage":18,"enemies":"The Guardian","floor":16,"turns":2}],"seed_played":"-8622276400617877706","potions_obtained":[{"floor":1.0,"key":"PowerPotion"},{"floor":4.0,"key":"SteroidPotion"},{"floor":10.0,"key":"GhostInAJar"},{"floor":14,"key":"CunningPotion"}],"is_trial":false,"path_per_floor":["M","?","M","M","$","R","E","M","T","M","$","M","M","E","R","B"],"character_chosen":"THE_SILENT","items_purchased":["TwistedFunnel"],"campfire_rested":0,"item_purchase_floors":[11],"current_hp_per_floor":[59,59,59,55,55,55,50,46,46,26,26,16,12,14,14,0,0],"gold":67,"neow_bonus":"BOSS_RELIC","is_daily":false,"chose_seed":false,"campfire_upgraded":2,"win_rate":0.0,"timestamp":1612469443,"path_taken":["M","?","?","?","?","R","E","M","T","?","$","M","M","E","R","BOSS"],"items_purchased_type":["Relic"],"build_version":"2020-12-22","purchased_purges":1,"victory":false,"max_hp_per_floor":[66,66,66,66,66,66,66,66,66,66,66,66,66,66,66,66,66],"card_choices":[{"not_picked":["Acrobatics","Dagger Spray"],"picked":"Flechettes","floor":1.0},{"not_picked":["Prepared","Dagger Throw"],"picked":"Backflip","floor":3.0},{"not_picked":["Deflect","Dagger Throw","Bane"],"picked":"SKIP","floor":4.0},{"not_picked":["Tactician","Reflex"],"picked":"Caltrops","floor":7.0},{"not_picked":["Infinite Blades","Dagger Spray","Flying Knee"],"picked":"SKIP","floor":8.0},{"not_picked":["Concentrate","Skewer"],"picked":"Well Laid Plans","floor":10.0},{"not_picked":["Masterful Stab","PiercingWail","Outmaneuver"],"picked":"SKIP","floor":12.0},{"not_picked":["Underhanded Strike","Deflect","Prepared"],"picked":"SKIP","floor":13.0},{"not_picked":["Flechettes","Deflect","Poisoned Stab"],"picked":"SKIP","floor":14}],"player_experience":1448383,"relics_obtained":[{"floor":7.0,"key":"Toy Ornithopter"},{"floor":9.0,"key":"Orichalcum"},{"floor":14,"key":"Omamori"}],"event_choices":[{"damage_healed":0.0,"max_hp_gain":0.0,"max_hp_loss":0.0,"gold_gain":0.0,"event_name":"Match and Keep!","player_choice":"2 cards matched","floor":2.0,"gold_loss":0.0,"damage_taken":0.0,"cards_obtained":["Noxious Fumes","Poisoned Stab"]}],"is_beta":false,"boss_relics":[],"items_purged_floors":[5],"is_endless":false,"potions_floor_spawned":[1,4,10,14],"killed_by":"The Guardian","ascension_level":20}}