{"host":"ceheqh86fk4eo7wc","time":1612460849,"event":{"mods":["Aspiration","BaseMod","BetterRewards","Conspire","Downfall","Hermit","Hubris","Infinite Spire","Marisa????????","Minty Spire (QoL Compilation)","READ ME - Snecko Mod","Replay The Spire","StSLib","The Administrix","The Animator","The Cursed","The Poker Player","The Servant 0.9.4","slay the spire mod where everything is the same but ironclad has a cowboy hat"],"gold_per_floor":[112,112,127,137,60,60,60,71,71,84,99,99,66,82,82,181,181,191,191,191,219,86,86,106,106,106,106,106,106,125,138,138,138,138],"floor_reached":33,"language":"ENG","playtime":833,"items_purged":[],"score":237,"play_id":"15a8e731-d3c7-4dd5-9997-d78745887e69","local_time":"20210204094729","is_ascension_mode":false,"campfire_choices":[{"data":"Searing Blow","floor":6,"key":"SMITH"},{"data":"infinitespire:DeathsTouch","floor":12,"key":"SMITH"},{"floor":15,"key":"REST"},{"floor":23,"key":"REST"},{"data":"Perfected Strike","floor":25,"key":"SMITH"},{"data":"Wild Strike","floor":27,"key":"SMITH"},{"data":"Bludgeon","floor":32,"key":"SMITH"}],"circlet_count":0,"master_deck":["Strike_R+1","Strike_R+1","Strike_R+1","Strike_R+1","Strike_R+1","Defend_R+1","Defend_R+1","Defend_R+1","Defend_R+1","Wild Strike+1","Searing Blow+1","Bludgeon+1","Carnage","infinitespire:DeathsTouch+1","Perfected Strike+1","conspire:Charge","Sword Boomerang","ReplayTheSpireMod:Strike From Hell","Feed+1","Intimidate+1","Twin Strike+1","Flex+1","Swift Strike+1","Intimidate","hubris:Despair","Flex+1","Clothesline+1"],"relics":["Burning Blood","NeowsBlessing","Golden Egg","TheAbacus","Red Mask","Molten Egg 2","hubris:Icosahedron","Blood Vial"],"acts_visited":["Exordium","TheCity"],"potions_floor_usage":[10,14,16,16,31,33],"damage_taken":[{"damage":0,"enemies":"Jaw Worm","floor":1,"turns":1},{"damage":0,"enemies":"Cultist","floor":3,"turns":1},{"damage":0,"enemies":"2 Louse","floor":4,"turns":1},{"damage":0,"enemies":"2 Fungi Beasts","floor":8,"turns":2},{"damage":10,"enemies":"Looter","floor":10,"turns":2},{"damage":7,"enemies":"3 Louse","floor":11,"turns":3},{"damage":0,"enemies":"2 Fungi Beasts","floor":14,"turns":2},{"damage":58,"enemies":"The Guardian","floor":16,"turns":6},{"damage":30,"enemies":"2 Thieves","floor":18,"turns":4},{"damage":6,"enemies":"Masked Bandits","floor":21,"turns":2},{"damage":0,"enemies":"Spheric Guardian","floor":24,"turns":2},{"damage":21,"enemies":"Centurion and Healer","floor":30,"turns":3},{"damage":3,"enemies":"Snake Plant","floor":31,"turns":3},{"damage":77,"enemies":"Pondfish","floor":33,"turns":9}],"seed_played":"49015126363840399","potions_obtained":[{"floor":3,"key":"BlessingOfTheForge"},{"floor":4,"key":"ColorlessPotion"},{"floor":10,"key":"LiquidMemories"},{"floor":14,"key":"Strength Potion"},{"floor":18,"key":"Elixir"},{"floor":30,"key":"LifebloodPotion"}],"is_trial":false,"path_per_floor":["M","?","M","M","$","R","?","M","T","M","M","R","?","M","R","B",null,"M","AVR","?","?","$","R","M","R","T","R","?","?","M","M","R","B"],"character_chosen":"IRONCLAD","items_purchased":["Carnage","Flex","Swift Strike"],"campfire_rested":2,"item_purchase_floors":[5,22,22],"current_hp_per_floor":[80,80,80,80,80,80,61,67,67,63,62,62,62,68,80,28,80,60,60,60,60,60,84,84,84,84,84,84,84,69,74,74,0,0],"gold":138,"neow_bonus":"THREE_ENEMY_KILL","is_daily":false,"chose_seed":false,"campfire_upgraded":5,"win_rate":0.0,"timestamp":1612460849,"path_taken":["M","?","M","M","?","R","?","M","T","M","M","R","?","M","R","BOSS","M","AVR","?","?","$","R","M","R","T","R","?","?","?","M","R","BOSS"],"items_purchased_type":["Card","Card","Card"],"build_version":"2020-12-22","purchased_purges":0,"victory":false,"max_hp_per_floor":[80,80,80,80,80,80,80,80,80,80,80,80,80,80,80,80,80,84,84,84,84,84,84,84,84,84,84,84,84,84,84,84,84,84],"card_choices":[{"not_picked":["Twin Strike","Havoc"],"picked":"Wild Strike","floor":1},{"not_picked":["Pummel","True Grit"],"picked":"Searing Blow","floor":3},{"not_picked":["Heavy Blade","Thunderclap"],"picked":"Bludgeon","floor":4},{"not_picked":["ReplayTheSpireMod:Echoes of Time","infinitespire:Collect"],"picked":"infinitespire:DeathsTouch","floor":7},{"not_picked":["Searing Blow","Hemokinesis"],"picked":"Perfected Strike","floor":8},{"not_picked":["Massacre","Armaments"],"picked":"conspire:Charge","floor":10},{"not_picked":["Disarm","Cleave"],"picked":"Sword Boomerang","floor":11},{"not_picked":["Rupture","Headbutt"],"picked":"ReplayTheSpireMod:Strike From Hell","floor":14},{"not_picked":["Double Tap","Demonic Infusion"],"picked":"Feed","floor":16},{"not_picked":["ReplayTheSpireMod:Strike From Hell","Whirlwind"],"picked":"Intimidate+1","floor":18},{"not_picked":["Thunderclap","ReplayTheSpireMod:Strike From Hell"],"picked":"Twin Strike+1","floor":21},{"not_picked":["Flame Barrier+1","Run Through"],"picked":"Intimidate","floor":24},{"not_picked":["ReplayTheSpireMod:Limb From Limb+1","Clothesline+1"],"picked":"Flex+1","floor":30},{"not_picked":["Warcry","Shrug It Off"],"picked":"Clothesline+1","floor":31}],"player_experience":59793,"relics_obtained":[{"floor":9,"key":"Golden Egg"},{"floor":21,"key":"Red Mask"},{"floor":26,"key":"Molten Egg 2"}],"event_choices":[{"cards_removed":["Bash"],"damage_healed":0,"gold_gain":0,"player_choice":"Offered Basic","damage_taken":0,"max_hp_gain":0,"max_hp_loss":0,"event_name":"Bonfire Elementals","floor":2,"gold_loss":0},{"damage_healed":0,"gold_gain":0,"player_choice":"Left Gold","damage_taken":0,"max_hp_gain":0,"max_hp_loss":0,"event_name":"World of Goop","floor":13,"gold_loss":33},{"damage_healed":0,"gold_gain":0,"player_choice":"Simplicity","damage_taken":0,"max_hp_gain":0,"max_hp_loss":0,"event_name":"Back to Basics","floor":20,"gold_loss":0,"cards_upgraded":["Strike_R","Strike_R","Strike_R","Strike_R","Strike_R","Defend_R","Defend_R","Defend_R","Defend_R"]},{"damage_healed":0,"gold_gain":0,"player_choice":"Fought Bandits","damage_taken":0,"max_hp_gain":0,"max_hp_loss":0,"event_name":"Masked Bandits","floor":21,"gold_loss":0}],"is_beta":false,"boss_relics":[{"not_picked":["Busted Crown","ReplayTheSpireMod:DimensionalGlitch","Runic Dome"]}],"items_purged_floors":[],"is_endless":false,"potions_floor_spawned":[3,4,10,14,18,30],"killed_by":"Pondfish","ascension_level":0}}