{"host":"pgm1p3lvdjflie30","time":1612406533,"event":{"mods":["ATMod(阿瑾Mod)","AchievementEnabler","Aspiration","BaseMod","Challenge The Spire","Colored Map","Colored Powertips","Conspire","Dark Map","Dota2Spire","Downfall","Energized Spire","GungeonMod","Hermit","Highlight Path","HornydragonMod","Minty Spire (QoL Compilation)","MostiFishMod","Quarter Circle Forward PUNCH!","Quick Restart","Reimu（博???）","Relic Stats","Replay The Spire","Robot Space Explorer","Spicy Shops","StSLib","TestMod","The Blackbeard","The Bug Knight","The Cursed","The Hayseed","The IronCluck","The Jungle","The Runesmith","Waifu the Spire","Yakumo Yukari mod","【?物卡牌】REMEMod","篝火指南"],"gold_per_floor":[115,115,0,0,18,18,34,66,66,93,93,31,31,61,61,160,160,175,187,187,206,225,225,225,255,327,327,341,341,341,117,117,222,222,239,239,315,325,345,345,370,370,370,386,415,432,465,465,465,465,465,465,5,35,35],"floor_reached":56,"language":"ZHS","playtime":2815,"items_purged":["Decay"],"score":1342,"play_id":"6fee276e-1a4d-42e5-b789-b4dba05654b2","local_time":"20210204104213","is_ascension_mode":true,"campfire_choices":[{"floor":11,"key":"RECALL"},{"data":"TheSimpletonMod:Sunseed","floor":13,"key":"SMITH"},{"data":"TheSimpletonMod:Sunseed","floor":15,"key":"SMITH"},{"data":"TheSimpletonMod:FlashPasteurize","floor":23,"key":"SMITH"},{"data":"TheSimpletonMod:Strawberries","floor":30,"key":"SMITH"},{"floor":32,"key":"DIG"},{"data":"TheSimpletonMod:FanTheFlames","floor":40,"key":"SMITH"},{"data":"TheSimpletonMod:Squash","floor":42,"key":"SMITH"},{"data":"testmod-ConditionedReflex","floor":49,"key":"SMITH"},{"data":"MostiFishMod:ButterFly","floor":52,"key":"SMITH"}],"circlet_count":0,"master_deck":["TheSimpletonMod:Strike_TheSimpleton+1","TheSimpletonMod:Strike_TheSimpleton+1","TheSimpletonMod:Strike_TheSimpleton+1","TheSimpletonMod:Strike_TheSimpleton+1","TheSimpletonMod:Defend_TheSimpleton+1","TheSimpletonMod:Haymaker+1","TheSimpletonMod:ReapAndSow+1","TheSimpletonMod:Strawberries+1","AT_FamilyPortrait+1","TheSimpletonMod:SlashAndBurn+1","TheSimpletonMod:SaladShooter+1","TheSimpletonMod:RootDown+1","TheSimpletonMod:Sunseed+1","TheSimpletonMod:Sunseed+1","TheSimpletonMod:FlashPasteurize+1","MostiFishMod:EE1D+1","MostiFishMod:EE1D+1","MostiFishMod:EE1D+1","TheSimpletonMod:DoubleBarrel+1","TheSimpletonMod:Sunchoke+1","TheSimpletonMod:DesperatePlunge+1","TheSimpletonMod:CullingStrike+1","TheSimpletonMod:SpiceUp+1","TheSimpletonMod:Sunseed+1","TheSimpletonMod:BuzzBomb+1","TheSimpletonMod:Sunseed+1","TheSimpletonMod:Rake+1","TheSimpletonMod:FanTheFlames+1","TheSimpletonMod:Squash+1","TheSimpletonMod:OnionBloom+1","TheSimpletonMod:KeenEdge+1","TheSimpletonMod:Fertilaser+1","Parasite","TheSimpletonMod:Swelter+1","TheSimpletonMod:ResearchGrant+1","testmod-ConditionedReflex+1","ReplayTheSpireMod:Private Reserves+1","MostiFishMod:ButterFly+1","TheSimpletonMod:Sunseed+1"],"relics":["TheSimpletonMod:SpudOfTheInnocent","TheSimpletonMod:NightSoil","TheSimpletonMod:TheHarvester","AT_ATBox","REME_ComplimentaryCards","DaveBox","testmod-TestBox","BirthdayGift-Tetrahedron","testmod-Nine","SynthV:TestCard","DemoMod:GnawedKey","Sundial","REME_LimitBreaker","Dream Catcher","Tiny Chest","EE1DDrone","AT_SilvercatRing","Ice Cream","conspire:DeflatedDodgeball","Replay:Bottled Flurry","theJungle:BirthdayCake","Dota2Spire:DivineRapier","TheSimpletonMod:HotPotato","TheSimpletonMod:OnionBelt","AT_RedNoBalance","qcfpunch:Red_Headband","qcfpunch:Necklace_of_Skulls","TheSimpletonMod:Honeycomb","TheSimpletonMod:WoodChipper","Replay:Wax Seal","Guide Book","ReplayTheSpireMod:Shallot","DemoMod:MonsterBlood"],"acts_visited":["Exordium","Exordium","TheBeyond","TheEnding"],"potions_floor_usage":[5,8,33,36,36,36,47,50,50,50,55,55],"damage_taken":[{"damage":6,"enemies":"2 Louse","floor":1,"turns":2},{"damage":0,"enemies":"Jaw Worm","floor":5,"turns":1},{"damage":0,"enemies":"Cultist","floor":7,"turns":1},{"damage":6,"enemies":"Replay:BlueRogue","floor":8,"turns":2},{"damage":5,"enemies":"HollowMod:MossKnight","floor":10,"turns":2},{"damage":44,"enemies":"The Guardian","floor":16,"turns":4},{"damage":21,"enemies":"Shell Parasite","floor":18,"turns":2},{"damage":30,"enemies":"theJungle:5_Spyders","floor":19,"turns":3},{"damage":5,"enemies":"theJungle:Lyon","floor":21,"turns":2},{"damage":10,"enemies":"theJungle:Snecko_Cultist_And_Trap","floor":22,"turns":2},{"damage":17,"enemies":"theJungle:Cassacara","floor":25,"turns":3},{"damage":11,"enemies":"theJungle:JungleHuntersEncounter","floor":28,"turns":3},{"damage":44,"enemies":"theJungle:TotemBoss","floor":33,"turns":4},{"damage":0,"enemies":"Orb Walker","floor":35,"turns":1},{"damage":76,"enemies":"Orb Walker","floor":36,"turns":11},{"damage":14,"enemies":"3 Shapes","floor":38,"turns":1},{"damage":0,"enemies":"3 Darklings","floor":39,"turns":1},{"damage":0,"enemies":"R_Hoarder","floor":41,"turns":1},{"damage":20,"enemies":"Transient","floor":44,"turns":6},{"damage":0,"enemies":"HollowMod:StalkingDevout","floor":45,"turns":1},{"damage":2,"enemies":"Writhing Mass","floor":46,"turns":2},{"damage":0,"enemies":"Reptomancer","floor":47,"turns":1},{"damage":25,"enemies":"Replay:Hell Engine","floor":50,"turns":2},{"damage":14,"enemies":"Shield and Spear","floor":54,"turns":3},{"damage":10,"enemies":"The Heart","floor":55,"turns":5}],"seed_played":"-8579213746461955857","potions_obtained":[{"floor":1,"key":"DistilledChaos"},{"floor":5,"key":"Languid Potion"},{"floor":19,"key":"PowerPotion"},{"floor":21,"key":"BlessingOfTheForge"},{"floor":33,"key":"Weak Potion"},{"floor":35,"key":"Strength Potion"},{"floor":38,"key":"testmod-EscapePotion"},{"floor":41,"key":"AttackPotion"},{"floor":44,"key":"Dota2Spire:HealingSalve"},{"floor":47,"key":"FearPotion"},{"floor":54,"key":"Dexterity Potion"}],"is_trial":false,"path_per_floor":["M","?","$","?","M","$","M","E","T","E","R","$","R","?","R","B",null,"M","M","?","M","M","R","T","E","T","T","M","?","R","$","R_BF","B",null,"M","?","T","M","M","R","E","R","T","M","E","M","E","?","R","B",null,"R","$","E","B",null],"character_chosen":"THE_SIMPLETON","items_purchased":["DemoMod:GnawedKey","Dream Catcher","Dota2Spire:DivineRapier","Replay:Wax Seal","Guide Book","ReplayTheSpireMod:Shallot","DemoMod:LeadSkinPotion"],"campfire_rested":0,"item_purchase_floors":[3,12,31,53,53,53,53],"current_hp_per_floor":[52,62,62,62,66,66,70,68,68,67,67,67,67,67,67,33,75,54,28,85,80,74,74,74,57,57,57,46,66,66,66,66,28,105,105,105,105,38,38,38,44,44,44,30,30,34,34,24,24,14,105,105,105,98,105],"gold":35,"neow_bonus":"REMOVE_TWO","is_daily":false,"chose_seed":false,"campfire_upgraded":8,"win_rate":0.0,"timestamp":1612406533,"path_taken":["M","?","$","?","?","?","M","E","T","E","R","$","R","?","R","BOSS","M","M","?","?","M","R","?","E","T","?","M","?","R","?","R_BF","BOSS","M","?","?","M","?","R","E","R","T","M","E","M","E","?","R","BOSS","R","$","E","BOSS"],"items_purchased_type":["Relic","Relic","Relic","Relic","Relic","Relic","Undefined"],"build_version":"2020-12-22","purchased_purges":1,"victory":true,"max_hp_per_floor":[75,75,75,75,75,75,75,75,75,75,75,75,75,75,75,75,75,75,75,85,85,85,85,85,85,85,85,85,105,105,105,105,105,105,105,105,105,105,105,105,105,105,105,105,105,105,105,105,105,105,105,105,105,112,112],"relic_stats":{"Dream Catcher":0,"counters":[25,66],"Sundial":[10],"Tiny Chest":2,"obtain_stats":[{"Ice Cream":25,"AT_ATBox":0,"DaveBox":0,"TheSimpletonMod:WoodChipper":47,"DemoMod:GlassGuonStoneRelic":1,"TheSimpletonMod:TheHarvester":0,"Dream Catcher":12,"TheSimpletonMod:OnionBelt":34,"Sundial":8,"DemoMod:MonsterBlood":54,"Tiny Chest":14,"qcfpunch:Necklace_of_Skulls":43,"Dota2Spire:DivineRapier":31,"TheSimpletonMod:SpudOfTheInnocent":0,"DemoMod:GnawedKey":3,"Replay:Bottled Flurry":27,"theJungle:BirthdayCake":29,"AT_RedNoBalance":38,"Replay:Wax Seal":53,"TheSimpletonMod:NightSoil":0,"BirthdayGift-Tetrahedron":0,"testmod-TestBox":0,"Guide Book":53,"AT_SilverBalance":37,"REME_LimitBreaker":10,"AT_SilvercatRing":24,"TheSimpletonMod:Honeycomb":45,"TheSimpletonMod:HotPotato":32,"SynthV:TestCard":1,"EE1DDrone":17,"ReplayTheSpireMod:Shallot":53,"qcfpunch:Red_Headband":41,"conspire:DeflatedDodgeball":26,"testmod-Nine":0,"REME_ComplimentaryCards":0},{"Ice Cream":11,"AT_ATBox":0,"DaveBox":0,"TheSimpletonMod:WoodChipper":22,"DemoMod:GlassGuonStoneRelic":1,"TheSimpletonMod:TheHarvester":0,"Dream Catcher":5,"TheSimpletonMod:OnionBelt":13,"Sundial":4,"DemoMod:MonsterBlood":24,"Tiny Chest":5,"qcfpunch:Necklace_of_Skulls":18,"Dota2Spire:DivineRapier":12,"TheSimpletonMod:SpudOfTheInnocent":0,"DemoMod:GnawedKey":1,"Replay:Bottled Flurry":11,"theJungle:BirthdayCake":12,"AT_RedNoBalance":16,"Replay:Wax Seal":23,"TheSimpletonMod:NightSoil":0,"BirthdayGift-Tetrahedron":0,"testmod-TestBox":0,"Guide Book":23,"AT_SilverBalance":15,"REME_LimitBreaker":5,"AT_SilvercatRing":10,"TheSimpletonMod:Honeycomb":20,"TheSimpletonMod:HotPotato":12,"SynthV:TestCard":1,"EE1DDrone":6,"ReplayTheSpireMod:Shallot":23,"qcfpunch:Red_Headband":18,"conspire:DeflatedDodgeball":11,"testmod-Nine":0,"REME_ComplimentaryCards":0},{"Ice Cream":24,"AT_ATBox":0,"DaveBox":0,"TheSimpletonMod:WoodChipper":56,"DemoMod:GlassGuonStoneRelic":2,"TheSimpletonMod:TheHarvester":0,"Dream Catcher":8,"TheSimpletonMod:OnionBelt":31,"Sundial":6,"DemoMod:MonsterBlood":61,"Tiny Chest":8,"qcfpunch:Necklace_of_Skulls":46,"Dota2Spire:DivineRapier":27,"TheSimpletonMod:SpudOfTheInnocent":0,"DemoMod:GnawedKey":2,"Replay:Bottled Flurry":24,"theJungle:BirthdayCake":27,"AT_RedNoBalance":43,"Replay:Wax Seal":58,"TheSimpletonMod:NightSoil":0,"BirthdayGift-Tetrahedron":0,"testmod-TestBox":0,"Guide Book":58,"AT_SilverBalance":43,"REME_LimitBreaker":8,"AT_SilvercatRing":21,"TheSimpletonMod:Honeycomb":53,"TheSimpletonMod:HotPotato":27,"SynthV:TestCard":2,"EE1DDrone":12,"ReplayTheSpireMod:Shallot":58,"qcfpunch:Red_Headband":46,"conspire:DeflatedDodgeball":24,"testmod-Nine":0,"REME_ComplimentaryCards":0}]},"card_choices":[{"not_picked":["TheSimpletonMod:PestManagement","TheSimpletonMod:BumperCrop"],"picked":"TheSimpletonMod:SlashAndBurn","floor":1},{"not_picked":["TheSimpletonMod:StockTheCellar","TheSimpletonMod:ToughenUp","TheSimpletonMod:Fertilaser","TheSimpletonMod:Swelter"],"picked":"TheSimpletonMod:RootDown","floor":5},{"not_picked":["TheSimpletonMod:Rake","TheSimpletonMod:Germinate","TheSimpletonMod:RootDown","TheSimpletonMod:VineRipen"],"picked":"TheSimpletonMod:Sunseed","floor":7},{"not_picked":["TheSimpletonMod:Germinate","TheSimpletonMod:OnionBloom","TheSimpletonMod:Squash","TheSimpletonMod:Fertilaser"],"picked":"TheSimpletonMod:HitTheSack","floor":8},{"not_picked":["TheSimpletonMod:Sunchoke","TheSimpletonMod:PestManagement","TheSimpletonMod:SeedCoat","TheSimpletonMod:CropRotation"],"picked":"TheSimpletonMod:Sunseed","floor":10},{"not_picked":["TheSimpletonMod:Biorefinement","TheSimpletonMod:BuzzBomb","TheSimpletonMod:Fecundity","TheSimpletonMod:TakeHeart"],"picked":"TheSimpletonMod:FlashPasteurize","floor":16},{"not_picked":["TheSimpletonMod:Innovate","TheSimpletonMod:PestManagement","TheSimpletonMod:Aerate","TheSimpletonMod:StockTheCellar"],"picked":"TheSimpletonMod:DoubleBarrel+1","floor":18},{"not_picked":["TheSimpletonMod:SpiceUp","TheSimpletonMod:Innovate","TheSimpletonMod:Squash","TheSimpletonMod:SlashAndBurn+1"],"picked":"TheSimpletonMod:Sunchoke","floor":19},{"not_picked":["TheSimpletonMod:ToughenUp","TheSimpletonMod:Ferment+1","TheSimpletonMod:SeedCoat+1","TheSimpletonMod:Corn"],"picked":"TheSimpletonMod:DesperatePlunge","floor":21},{"not_picked":["TheSimpletonMod:Fertilaser","TheSimpletonMod:SaladShooter","TheSimpletonMod:Pruning","TheSimpletonMod:SpiceUp+1"],"picked":"TheSimpletonMod:CullingStrike","floor":22},{"not_picked":["TheSimpletonMod:DoubleBarrel","TheSimpletonMod:Sunchoke+1","TheSimpletonMod:CloseScrape","TheSimpletonMod:DigIn+1"],"picked":"TheSimpletonMod:SpiceUp","floor":25},{"not_picked":["TheSimpletonMod:BumperCrop","TheSimpletonMod:VolatileFumes","TheSimpletonMod:CloseScrape","TheSimpletonMod:Swelter"],"picked":"TheSimpletonMod:Sunseed+1","floor":28},{"not_picked":["TheSimpletonMod:TakeHeart","TheSimpletonMod:Photosynthesis","TheSimpletonMod:FlashPasteurize","TheSimpletonMod:ErosionControl"],"picked":"TheSimpletonMod:BuzzBomb","floor":33},{"not_picked":["TheSimpletonMod:CloseScrape","TheSimpletonMod:KeenEdge","TheSimpletonMod:Pruning+1","TheSimpletonMod:SpiceUp+1"],"picked":"TheSimpletonMod:Sunseed+1","floor":35},{"not_picked":["TheSimpletonMod:SlashAndBurn+1","TheSimpletonMod:Rototilling","TheSimpletonMod:DigIn","TheSimpletonMod:CropRotation"],"picked":"TheSimpletonMod:Rake+1","floor":36},{"not_picked":["TheSimpletonMod:Rototilling+1","TheSimpletonMod:Thresh+1","TheSimpletonMod:PestManagement","TheSimpletonMod:BumperCrop+1"],"picked":"TheSimpletonMod:FanTheFlames","floor":38},{"not_picked":["TheSimpletonMod:Aerate","TheSimpletonMod:Ferment+1","TheSimpletonMod:Rototilling","TheSimpletonMod:Thresh"],"picked":"TheSimpletonMod:Squash","floor":39},{"not_picked":["TheSimpletonMod:GoToMarket+1","TheSimpletonMod:DoubleBarrel+1","TheSimpletonMod:Mulch","TheSimpletonMod:Thresh+1"],"picked":"TheSimpletonMod:OnionBloom+1","floor":41},{"not_picked":["TheSimpletonMod:DoubleBarrel","TheSimpletonMod:OnionBloom+1","TheSimpletonMod:VolatileFumes","TheSimpletonMod:SaladShooter+1"],"picked":"TheSimpletonMod:KeenEdge+1","floor":44},{"not_picked":["TheSimpletonMod:BumperCrop+1","TheSimpletonMod:Squash+1","TheSimpletonMod:Surplus","TheSimpletonMod:PestManagement"],"picked":"TheSimpletonMod:Fertilaser+1","floor":45},{"not_picked":["TheSimpletonMod:SpiceUp","TheSimpletonMod:Squash","TheSimpletonMod:SaladShooter","TheSimpletonMod:OnionBloom+1"],"picked":"TheSimpletonMod:Swelter+1","floor":46},{"not_picked":["TheSimpletonMod:Pruning","TheSimpletonMod:Mulch+1","TheSimpletonMod:Ferment+1","TheSimpletonMod:DoubleBarrel"],"picked":"TheSimpletonMod:ResearchGrant","floor":47},{"not_picked":["Purity","REME_TwoStrings","Replay:Sssssssssstrike","Sadistic Nature"],"picked":"testmod-ConditionedReflex","floor":48},{"not_picked":["MostiFishMod:MusicBox","AT_PowerWithin","MostiFishMod:StoryBook","Apotheosis"],"picked":"ReplayTheSpireMod:Private Reserves","floor":48},{"not_picked":["testmod-Bloodthirsty","MostiFishMod:StoryBook","HandOfGreed","testmod-Automaton"],"picked":"MostiFishMod:ButterFly","floor":48},{"not_picked":["TheSimpletonMod:RootDown","TheSimpletonMod:Fertilaser","TheSimpletonMod:Rake+1","TheSimpletonMod:OnionBloom+1"],"picked":"TheSimpletonMod:Sunseed+1","floor":54}],"player_experience":383247,"relics_obtained":[{"floor":1,"key":"SynthV:TestCard"},{"floor":8,"key":"Sundial"},{"floor":10,"key":"REME_LimitBreaker"},{"floor":24,"key":"AT_SilvercatRing"},{"floor":25,"key":"Ice Cream"},{"floor":26,"key":"conspire:DeflatedDodgeball"},{"floor":27,"key":"Replay:Bottled Flurry"},{"floor":32,"key":"TheSimpletonMod:HotPotato"},{"floor":37,"key":"AT_SilverBalance"},{"floor":41,"key":"qcfpunch:Red_Headband"},{"floor":43,"key":"qcfpunch:Necklace_of_Skulls"},{"floor":45,"key":"TheSimpletonMod:Honeycomb"},{"floor":47,"key":"TheSimpletonMod:WoodChipper"},{"floor":54,"key":"DemoMod:MonsterBlood"}],"event_choices":[{"damage_healed":0,"gold_gain":0,"cards_transformed":["TheSimpletonMod:Defend_TheSimpleton"],"player_choice":"Transformed","damage_taken":0,"max_hp_gain":0,"max_hp_loss":0,"event_name":"Transmorgrifier","floor":4,"gold_loss":0,"cards_obtained":["TheSimpletonMod:SaladShooter"]},{"damage_healed":0,"gold_gain":30,"player_choice":"Searched \u00272\u0027 times","damage_taken":0,"relics_obtained":["Tiny Chest"],"max_hp_gain":0,"max_hp_loss":0,"event_name":"Dead Adventurer","floor":14,"gold_loss":0},{"cards_removed":["TheSimpletonMod:HitTheSack"],"damage_healed":47,"gold_gain":0,"player_choice":"Offered Rare","damage_taken":0,"max_hp_gain":10,"max_hp_loss":0,"event_name":"Bonfire Elementals","floor":20,"gold_loss":0},{"damage_healed":0,"gold_gain":0,"player_choice":"Memory 3","damage_taken":10,"max_hp_gain":0,"max_hp_loss":0,"event_name":"SensoryStone","floor":48,"gold_loss":0}],"is_beta":false,"boss_relics":[{"not_picked":["energizedSpire:MagnifyingGlass","bronze:MakeshiftBattery"],"picked":"EE1DDrone"},{"not_picked":["qcfpunch:Crimson_Sash","Ring of Chaos"],"picked":"TheSimpletonMod:OnionBelt"}],"items_purged_floors":[31],"is_endless":false,"potions_floor_spawned":[1,5,19,21,33,35,38,41,44,47,54],"ascension_level":2}}