{"host":"vp4kanoy3sgrizh7","time":1612407456,"event":{"mods":["100% Spire Juice","ATMod(阿瑾Mod)","Act Like it!","Arknights","BaseMod","Downfall","Gensokyo","GungeonMod","Hermit","Lobotomy","LobotomyExtend","Minty Spire (QoL Compilation)","MostiFishMod","Replay The Spire","RumiaBox-露米娅的神秘盒子","Shop Mod","StSLib","[IsaacMod]以撒尖塔","noobMod","【功能Mod】聪明的最终Boss","【遗物卡牌】REMEMod"],"gold_per_floor":[130,149,171,12,92,176,208,332,355,355,408,430,468,468,468,614,614,766,780,632,642,656,656,656,656],"floor_reached":24,"language":"ZHS","playtime":1166,"items_purged":["Porccubus"],"score":356,"play_id":"11ce5f92-a14e-485f-b4dc-828b01e9a727","local_time":"20210204105736","is_ascension_mode":true,"campfire_choices":[{"data":"ats:Mental Burst","floor":15.0,"key":"SMITH"},{"data":"ats:Emotion Absorption","floor":23.0,"key":"SMITH"}],"circlet_count":0,"master_deck":["CENSORED","BigBird","Mercenary","ats:Strike C","ats:Strike S","ats:Strike V","ats:Defend","ats:Emotion Absorption+1","ats:Apocalypse","ats:Mental Burst+1","ats:Song Of Battle","ats:Assault Order","FieryBird","ats:Ignite"],"relics":["ats:Sanity","DaveBox","ice","HushsDoor","HaiYi:Twilight","SalivaCoin","CogitoBucket","RabbitCall","SynthV:TestCard","LetterFromLob","Baka","BirthdayGift-Tetrahedron","SolemnVow_r","ats:Originium","DemoMod:NanoMachines","WantedRequest","CrimsonScar_r","Blue Doll","FleshIdol","Bag of Preparation","Happy Flower","Replay:Drink Me","Lamp_r","HonorFeather","CENSORED_r","AspirationHeart","MerchantsRug","DemoMod:GlassGuonStoneRelic","Frozen Eye"],"acts_visited":["Gensokyo:Gensokyo","Gensokyo:Gensokyoer"],"potions_floor_usage":[],"damage_taken":[{"damage":11.0,"enemies":"Gensokyo:Gryphon","floor":1.0,"turns":4.0},{"damage":5.0,"enemies":"Gensokyo:Python","floor":2.0,"turns":3.0},{"damage":13.0,"enemies":"Gensokyo:2_Kodama","floor":3.0,"turns":4.0},{"damage":19.0,"enemies":"Gensokyo:Aya","floor":6.0,"turns":3.0},{"damage":7.0,"enemies":"Gensokyo:5_Fairies","floor":7.0,"turns":2.0},{"damage":49.0,"enemies":"Gensokyo:Cirno","floor":8.0,"turns":5.0},{"damage":15.0,"enemies":"Gensokyo:Python_and_Kodama","floor":11.0,"turns":3.0},{"damage":36.0,"enemies":"Gensokyo:VengefulSpirit","floor":12.0,"turns":1.0},{"damage":12.0,"enemies":"Gensokyo:Aya","floor":13.0,"turns":2.0},{"damage":14.0,"enemies":"Gensokyo:Kokoro","floor":16.0,"turns":2.0},{"damage":167.0,"enemies":"Gensokyo:Chomper","floor":18.0,"turns":6.0},{"damage":0.0,"enemies":"Gensokyo:CosmicMonolith","floor":19.0,"turns":1.0},{"damage":0.0,"enemies":"Gensokyo:Mirror_and_Dog","floor":21.0,"turns":1.0},{"damage":2.0,"enemies":"Gensokyo:Wraith","floor":22.0,"turns":2.0},{"damage":0,"enemies":"Gensokyo:Koishi","floor":24,"turns":1}],"seed_played":"-2926571430972672315","potions_obtained":[{"floor":1.0,"key":"LiquidMemories"},{"floor":3.0,"key":"Fruit Juice"},{"floor":8.0,"key":"ats:Emergency Sanity Potion"},{"floor":22.0,"key":"FearPotion"}],"is_trial":false,"path_per_floor":["M","M","M","COS","?","E","M","E","T","?","M","M","E","?","R","B",null,"M","M","$","M","M","R","E"],"character_chosen":"DOCTOR_CLASS","items_purchased":["MerchantsRug"],"campfire_rested":0,"item_purchase_floors":[20],"current_hp_per_floor":[61,43,34,34,34,20,18,76,76,76,66,30,18,18,18,121,93,49,89,89,89,89,89,89,89],"gold":656,"neow_bonus":"","is_daily":false,"chose_seed":false,"campfire_upgraded":2,"win_rate":0.0,"timestamp":1612407456,"path_taken":["M","M","M","COS","?","E","M","E","T","?","M","?","E","?","R","BOSS","M","M","$","M","M","R","E"],"items_purchased_type":["Relic"],"build_version":"2020-12-22","purchased_purges":1,"victory":false,"max_hp_per_floor":[72,110,110,110,110,110,110,114,114,114,120,120,120,120,120,123,93,79,89,89,89,89,89,89,89],"card_choices":[{"not_picked":["VoidDream","OldLady","LittleHelper"],"picked":"Singing Bowl","floor":1.0},{"not_picked":["SpiderBud","OSAHOGD"],"picked":"Porccubus","floor":1.0},{"not_picked":["ats:Blood Oath","ats:Burning Ground"],"picked":"ats:Hammer On","floor":1.0},{"not_picked":["QueenBee","SpiderBud","UniverseFragment"],"picked":"Singing Bowl","floor":2.0},{"not_picked":["ats:Shell Defense","ats:Absolute Focus","ats:Very Hot Blade","ats:Poison Spread"],"picked":"ats:Apocalypse","floor":2.0},{"not_picked":["FairyFestival","Mercenary"],"picked":"Funeral","floor":3.0},{"not_picked":["ats:Overload","ats:Serious Mode","ats:Shell Defense","ats:Poison Spread"],"picked":"ats:Mental Burst","floor":3.0},{"not_picked":["Scorched","MHz","OSAHOGD"],"picked":"Singing Bowl","floor":6.0},{"not_picked":["ats:LN2 Cannon","ats:Very Hot Blade","ats:Leaping Hammer","ats:Burning Ground"],"picked":"ats:Song Of Battle","floor":6.0},{"not_picked":["SpiderBud","Freischutz","Bloodbath"],"picked":"Singing Bowl","floor":7.0},{"not_picked":["CherryBlossoms","FieryBird"],"picked":"Mercenary","floor":7.0},{"not_picked":["ats:Rapid Magazine","ats:Healing Drone","ats:Revitalization","ats:Curse Doll"],"picked":"ats:Assault Order","floor":7.0},{"not_picked":["QueenBee","GreedKing","BlackSwan"],"picked":"Singing Bowl","floor":8.0},{"not_picked":["ats:Closed Bolt Burst Fire","ats:Soul Rend","ats:Revitalization","ats:Flame Of Heaven"],"picked":"ats:Volcano","floor":8.0},{"not_picked":["CherryBlossoms","Variant","Murderer"],"picked":"Singing Bowl","floor":11.0},{"not_picked":["Scorched","GreedKing"],"picked":"CENSORED","floor":11.0},{"not_picked":["ats:True Silver Slash","ats:Sashimi Platter","ats:Powerful Strike","ats:Collapsing Strike"],"picked":"ats:Red Shift","floor":11.0},{"not_picked":["Wellcheers","LittlePrince"],"picked":"FieryBird","floor":12.0},{"not_picked":["ats:Composite Medical Shells","ats:Shadow Raid","ats:Blood Oath","ats:Curse Doll"],"picked":"ats:Ignite","floor":12.0},{"not_picked":["FairyFestival","OSAHOGD"],"picked":"Funeral","floor":13.0},{"not_picked":["ats:Neurotoxin","ats:Cat Scratch","ats:Collapsing Strike","ats:Charging Defense","ats:Hammer On"],"picked":"SKIP","floor":13.0},{"not_picked":["CrumblingArmor","LittleHelper"],"picked":"BigBird","floor":16.0},{"not_picked":["ats:Volcano","ats:Ambush","ats:True Silver Slash","ats:Disruption Kick"],"picked":"ats:Shadow Assault","floor":16.0},{"not_picked":["OldLady","UniverseFragment","FairyFestival"],"picked":"Singing Bowl","floor":18.0},{"not_picked":["ats:Hammer On","ats:Charging Defense","ats:Cat Scratch+1","ats:Encircling Forest","ats:Sword Rain"],"picked":"SKIP","floor":18.0},{"not_picked":["Rudolta","RedShoes","Murderer"],"picked":"Singing Bowl","floor":19.0},{"not_picked":["ats:Apocalypse","ats:Sashimi Platter","ats:Powerful Strike","ats:Encircling Forest","ats:Charging Defense"],"picked":"SKIP","floor":19.0},{"not_picked":["CrumblingArmor","WallGazer","Scarecrow"],"picked":"Singing Bowl","floor":21.0},{"not_picked":["ats:Echo Reverb","ats:Blood Oath","ats:Apocalypse+1","ats:Overload+1","ats:Cat Scratch"],"picked":"SKIP","floor":21.0},{"not_picked":["MHz","ShyLook","SnowQueen"],"picked":"Singing Bowl","floor":22.0},{"not_picked":["ats:Guardian Obelisk","ats:Leaping Hammer","ats:Guard Mode","ats:Curse Doll+1","ats:Neurotoxin+1"],"picked":"SKIP","floor":22.0}],"player_experience":38344,"relics_obtained":[{"floor":1.0,"key":"SynthV:TestCard"},{"floor":1.0,"key":"LetterFromLob"},{"floor":1.0,"key":"Baka"},{"floor":6.0,"key":"ats:Originium"},{"floor":6.0,"key":"DemoMod:NanoMachines"},{"floor":8.0,"key":"ats:Originium"},{"floor":8.0,"key":"Blue Doll"},{"floor":13.0,"key":"ats:Originium"},{"floor":13.0,"key":"Bag of Preparation"}],"event_choices":[],"is_beta":false,"boss_relics":[{"not_picked":["Cursed Key","bronze:MakeshiftBattery"],"picked":"Replay:Drink Me"},{"not_picked":[]}],"items_purged_floors":[20],"is_endless":false,"potions_floor_spawned":[1,3,8,11,12,22],"killed_by":"Gensokyo:Koishi","ascension_level":1}}