{"host":"2c1pg2m9wpz3w4c0","time":1612400605,"event":{"mods":["A Penny For Your Troubles","AchievementEnabler","Act Like it!","Aspiration","BaseMod","Better Note","BetterRewards","Curses Come First","Disable Question Mark Monsters","Evolution","Halation","Hubris","Infinite Spire","Lotus Mark","Marisa????????","Minty Spire (QoL Compilation)","Reliquary","Replay The Spire","StSLib","SuperFastMode","The Clintock","The Jungle","The Marked","The Runesmith","Transform Curses","Wide Potions"],"gold_per_floor":[115,115,130,130,144,144,157,157,182,182,198,215,215,227,227,328,328,341,29,129,144,154,187,203,217,244,244,261,261,272,299,299,401,401,411,426,426,436,450,479,498,508,577,577,577,430,454,479,479,480],"floor_reached":51,"language":"ENG","playtime":2867,"items_purged":[],"score":950,"play_id":"dd7188ab-83fa-4dc1-8d22-43899cfa7b94","local_time":"20210203180325","is_ascension_mode":false,"campfire_choices":[{"floor":6,"key":"DIG"},{"data":"Runesmith:Fortify","floor":8,"key":"SMITH"},{"floor":13,"key":"DIG"},{"data":"Runesmith:GoWithTheFlow","floor":15,"key":"SMITH"},{"data":"Runesmith:CraftMagma","floor":15,"key":"SMITH"},{"data":"hubris:DuctTapeCard","floor":27,"key":"SMITH"},{"data":"Runesmith:PoweredAnvil","floor":27,"key":"SMITH"},{"data":"Runesmith:WhiteBalance","floor":29,"key":"SMITH"},{"data":"Runesmith:LithiumIon","floor":29,"key":"SMITH"},{"floor":32,"key":"DIG"},{"floor":44,"key":"DIG"},{"data":"Runesmith:GrandSlam","floor":49,"key":"SMITH"},{"data":"Bandage Up","floor":49,"key":"SMITH"}],"circlet_count":0,"master_deck":["Runesmith:Strike_RS","Runesmith:Strike_RS","Runesmith:Strike_RS+1","Runesmith:Defend_RS+1","Runesmith:Defend_RS","Runesmith:Defend_RS","Runesmith:Defend_RS","Runesmith:CraftFirestone","Runesmith:Fortify+1","Runesmith:PoweredAnvil+1","Bandage Up+1","Runesmith:LithiumIon+1","Runesmith:EnergizedChisel","Runesmith:BackupBattery","Runesmith:GoWithTheFlow+1","Runesmith:MetallurgicalResearch+1","Runesmith:RuneHurl+1","Runesmith:ArcReactor","Runesmith:PerfectChisel+1","Runesmith:EarthShield+1","hubris:DuctTapeCard+2","Runesmith:CraftIncendium+1","Runesmith:CraftMagma+1","Runesmith:CraftProtectio+1","Runesmith:WhiteBalance+1","Runesmith:LithiumIon+1","Runesmith:CraftIndustria+1","Runesmith:EarthShield+1","Runesmith:GoWithTheFlow+1","Runesmith:StaticCage+1","Runesmith:Terraform+1","Runesmith:Refine+1","Runesmith:GrandSlam+1","Runesmith:EarthShield+1","Runesmith:Grindstone+1"],"relics":["Runesmith:BrokenRuby","EVO:Axolotl","infinitespire:WardingShard","Shovel","reliquary:SharkskinSheath","ReplayTheSpireMod:Lightbulb","Replay:Arrowhead","Toxic Egg 2","Honey Jar","Strange Spoon","aspiration:SeaSaltIceCream","hubris:DuctTape","reliquary:Buckler","Smiling Mask","Tiny Chest","hubris:Backtick","Runesmith:AutoHammer","Quantum Egg","aspiration:FrozenJewel","hubris:BottledRain","Replay:Bottled Steam","aspiration:TomeofQuesting","Lantern"],"acts_visited":["Exordium","theJungle:Jungle","TheBeyond"],"potions_floor_usage":[7,7,16,16,24,28,33,33,36,41,48,50],"damage_taken":[{"damage":0,"enemies":"2 Louse","floor":1,"turns":3},{"damage":0,"enemies":"Cultist","floor":3,"turns":4},{"damage":3,"enemies":"Jaw Worm","floor":5,"turns":5},{"damage":7,"enemies":"Exordium Thugs","floor":7,"turns":6},{"damage":0,"enemies":"2 Fungi Beasts","floor":11,"turns":4},{"damage":5,"enemies":"Looter","floor":12,"turns":3},{"damage":0,"enemies":"Red Slaver","floor":14,"turns":4},{"damage":7,"enemies":"Slime Boss","floor":16,"turns":8},{"damage":9,"enemies":"theJungle:MUSHROOMGANG","floor":18,"turns":5},{"damage":10,"enemies":"theJungle:5_Spyders","floor":21,"turns":6},{"damage":0,"enemies":"theJungle:SlimyTreeVines","floor":22,"turns":6},{"damage":13,"enemies":"theJungle:Cassacara","floor":23,"turns":7},{"damage":0,"enemies":"theJungle:2_Snecko_Cultists","floor":24,"turns":3},{"damage":0,"enemies":"Snake Plant","floor":25,"turns":4},{"damage":3,"enemies":"theJungle:Lyon","floor":28,"turns":5},{"damage":0,"enemies":"theJungle:Snecko_Cultist_And_Trap","floor":30,"turns":4},{"damage":2,"enemies":"theJungle:FunGuy","floor":33,"turns":8},{"damage":3,"enemies":"3 Shapes","floor":35,"turns":5},{"damage":15,"enemies":"3 Darklings","floor":36,"turns":5},{"damage":0,"enemies":"Transient","floor":38,"turns":5},{"damage":11,"enemies":"Jaw Worm Horde","floor":39,"turns":5},{"damage":12,"enemies":"Reptomancer","floor":40,"turns":5},{"damage":8,"enemies":"Maw","floor":41,"turns":7},{"damage":1,"enemies":"3 Darklings","floor":42,"turns":6},{"damage":0,"enemies":"R_Hoarder","floor":48,"turns":9},{"damage":20,"enemies":"Time Eater","floor":50,"turns":11}],"seed_played":"7127492541162915094","potions_obtained":[{"floor":3,"key":"Languid Potion"},{"floor":5,"key":"SpeedPotion"},{"floor":12,"key":"Strength Potion"},{"floor":14,"key":"BlessingOfTheForge"},{"floor":23,"key":"GamblersBrew"},{"floor":25,"key":"EssenceOfSteel"},{"floor":28,"key":"Elixir"},{"floor":30,"key":"Block Potion"},{"floor":33,"key":"Regen Potion"},{"floor":38,"key":"SmokeBomb"},{"floor":40,"key":"GamblersBrew"},{"floor":48,"key":"Strength Potion"}],"is_trial":false,"path_per_floor":["M","?","M","$","M","R","M","R","T","T","M","M","R","M","R","B",null,"M","$","?","M","M","E","M","M","T","R","M","R","M","T","R","B",null,"M","M","?","M","M","E","M","M","T","R","?","$","T","E","R","B",null],"character_chosen":"RUNESMITH_CLASS","items_purchased":["infinitespire:WardingShard","Runesmith:PoweredAnvil","Runesmith:ChiselStab","Bandage Up","Runesmith:LithiumIon","Strange Spoon","Runesmith:ArcReactor","Runesmith:EarthShield+1","Fruit Juice"],"campfire_rested":0,"item_purchase_floors":[0,0,0,0,0,19,19,46,46],"current_hp_per_floor":[43,43,47,47,48,48,45,45,45,45,49,48,48,52,52,49,70,66,66,66,56,68,61,67,67,67,67,67,67,67,67,67,70,70,67,65,65,70,65,57,53,56,56,56,56,56,56,65,65,45],"gold":480,"neow_bonus":"","is_daily":false,"chose_seed":false,"campfire_upgraded":9,"win_rate":0.0,"timestamp":1612400605,"path_taken":["M","?","?","?","M","R","M","R","T","?","M","M","R","M","R","BOSS","M","$","?","M","M","E","?","M","T","R","M","R","M","?","R","BOSS","M","M","?","M","?","E","M","M","T","R","?","$","?","E","R","BOSS"],"items_purchased_type":["Relic","Card","Card","Card","Card","Relic","Card","Card","Potion"],"build_version":"2020-12-22","purchased_purges":0,"victory":true,"max_hp_per_floor":[70,70,70,70,70,70,70,70,70,70,70,70,70,70,70,70,70,70,70,70,70,70,70,70,70,70,70,70,70,70,70,70,70,70,70,70,70,70,70,70,70,70,70,70,70,70,70,75,75,75],"card_choices":[{"not_picked":["Runesmith:CraftIncendium","Runesmith:HammerTime"],"picked":"Runesmith:EnergizedChisel","floor":1},{"not_picked":["Runesmith:HeatedChisel","Runesmith:BackupBattery"],"picked":"Runesmith:CraftMagma","floor":3},{"not_picked":["Runesmith:ShiftingStrike","Runesmith:UnstableHammer"],"picked":"Runesmith:BackupBattery","floor":5},{"not_picked":["Runesmith:UnstableHammer","Runesmith:Overpower","Runesmith:ElementalConversion"],"picked":"SKIP","floor":7},{"not_picked":["Runesmith:UnstableHammer","Runesmith:CraftMagma"],"picked":"Runesmith:HammerThrow","floor":11},{"not_picked":["Runesmith:Augment","Runesmith:Repurpose","Runesmith:Superposition"],"picked":"SKIP","floor":12},{"not_picked":["Runesmith:LastStand+1","Runesmith:Firestorm"],"picked":"Runesmith:GoWithTheFlow","floor":14},{"not_picked":["Runesmith:FissionHammer","Runesmith:DuctTape"],"picked":"Runesmith:MetallurgicalResearch+1","floor":16},{"not_picked":["Runesmith:HeatedChisel","Runesmith:PoweredAnvil","Runesmith:ElementalConversion+1"],"picked":"Runesmith:RuneHurl+1","floor":18},{"not_picked":["Runesmith:Retool+1","Runesmith:HammerThrow","Runesmith:RunicBlueprint+1"],"picked":"Runesmith:PerfectChisel+1","floor":21},{"not_picked":["Runesmith:RuneHurl","Runesmith:ChargedHammer","Runesmith:Malloc+1"],"picked":"Runesmith:EarthShield+1","floor":22},{"not_picked":["Runesmith:RuneHurl+1","Runesmith:LastStand+1","Runesmith:Overpower"],"picked":"Runesmith:CraftIncendium+1","floor":23},{"not_picked":["Runesmith:ShiftingStrike","Runesmith:Repurpose+1","Runesmith:HeatExchange"],"picked":"Runesmith:CraftMagma+1","floor":24},{"not_picked":["Runesmith:ShiftingStrike","Runesmith:Overpower+1","Runesmith:Retool+1"],"picked":"Runesmith:CraftProtectio+1","floor":25},{"not_picked":["Runesmith:HeatExchange","Runesmith:Repurpose+1","Runesmith:EarthShield+1"],"picked":"Runesmith:WhiteBalance","floor":28},{"not_picked":["Runesmith:UnlimitedPower","Runesmith:CraftReservo+1","Runesmith:ShiftingStrike"],"picked":"Runesmith:LithiumIon+1","floor":30},{"not_picked":["Runesmith:LastStand+1","Runesmith:LightningRod+1","Runesmith:DuctTape"],"picked":"Runesmith:CraftIndustria+1","floor":33},{"not_picked":["Runesmith:CraftReservo+1","Runesmith:BackupBattery+1","Runesmith:HeatedChisel"],"picked":"Runesmith:EarthShield+1","floor":35},{"not_picked":["Runesmith:OneForEveryone","Runesmith:Augment+1","Runesmith:WhiteBalance"],"picked":"Runesmith:GoWithTheFlow+1","floor":36},{"not_picked":["Runesmith:UnstableHammer+1","Runesmith:HeatExchange+1","Runesmith:NegativeSpace+1"],"picked":"Runesmith:StaticCage+1","floor":38},{"not_picked":["Runesmith:RunicBlueprint+1","Runesmith:ShiftingStrike","Runesmith:ChiselStab"],"picked":"Runesmith:Terraform+1","floor":39},{"not_picked":["Runesmith:CraftIncendium+1","Runesmith:Firewall+1","Runesmith:CraftProtectio+1"],"picked":"Runesmith:Refine+1","floor":40},{"not_picked":["Runesmith:Empowerment+1","Runesmith:FrozenChisel","Runesmith:PerfectChisel"],"picked":"Runesmith:GrandSlam","floor":41},{"not_picked":["Runesmith:MakeshiftArmor+1","Runesmith:Permafrost+1","Runesmith:CraftProtectio+1","Runesmith:UnstableHammer+1"],"picked":"SKIP","floor":42},{"not_picked":["Runesmith:EnergizedChisel+1","Runesmith:Malloc+1","Runesmith:Permafrost"],"picked":"Runesmith:Grindstone+1","floor":48}],"player_experience":1222576,"relics_obtained":[{"floor":6,"key":"reliquary:SharkskinSheath"},{"floor":9,"key":"ReplayTheSpireMod:Lightbulb"},{"floor":10,"key":"Replay:Arrowhead"},{"floor":13,"key":"Toxic Egg 2"},{"floor":23,"key":"aspiration:SeaSaltIceCream"},{"floor":26,"key":"reliquary:Buckler"},{"floor":31,"key":"Smiling Mask"},{"floor":32,"key":"Tiny Chest"},{"floor":40,"key":"aspiration:FrozenJewel"},{"floor":43,"key":"hubris:BottledRain"},{"floor":44,"key":"Replay:Bottled Steam"},{"floor":47,"key":"aspiration:TomeofQuesting"},{"floor":48,"key":"Lantern"}],"event_choices":[{"cards_removed":["Runesmith:Strike_RS"],"damage_healed":0,"gold_gain":0,"player_choice":"Offered Basic","damage_taken":0,"max_hp_gain":0,"max_hp_loss":0,"event_name":"Bonfire Elementals","floor":2,"gold_loss":0},{"damage_healed":0,"gold_gain":100,"player_choice":"Pray","damage_taken":0,"max_hp_gain":0,"max_hp_loss":0,"event_name":"Golden Shrine","floor":20,"gold_loss":0},{"cards_removed":["Runesmith:HammerThrow"],"damage_healed":0,"gold_gain":0,"player_choice":"Gave Card","damage_taken":0,"relics_obtained":["Quantum Egg"],"max_hp_gain":0,"max_hp_loss":0,"event_name":"WeMeetAgain","floor":37,"gold_loss":0}],"is_beta":false,"boss_relics":[{"not_picked":["reliquary:Craggleroot","hubris:VirtuousBlindfold"],"picked":"Honey Jar"},{"not_picked":["Painkiller Herb","aspiration:IroncladSkillbook"],"picked":"hubris:Backtick"}],"items_purged_floors":[],"is_endless":false,"potions_floor_spawned":[3,5,12,14,23,25,28,30,33,38,40,48],"ascension_level":0}}