{"host":"jxmsv4d84jcvxth5","time":1612406249,"event":{"mods":["BaseMod","Colored Map","Minty Spire (QoL Compilation)","Relic Stats","StSLib"],"gold_per_floor":[114,129,129,129,140,169,169,169,193,193,206,206,221,250,250,327,327,346,362,372,391,391,391],"floor_reached":22,"language":"ENG","playtime":2062,"items_purged":[],"score":435,"play_id":"7a3bed38-069f-4264-bd47-6701d9cf8b05","local_time":"20210203213729","is_ascension_mode":true,"campfire_choices":[{"data":"TalkToTheHand","floor":8,"key":"SMITH"},{"data":"BattleHymn","floor":10,"key":"SMITH"},{"floor":12,"key":"REST"},{"data":"Eruption","floor":15,"key":"SMITH"}],"circlet_count":0,"master_deck":["AscendersBane","Strike_P","Strike_P","Strike_P","Strike_P","Defend_P","Defend_P","Defend_P","Defend_P","Eruption+1","Vigilance+1","SashWhip","BattleHymn+1","Wireheading","TalkToTheHand+1","WheelKick","EmptyBody","JustLucky","ThirdEye+1","SpiritShield","FearNoEvil"],"relics":["PureWater","Kunai","Vajra","Bag of Preparation","War Paint","SlaversCollar"],"acts_visited":["Exordium","TheCity"],"potions_floor_usage":[6,14,22],"damage_taken":[{"damage":9,"enemies":"Jaw Worm","floor":1,"turns":4},{"damage":6,"enemies":"Small Slimes","floor":2,"turns":4},{"damage":0,"enemies":"Cultist","floor":5,"turns":4},{"damage":27,"enemies":"3 Sentries","floor":6,"turns":6},{"damage":0,"enemies":"Exordium Wildlife","floor":11,"turns":4},{"damage":5,"enemies":"Gremlin Gang","floor":13,"turns":4},{"damage":0,"enemies":"Lagavulin","floor":14,"turns":5},{"damage":6,"enemies":"The Guardian","floor":16,"turns":10},{"damage":4,"enemies":"Shell Parasite","floor":18,"turns":4},{"damage":12,"enemies":"Spheric Guardian","floor":19,"turns":5},{"damage":0,"enemies":"Snecko","floor":20,"turns":7},{"damage":7,"enemies":"Chosen and Byrds","floor":21,"turns":8},{"damage":14,"enemies":"Masked Bandits","floor":22,"turns":3}],"seed_played":"9074085244973298388","potions_obtained":[{"floor":1,"key":"AttackPotion"},{"floor":5,"key":"FearPotion"},{"floor":13,"key":"FearPotion"},{"floor":18,"key":"PowerPotion"}],"is_trial":false,"path_per_floor":["M","M","?","?","M","E","T","R","T","R","M","R","M","E","R","B",null,"M","M","M","M","?"],"character_chosen":"WATCHER","items_purchased":[],"campfire_rested":1,"item_purchase_floors":[],"current_hp_per_floor":[52,46,51,51,51,24,24,24,24,24,24,45,40,40,40,34,63,59,47,47,40,26,26],"gold":391,"neow_bonus":"THREE_CARDS","is_daily":false,"chose_seed":false,"campfire_upgraded":3,"win_rate":0.0,"timestamp":1612406249,"path_taken":["M","M","?","?","?","E","?","R","T","R","M","R","M","E","R","BOSS","M","M","?","M","?"],"items_purchased_type":[],"build_version":"2020-12-22","purchased_purges":0,"victory":false,"max_hp_per_floor":[68,68,73,73,73,73,73,73,73,73,73,73,73,73,73,73,73,73,73,73,73,73,73],"relic_stats":{"counters":[13,68],"Bag of Preparation":[18],"Kunai":[21],"War Paint":["ThirdEye","Vigilance"],"obtain_stats":[{"SlaversCollar":17,"Vajra":7,"Bag of Preparation":9,"Kunai":6,"PureWater":0,"War Paint":14},{"SlaversCollar":8,"Vajra":4,"Bag of Preparation":4,"Kunai":4,"PureWater":0,"War Paint":7},{"SlaversCollar":41,"Vajra":18,"Bag of Preparation":18,"Kunai":18,"PureWater":0,"War Paint":31}]},"card_choices":[{"not_picked":["ThirdEye","ClearTheMind"],"picked":"SashWhip","floor":0.0},{"not_picked":["PathToVictory","Fasting2"],"picked":"BattleHymn","floor":1},{"not_picked":["ClearTheMind","FlyingSleeves"],"picked":"Wireheading","floor":2},{"not_picked":["Halt","Swivel"],"picked":"WheelKick","floor":5},{"not_picked":["Wish","Consecrate"],"picked":"EmptyBody","floor":6},{"not_picked":["Prostrate","ClearTheMind"],"picked":"JustLucky","floor":11},{"not_picked":["CutThroughFate","EmptyBody"],"picked":"ThirdEye","floor":13},{"not_picked":["FlyingSleeves","BowlingBash","CutThroughFate"],"picked":"SKIP","floor":14},{"not_picked":["Devotion","Judgement"],"picked":"SpiritShield","floor":16},{"not_picked":["SashWhip","Halt","JustLucky"],"picked":"SKIP","floor":18},{"not_picked":["EmptyBody","Crescendo"],"picked":"FearNoEvil","floor":19},{"not_picked":["FollowUp","JustLucky","CrushJoints+1"],"picked":"SKIP","floor":20},{"not_picked":["Prostrate","SpiritShield","Collect"],"picked":"SKIP","floor":21},{"not_picked":["Prostrate","SpiritShield","Collect"],"picked":"SKIP","floor":21},{"not_picked":["Prostrate","SpiritShield","Collect"],"picked":"SKIP","floor":21}],"player_experience":1546083,"relics_obtained":[{"floor":6,"key":"Kunai"},{"floor":7,"key":"Vajra"},{"floor":9,"key":"Bag of Preparation"},{"floor":14,"key":"War Paint"}],"event_choices":[{"damage_healed":0,"gold_gain":0,"player_choice":"Donut","damage_taken":0,"max_hp_gain":5,"max_hp_loss":0,"event_name":"Big Fish","floor":3,"gold_loss":0},{"damage_healed":0,"gold_gain":0,"player_choice":"1 cards matched","damage_taken":0,"max_hp_gain":0,"max_hp_loss":0,"event_name":"Match and Keep!","floor":4,"gold_loss":0,"cards_obtained":["TalkToTheHand"]},{"damage_healed":0,"gold_gain":0,"player_choice":"Fought Bandits","damage_taken":0,"max_hp_gain":0,"max_hp_loss":0,"event_name":"Masked Bandits","floor":22,"gold_loss":0}],"is_beta":false,"boss_relics":[{"not_picked":["HolyWater","Cursed Key"],"picked":"SlaversCollar"}],"items_purged_floors":[],"is_endless":false,"potions_floor_spawned":[1,5,13,18,19],"killed_by":"Masked Bandits","ascension_level":19}}