{"host":"facnppb4175fcpe2","time":1612460061,"event":{"mods":["AchievementEnabler","BaseMod","Colored Map","Colored Powertips","Highlight Path","Minty Spire (QoL Compilation)","Quick Restart","Rare Cards Sparkle","Relic Stats","StSLib","SuperFastMode"],"gold_per_floor":[116,116,116,134,134,169,169,183,230,255,272,304,318,332,332,332,332],"floor_reached":16,"language":"ZHS","playtime":384,"items_purged":[],"score":159,"play_id":"e22dc5f4-8c6c-4b99-bf49-c8f3f6a57f17","local_time":"20210205013421","is_ascension_mode":true,"campfire_choices":[{"data":"Defend_G","floor":7.0,"key":"SMITH"},{"floor":15.0,"key":"REST"}],"circlet_count":0,"master_deck":["Strike_G+1","Strike_G","Strike_G+1","Strike_G+1","Defend_G","Defend_G","Defend_G","Defend_G+1","Defend_G+1","Survivor+1","Neutralize","Dagger Spray","Die Die Die","Infinite Blades","Cloak And Dagger","Deadly Poison","Glass Knife","Blade Dance"],"relics":["Ring of the Snake","Bag of Marbles","Whetstone","Tiny Chest","FossilizedHelix"],"acts_visited":["Exordium"],"potions_floor_usage":[16,16],"damage_taken":[{"damage":0.0,"enemies":"2 Louse","floor":1.0,"turns":3.0},{"damage":0.0,"enemies":"Small Slimes","floor":4.0,"turns":3.0},{"damage":26.0,"enemies":"Gremlin Nob","floor":6.0,"turns":5.0},{"damage":0.0,"enemies":"Jaw Worm","floor":8.0,"turns":3.0},{"damage":8.0,"enemies":"3 Sentries","floor":10.0,"turns":6.0},{"damage":0.0,"enemies":"Blue Slaver","floor":11.0,"turns":3.0},{"damage":7.0,"enemies":"Gremlin Nob","floor":12.0,"turns":3.0},{"damage":0.0,"enemies":"Exordium Thugs","floor":13.0,"turns":2.0},{"damage":0.0,"enemies":"Lots of Slimes","floor":14.0,"turns":2.0},{"damage":30,"enemies":"Hexaghost","floor":16,"turns":9}],"seed_played":"-8515607112234501781","potions_obtained":[{"floor":4.0,"key":"Dexterity Potion"},{"floor":8.0,"key":"FearPotion"},{"floor":11.0,"key":"Dexterity Potion"}],"is_trial":false,"path_per_floor":["M","?","?","M","?","E","R","M","T","E","M","E","M","M","R","B"],"character_chosen":"THE_SILENT","items_purchased":[],"campfire_rested":1,"item_purchase_floors":[],"current_hp_per_floor":[70,63,48,48,48,22,22,22,22,14,14,7,7,7,30,0,0],"gold":332,"neow_bonus":"TEN_PERCENT_HP_BONUS","is_daily":false,"chose_seed":false,"campfire_upgraded":1,"win_rate":0.0,"timestamp":1612460061,"path_taken":["M","?","?","M","?","E","R","M","T","E","M","E","M","M","R","BOSS"],"items_purchased_type":[],"build_version":"2020-12-22","purchased_purges":0,"victory":false,"max_hp_per_floor":[77,77,77,77,77,77,77,77,77,77,77,77,77,77,77,77,77],"relic_stats":{"counters":[10,39],"Tiny Chest":0,"Whetstone":["Strike_G","Strike_G"],"obtain_stats":[{"Tiny Chest":10,"Bag of Marbles":6,"Whetstone":9,"FossilizedHelix":12,"Ring of the Snake":0},{"Tiny Chest":5,"Bag of Marbles":3,"Whetstone":4,"FossilizedHelix":7,"Ring of the Snake":0},{"Tiny Chest":20,"Bag of Marbles":11,"Whetstone":14,"FossilizedHelix":26,"Ring of the Snake":0}],"Ring of the Snake":[20]},"card_choices":[{"not_picked":["Prepared","Expertise"],"picked":"Dagger Spray","floor":1.0},{"not_picked":["Dagger Throw","Slice","Flying Knee"],"picked":"SKIP","floor":4.0},{"not_picked":["Acrobatics","Quick Slash"],"picked":"Die Die Die","floor":6.0},{"not_picked":["Finisher","Dagger Throw"],"picked":"Infinite Blades","floor":8.0},{"not_picked":["Deflect","Slice"],"picked":"Cloak And Dagger","floor":10.0},{"not_picked":["Tactician","Flying Knee","Dagger Spray"],"picked":"SKIP","floor":11.0},{"not_picked":["Distraction","Dagger Spray"],"picked":"Deadly Poison","floor":12.0},{"not_picked":["Dagger Throw","Caltrops"],"picked":"Glass Knife","floor":13.0},{"not_picked":["Leg Sweep","Cloak And Dagger"],"picked":"Blade Dance","floor":14.0}],"player_experience":130483,"relics_obtained":[{"floor":6.0,"key":"Bag of Marbles"},{"floor":9.0,"key":"Whetstone"},{"floor":10.0,"key":"Tiny Chest"},{"floor":12.0,"key":"FossilizedHelix"}],"event_choices":[{"cards_removed":["Strike_G"],"damage_healed":0.0,"max_hp_gain":0.0,"max_hp_loss":0.0,"gold_gain":0.0,"event_name":"Golden Wing","player_choice":"Card Removal","floor":2.0,"gold_loss":0.0,"damage_taken":7.0},{"damage_healed":0.0,"max_hp_gain":0.0,"max_hp_loss":0.0,"gold_gain":0.0,"event_name":"Shining Light","player_choice":"Entered Light","floor":3.0,"gold_loss":0.0,"damage_taken":15.0,"cards_upgraded":["Strike_G","Survivor"]},{"damage_healed":0.0,"max_hp_gain":0.0,"max_hp_loss":0.0,"gold_gain":0.0,"event_name":"Living Wall","player_choice":"Grow","floor":5.0,"gold_loss":0.0,"damage_taken":0.0,"cards_upgraded":["Defend_G"]}],"is_beta":false,"boss_relics":[],"items_purged_floors":[],"is_endless":false,"potions_floor_spawned":[4,8,11],"killed_by":"Hexaghost","ascension_level":6}}