{"host":"2se5dq1do2gp0x9k","time":1612418805,"event":{"mods":["AchievementEnabler","BaseMod","Block Reminder","Colored Map","Colored Powertips","Minty Spire (QoL Compilation)","Relic Stats","StSLib","SuperFastMode"],"gold_per_floor":[117,131,146,116,133,167,182,182,182],"floor_reached":8,"language":"ENG","playtime":249,"items_purged":[],"score":120,"play_id":"5a04578b-653a-4a73-962e-7da60a963ee7","local_time":"20210203220645","is_ascension_mode":true,"campfire_choices":[],"circlet_count":0,"master_deck":["AscendersBane","Strike_B","Strike_B","Strike_B","Strike_B","Defend_B","Defend_B","Defend_B","Defend_B","Zap","Dualcast","Loop","Sunder","Conserve Battery","Ball Lightning","Hologram","Defragment"],"relics":["Cracked Core","NeowsBlessing","Eternal Feather"],"acts_visited":["Exordium"],"potions_floor_usage":[6,8],"damage_taken":[{"damage":0,"enemies":"2 Louse","floor":1,"turns":1},{"damage":0,"enemies":"Cultist","floor":2,"turns":1},{"damage":0,"enemies":"Jaw Worm","floor":3,"turns":1},{"damage":19,"enemies":"Gremlin Gang","floor":5,"turns":4},{"damage":8,"enemies":"Gremlin Nob","floor":6,"turns":3},{"damage":1,"enemies":"Looter","floor":7,"turns":3},{"damage":40,"enemies":"3 Sentries","floor":8,"turns":6}],"seed_played":"6604563186489715029","potions_obtained":[{"floor":1,"key":"GamblersBrew"},{"floor":2,"key":"Weak Potion"},{"floor":4,"key":"Strength Potion"},{"floor":4,"key":"AttackPotion"}],"is_trial":false,"path_per_floor":["M","M","M","?","M","E","M","E"],"character_chosen":"DEFECT","items_purchased":[],"campfire_rested":0,"item_purchase_floors":[],"current_hp_per_floor":[64,64,64,64,45,37,36,0,0],"gold":182,"neow_bonus":"THREE_ENEMY_KILL","is_daily":false,"chose_seed":false,"campfire_upgraded":0,"win_rate":0.0,"timestamp":1612418805,"path_taken":["M","M","M","?","M","E","M","E"],"items_purchased_type":[],"build_version":"2020-12-22","purchased_purges":0,"victory":false,"max_hp_per_floor":[71,71,71,71,71,71,71,71,71],"relic_stats":{"counters":[7,19],"Eternal Feather":0,"obtain_stats":[{"NeowsBlessing":0,"Eternal Feather":6,"Cracked Core":0},{"NeowsBlessing":0,"Eternal Feather":5,"Cracked Core":0},{"NeowsBlessing":0,"Eternal Feather":10,"Cracked Core":0}]},"card_choices":[{"not_picked":["Reprogram","Steam"],"picked":"Loop","floor":1},{"not_picked":["Reprogram","Self Repair"],"picked":"Sunder","floor":2},{"not_picked":["Streamline","Beam Cell"],"picked":"Conserve Battery","floor":3},{"not_picked":["Gash","Compile Driver"],"picked":"Ball Lightning","floor":5},{"not_picked":["Heatsinks","Gash"],"picked":"Hologram","floor":6},{"not_picked":["Sweeping Beam","Aggregate"],"picked":"Defragment","floor":7}],"player_experience":4067400,"relics_obtained":[{"floor":6,"key":"Eternal Feather"}],"event_choices":[{"damage_healed":0,"gold_gain":0,"player_choice":"Bought 2 Potions","damage_taken":0,"max_hp_gain":0,"max_hp_loss":0,"event_name":"The Woman in Blue","floor":4,"gold_loss":0}],"is_beta":false,"boss_relics":[],"items_purged_floors":[],"is_endless":false,"potions_floor_spawned":[1,2,5],"killed_by":"3 Sentries","ascension_level":20}}