{"host":"phniwng9zo19jwdb","time":1612458715,"event":{"mods":["AchievementEnabler","BaseMod","Colored Powertips","Dark Map","Faster Ascension Climbing","GifTheSpireLib","Minty Spire (QoL Compilation)","Permanent Neow","Rare Cards Sparkle","Relic Filter Mod","StSLib","Weighted Paths"],"gold_per_floor":[16,32,32,47,57,87,87,101,183,208,222,222,232,307,307,379,379,394,394,412,428,428,428],"floor_reached":22,"language":"ENG","playtime":870,"items_purged":[],"score":400,"play_id":"e0f15032-6fb9-4920-814f-5e9d3c8fe914","local_time":"20210204181155","is_ascension_mode":true,"campfire_choices":[{"data":"Apotheosis","floor":7,"key":"SMITH"},{"data":"Tactician","floor":12,"key":"SMITH"},{"data":"Infinite Blades","floor":15,"key":"SMITH"}],"circlet_count":0,"master_deck":["AscendersBane","Strike_G","Strike_G","Strike_G","Strike_G","Strike_G","Defend_G","Defend_G","Defend_G","Defend_G","Defend_G","Survivor","Neutralize","Apotheosis+1","Tactician+1","Backflip","Underhanded Strike","Poisoned Stab","Distraction+1","Calculated Gamble+1","Bullet Time+1","Infinite Blades+1","Acrobatics+1","Envenom","Outmaneuver+1","Shame","Blade Dance+1","Prepared+1"],"relics":["Ring of the Snake","Toxic Egg 2","Tough Bandages","Eternal Feather","Juzu Bracelet","Black Star","Pantograph"],"acts_visited":["Exordium","TheCity"],"potions_floor_usage":[10,18,20,21],"damage_taken":[{"damage":0,"enemies":"2 Louse","floor":1,"turns":4},{"damage":0,"enemies":"Cultist","floor":2,"turns":4},{"damage":1,"enemies":"Jaw Worm","floor":4,"turns":5},{"damage":9,"enemies":"2 Fungi Beasts","floor":5,"turns":4},{"damage":16,"enemies":"Gremlin Nob","floor":6,"turns":4},{"damage":0,"enemies":"Looter","floor":8,"turns":4},{"damage":2,"enemies":"3 Sentries","floor":10,"turns":7},{"damage":0,"enemies":"3 Louse","floor":11,"turns":5},{"damage":0,"enemies":"Exordium Thugs","floor":13,"turns":4},{"damage":21,"enemies":"Hexaghost","floor":16,"turns":9},{"damage":6,"enemies":"2 Thieves","floor":18,"turns":5},{"damage":13,"enemies":"3 Byrds","floor":20,"turns":6},{"damage":20,"enemies":"Snecko","floor":21,"turns":4},{"damage":0,"enemies":"3 Cultists","floor":22,"turns":2}],"seed_played":"8722297862413469732","potions_obtained":[{"floor":6,"key":"GamblersBrew"},{"floor":8,"key":"SpeedPotion"},{"floor":11,"key":"PowerPotion"},{"floor":13,"key":"Ancient Potion"},{"floor":16,"key":"Fire Potion"},{"floor":20,"key":"AttackPotion"}],"is_trial":false,"path_per_floor":["M","M","?","M","M","E","R","M","T","E","M","R","M","?","R","B",null,"M","?","M","M","M"],"character_chosen":"THE_SILENT","items_purchased":[],"campfire_rested":0,"item_purchase_floors":[],"current_hp_per_floor":[59,59,59,58,49,33,33,33,33,31,31,43,43,32,44,23,55,49,49,36,16,16,16],"gold":428,"neow_bonus":"RANDOM_COLORLESS_2","is_daily":false,"chose_seed":false,"campfire_upgraded":3,"win_rate":0.0,"timestamp":1612458715,"path_taken":["M","M","?","M","M","E","R","?","T","E","M","R","M","?","R","BOSS","M","?","M","M","M"],"items_purchased_type":[],"build_version":"2020-12-22","purchased_purges":0,"victory":false,"max_hp_per_floor":[66,66,66,66,66,66,66,66,66,66,66,66,66,66,66,66,66,66,66,66,66,66,66],"card_choices":[{"not_picked":["The Bomb","Chrysalis"],"picked":"Apotheosis","floor":0},{"not_picked":["Sucker Punch","Dagger Throw"],"picked":"Tactician","floor":1},{"not_picked":["Slice","Underhanded Strike"],"picked":"Backflip","floor":2},{"not_picked":["Deadly Poison+1","Catalyst+1"],"picked":"Underhanded Strike","floor":4},{"not_picked":["Setup+1","Dagger Spray"],"picked":"Poisoned Stab","floor":5},{"not_picked":["Bane","Endless Agony"],"picked":"Distraction+1","floor":6},{"not_picked":["Deflect+1","Flying Knee"],"picked":"Calculated Gamble+1","floor":8},{"not_picked":["Reflex+1","Blade Dance+1"],"picked":"Bullet Time+1","floor":10},{"not_picked":["Quick Slash","Dagger Throw"],"picked":"Infinite Blades","floor":11},{"not_picked":["Dagger Throw","Slice"],"picked":"Acrobatics+1","floor":13},{"not_picked":["Phantasmal Killer+1","Malaise+1"],"picked":"Envenom","floor":16},{"not_picked":["Bane","Flying Knee"],"picked":"Outmaneuver+1","floor":18},{"not_picked":["Outmaneuver+1","Dagger Spray"],"picked":"Blade Dance+1","floor":20},{"not_picked":["Bane","Quick Slash"],"picked":"Prepared+1","floor":21}],"player_experience":85594,"relics_obtained":[{"floor":3,"key":"Toxic Egg 2"},{"floor":6,"key":"Tough Bandages"},{"floor":9,"key":"Eternal Feather"},{"floor":10,"key":"Juzu Bracelet"}],"event_choices":[{"damage_healed":0,"gold_gain":0,"player_choice":"Relic","damage_taken":0,"max_hp_gain":0,"max_hp_loss":0,"event_name":"Wheel of Change","floor":3,"gold_loss":0},{"damage_healed":0,"gold_gain":75,"player_choice":"Gather Gold","damage_taken":11,"max_hp_gain":0,"max_hp_loss":0,"event_name":"World of Goop","floor":14,"gold_loss":0},{"damage_healed":0,"gold_gain":0,"player_choice":"Stole Relic","damage_taken":0,"relics_obtained":["Pantograph"],"max_hp_gain":0,"max_hp_loss":0,"event_name":"Addict","floor":19,"gold_loss":0,"cards_obtained":["Shame"]}],"is_beta":false,"boss_relics":[{"not_picked":["Pandora\u0027s Box","Snecko Eye"],"picked":"Black Star"}],"items_purged_floors":[],"is_endless":false,"potions_floor_spawned":[6,8,11,13,16,20],"killed_by":"3 Cultists","ascension_level":20}}