{"host":"2wfkxmfk74kgfdwc","time":1612459529,"event":{"mods":["BaseMod","Colored Map","Colored Powertips","Minty Spire (QoL Compilation)","Permanent Neow","Quick Restart","Relic Filter Mod","Relic Stats","Reliquary","Spire Arcade","StSLib","Wide Potions","óô»ðÖ¸ÄÏ"],"gold_per_floor":[160,160,175,175,100,126,143,177,177,77,77,77],"floor_reached":11,"language":"ZHS","playtime":231,"items_purged":["Strike_R","Strike_R"],"score":89,"play_id":"2ddfddde-c2f2-4805-b8de-5c1bdcc41dad","local_time":"20210205012529","is_ascension_mode":true,"campfire_choices":[],"circlet_count":0,"master_deck":["Strike_R+1","Strike_R","Strike_R+1","Defend_R+1","Defend_R","Defend_R","Defend_R","Bash","Searing Blow","Power Through"],"relics":["Tiny House","Bird Faced Urn","InkBottle","Mummified Hand"],"acts_visited":["Exordium"],"potions_floor_usage":[6,8],"damage_taken":[{"damage":9.0,"enemies":"Jaw Worm","floor":1.0,"turns":3.0},{"damage":7.0,"enemies":"Small Slimes","floor":3.0,"turns":4.0},{"damage":39,"enemies":"Lagavulin","floor":6,"turns":6},{"damage":1,"enemies":"Cultist","floor":7,"turns":3},{"damage":29,"enemies":"3 Sentries","floor":8,"turns":9},{"damage":0,"enemies":"Lagavulin","floor":11,"turns":1}],"seed_played":"-2227995946558403630","potions_obtained":[{"floor":0.0,"key":"ElixirPotion"},{"floor":1.0,"key":"ElixirPotion"},{"floor":3.0,"key":"SteroidPotion"}],"is_trial":false,"path_per_floor":["M","?","M","?","$","E","M","E","T","R","E"],"character_chosen":"IRONCLAD","items_purchased":[],"campfire_rested":0,"item_purchase_floors":[],"current_hp_per_floor":[76,59,52,80,80,41,40,11,11,11,11,11],"gold":77,"neow_bonus":"BOSS_RELIC","is_daily":false,"chose_seed":false,"campfire_upgraded":0,"win_rate":0.0,"timestamp":1612459529,"path_taken":["M","?","M","?","?","E","M","E","T","R","E"],"items_purchased_type":[],"build_version":"2020-12-22","purchased_purges":2,"victory":false,"max_hp_per_floor":[85,85,85,85,85,85,85,85,85,85,85,85],"relic_stats":{"counters":[6,26],"Mummified Hand":[0],"Bird Faced Urn":[0],"obtain_stats":[{"Tiny House":0,"Mummified Hand":9,"Bird Faced Urn":6,"Burning Blood":0,"InkBottle":8},{"Tiny House":0,"Mummified Hand":5,"Bird Faced Urn":3,"Burning Blood":0,"InkBottle":5},{"Tiny House":0,"Mummified Hand":25,"Bird Faced Urn":13,"Burning Blood":0,"InkBottle":25}],"InkBottle":[0]},"card_choices":[{"not_picked":["Anger","Pummel"],"picked":"Searing Blow","floor":0.0},{"not_picked":["Battle Trance","Flex","Headbutt"],"picked":"SKIP","floor":1.0},{"not_picked":["Twin Strike","Flame Barrier","Clash"],"picked":"SKIP","floor":3.0},{"not_picked":["Iron Wave","Dropkick","Infernal Blade"],"picked":"SKIP","floor":6},{"not_picked":["Body Slam","Perfected Strike","Entrench"],"picked":"SKIP","floor":7},{"not_picked":["Bloodletting","Thunderclap"],"picked":"Power Through","floor":8}],"player_experience":3835,"relics_obtained":[{"floor":6,"key":"Bird Faced Urn"},{"floor":8,"key":"InkBottle"},{"floor":9,"key":"Mummified Hand"}],"event_choices":[{"damage_healed":0.0,"max_hp_gain":0.0,"max_hp_loss":0.0,"gold_gain":0.0,"event_name":"Shining Light","player_choice":"Entered Light","floor":2.0,"gold_loss":0.0,"damage_taken":17.0,"cards_upgraded":["Strike_R","Defend_R"]},{"damage_healed":28,"gold_gain":0,"player_choice":"Banana","damage_taken":0,"max_hp_gain":0,"max_hp_loss":0,"event_name":"Big Fish","floor":4,"gold_loss":0}],"is_beta":false,"boss_relics":[],"items_purged_floors":[5,10],"is_endless":false,"potions_floor_spawned":[1,3],"killed_by":"Lagavulin","ascension_level":2}}