{"host":"hszimsrtxxc2k25w","time":1612477322,"event":{"mods":["AchievementEnabler","BaseMod","Colored Map","DeckTracker","Minty Spire (QoL Compilation)","Rare Cards Sparkle","SuperFastMode"],"gold_per_floor":[116,116,41,116,266,293,313,238,238,269,269,54,74,74,74,146,146,163,84,0,50,65,65,76,95,95,95,95,95,95,95,95],"floor_reached":31,"language":"KOR","playtime":540,"items_purged":["Doubt","Strike_G"],"score":528,"play_id":"fd80e605-c662-40fd-b832-6466ce1bba17","local_time":"20210205072202","is_ascension_mode":true,"campfire_choices":[{"floor":15.0,"key":"REST"},{"data":"Neutralize","floor":23.0,"key":"SMITH"}],"circlet_count":0,"master_deck":["AscendersBane","Strike_G+1","Defend_G","Defend_G","Defend_G","Defend_G","Defend_G","Survivor","Neutralize+1","Catalyst","Flying Knee","Deadly Poison","Accuracy+1","Blade Dance+1","A Thousand Cuts+1","Blur+1","Infinite Blades+1"],"relics":["Ring of the Snake","NeowsBlessing","Shuriken","Pantograph","Bag of Preparation","Frozen Egg 2","Coffee Dripper","Letter Opener"],"acts_visited":["Exordium","TheCity"],"potions_floor_usage":[31,31],"damage_taken":[{"damage":0.0,"enemies":"Cultist","floor":1.0,"turns":1.0},{"damage":0.0,"enemies":"3 Sentries","floor":6.0,"turns":1.0},{"damage":0.0,"enemies":"Small Slimes","floor":7.0,"turns":1.0},{"damage":23.0,"enemies":"Lagavulin","floor":10.0,"turns":6.0},{"damage":0.0,"enemies":"2 Louse","floor":13.0,"turns":3.0},{"damage":43.0,"enemies":"Slime Boss","floor":16.0,"turns":7.0},{"damage":1.0,"enemies":"3 Byrds","floor":18.0,"turns":3.0},{"damage":11.0,"enemies":"2 Thieves","floor":22.0,"turns":3.0},{"damage":25.0,"enemies":"Snake Plant","floor":24.0,"turns":4.0},{"damage":6.0,"enemies":"Centurion and Healer","floor":25.0,"turns":4.0},{"damage":3,"enemies":"Colosseum Slavers","floor":29,"turns":4},{"damage":17,"enemies":"Chosen and Byrds","floor":31,"turns":3}],"seed_played":"4105317082938904092","potions_obtained":[{"floor":1.0,"key":"SkillPotion"},{"floor":7.0,"key":"CunningPotion"},{"floor":13.0,"key":"LiquidBronze"},{"floor":18.0,"key":"Energy Potion"},{"floor":22.0,"key":"Regen Potion"},{"floor":25.0,"key":"GamblersBrew"}],"is_trial":false,"path_per_floor":["M","?","?","?","?","E","M","$","T","E","T","$","M","?","R","B",null,"M","$","?","?","M","R","M","M","T","$","?","?","$","M"],"character_chosen":"THE_SILENT","items_purchased":["Deadly Poison","Accuracy+1","Infinite Blades+1"],"campfire_rested":1,"item_purchase_floors":[12,12,19],"current_hp_per_floor":[59,59,59,48,48,48,48,48,48,25,25,25,25,5,24,6,51,50,50,50,50,39,39,14,8,8,8,8,5,5,0,0],"gold":95,"neow_bonus":"THREE_ENEMY_KILL","is_daily":false,"chose_seed":false,"campfire_upgraded":1,"win_rate":0.0,"timestamp":1612477322,"path_taken":["M","?","?","?","?","E","M","$","T","E","?","$","?","?","R","BOSS","M","$","?","?","M","R","M","M","T","$","?","?","?","M"],"items_purchased_type":["Card","Card","Card"],"build_version":"2020-12-22","purchased_purges":2,"victory":false,"max_hp_per_floor":[66,66,66,66,66,66,66,66,66,66,66,66,66,66,66,66,66,66,66,66,66,66,66,66,66,66,66,66,66,66,66,66],"card_choices":[{"not_picked":["Bane","Acrobatics"],"picked":"Catalyst","floor":1.0},{"not_picked":["PiercingWail","Quick Slash","Outmaneuver"],"picked":"SKIP","floor":6.0},{"not_picked":["Slice","Skewer","Quick Slash"],"picked":"SKIP","floor":7.0},{"not_picked":["Sucker Punch","Well Laid Plans","Tools of the Trade"],"picked":"SKIP","floor":10.0},{"not_picked":["Cloak And Dagger","Deadly Poison"],"picked":"Blade Dance","floor":13.0},{"not_picked":["Corpse Explosion","Unload"],"picked":"A Thousand Cuts+1","floor":16.0},{"not_picked":["Flying Knee","Blade Dance"],"picked":"Blur+1","floor":18.0},{"not_picked":["Deadly Poison+1","Caltrops+1","Outmaneuver"],"picked":"SKIP","floor":22.0},{"not_picked":["Deadly Poison+1","Caltrops+1","Outmaneuver"],"picked":"SKIP","floor":22.0},{"not_picked":["Deadly Poison","Flying Knee+1","PiercingWail"],"picked":"SKIP","floor":24.0},{"not_picked":["Dagger Spray","Acrobatics","Setup"],"picked":"SKIP","floor":25.0}],"player_experience":665381,"relics_obtained":[{"floor":6.0,"key":"Shuriken"},{"floor":9.0,"key":"Pantograph"},{"floor":10.0,"key":"Bag of Preparation"},{"floor":11.0,"key":"Frozen Egg 2"},{"floor":26.0,"key":"Letter Opener"}],"event_choices":[{"damage_healed":0.0,"max_hp_gain":0.0,"max_hp_loss":0.0,"gold_gain":0.0,"cards_transformed":["Strike_G"],"event_name":"Living Wall","player_choice":"Change","floor":2.0,"gold_loss":0.0,"damage_taken":0.0,"cards_obtained":["Flying Knee"]},{"cards_removed":["Strike_G"],"damage_healed":0.0,"max_hp_gain":0.0,"max_hp_loss":0.0,"gold_gain":0.0,"event_name":"The Cleric","player_choice":"Card Removal","floor":3.0,"gold_loss":75.0,"damage_taken":0.0},{"damage_healed":0.0,"max_hp_gain":0.0,"max_hp_loss":0.0,"gold_gain":75.0,"event_name":"World of Goop","player_choice":"Gather Gold","floor":4.0,"gold_loss":0.0,"damage_taken":11.0},{"damage_healed":0.0,"max_hp_gain":0.0,"max_hp_loss":0.0,"gold_gain":150.0,"event_name":"Liars Game","player_choice":"AGREE","floor":5.0,"gold_loss":0.0,"damage_taken":0.0,"cards_obtained":["Doubt"]},{"damage_healed":0.0,"max_hp_gain":0.0,"max_hp_loss":0.0,"gold_gain":0.0,"event_name":"Shining Light","player_choice":"Entered Light","floor":14.0,"gold_loss":0.0,"damage_taken":20.0,"cards_upgraded":["Strike_G","Blade Dance"]},{"damage_healed":0.0,"max_hp_gain":0.0,"max_hp_loss":0.0,"gold_gain":0.0,"event_name":"Masked Bandits","player_choice":"Paid Fearfully","floor":20.0,"gold_loss":84.0,"damage_taken":0.0},{"damage_healed":0.0,"max_hp_gain":0.0,"max_hp_loss":0.0,"gold_gain":50.0,"event_name":"Nest","player_choice":"Stole From Cult","floor":21.0,"gold_loss":0.0,"damage_taken":0.0},{"cards_removed":["Strike_G"],"damage_healed":0.0,"max_hp_gain":0.0,"max_hp_loss":0.0,"gold_gain":0.0,"event_name":"Back to Basics","player_choice":"Elegance","floor":28.0,"gold_loss":0.0,"damage_taken":0.0},{"damage_healed":0,"gold_gain":0,"player_choice":"Fight","damage_taken":0,"max_hp_gain":0,"max_hp_loss":0,"event_name":"Colosseum","floor":29,"gold_loss":0},{"damage_healed":0,"gold_gain":0,"player_choice":"Fled From Nobs","damage_taken":0,"max_hp_gain":0,"max_hp_loss":0,"event_name":"Colosseum","floor":29,"gold_loss":0}],"is_beta":false,"boss_relics":[{"not_picked":["Philosopher\u0027s Stone","Astrolabe"],"picked":"Coffee Dripper"}],"items_purged_floors":[8,12],"is_endless":false,"potions_floor_spawned":[1,7,13,18,22,25,29],"killed_by":"Chosen and Byrds","ascension_level":20}}