{"host":"6q6idgl71g9ab7at","time":1612425147,"event":{"mods":["BaseMod","Minty Spire (QoL Compilation)","StSLib","SuperFastMode"],"gold_per_floor":[119,119,119,119,119,154,180,219,219,243,168,182,12,25,25,25,25],"floor_reached":16,"language":"KOR","playtime":167,"items_purged":["Strike_R","Defend_R"],"score":190,"play_id":"da9dcb49-773b-4b3e-9a1b-fad35bc3feba","local_time":"20210204165227","is_ascension_mode":true,"campfire_choices":[{"data":"Strike_R","floor":15,"key":"SMITH"}],"circlet_count":0,"master_deck":["Strike_R+1","Strike_R+1","Strike_R","Strike_R","Defend_R","Bash+1","Warcry+1","Exhume+1","Seeing Red+1"],"relics":["Burning Blood","NeowsBlessing","Golden Idol","Toxic Egg 2","Omamori","Matryoshka","Nunchaku","Pear"],"acts_visited":["Exordium"],"potions_floor_usage":[16,16],"damage_taken":[{"damage":0,"enemies":"Jaw Worm","floor":1,"turns":1},{"damage":0,"enemies":"Gremlin Nob","floor":6,"turns":1},{"damage":0,"enemies":"3 Sentries","floor":8,"turns":1},{"damage":12,"enemies":"Small Slimes","floor":10,"turns":3},{"damage":3,"enemies":"2 Louse","floor":12,"turns":3},{"damage":18,"enemies":"Large Slime","floor":14,"turns":2},{"damage":44,"enemies":"Hexaghost","floor":16,"turns":7}],"seed_played":"1622141990574037227","potions_obtained":[{"floor":8,"key":"Explosive Potion"},{"floor":12,"key":"LiquidBronze"}],"is_trial":false,"path_per_floor":["M","?","?","?","?","E","T","E","T","M","$","M","$","M","R","B"],"character_chosen":"IRONCLAD","items_purchased":["Seeing Red+1"],"campfire_rested":0,"item_purchase_floors":[13],"current_hp_per_floor":[80,80,73,53,37,43,43,49,59,53,53,56,56,44,44,0,0],"gold":25,"neow_bonus":"THREE_ENEMY_KILL","is_daily":false,"chose_seed":false,"campfire_upgraded":1,"win_rate":0.0,"timestamp":1612425147,"path_taken":["M","?","?","?","?","E","?","E","T","M","?","?","$","M","R","BOSS"],"items_purchased_type":["Card"],"build_version":"2020-12-22","purchased_purges":2,"victory":false,"max_hp_per_floor":[80,80,80,80,80,80,80,80,90,90,90,90,90,90,90,90,90],"card_choices":[{"not_picked":["Headbutt","Entrench","Evolve"],"picked":"SKIP","floor":1},{"not_picked":["Uppercut","Clothesline"],"picked":"Warcry+1","floor":6},{"not_picked":["Reckless Charge","Hemokinesis","Second Wind+1"],"picked":"SKIP","floor":8},{"not_picked":["Body Slam","Ghostly Armor+1","Evolve"],"picked":"SKIP","floor":10},{"not_picked":["Cleave","Shrug It Off+1"],"picked":"Exhume+1","floor":12},{"not_picked":["Body Slam","Perfected Strike","Shockwave+1"],"picked":"SKIP","floor":14}],"player_experience":7596,"relics_obtained":[{"floor":6,"key":"Toxic Egg 2"},{"floor":7,"key":"Omamori"},{"floor":8,"key":"Matryoshka"},{"floor":9,"key":"Nunchaku"},{"floor":9,"key":"Pear"}],"event_choices":[{"cards_removed":["Defend_R"],"damage_healed":0,"gold_gain":0,"player_choice":"Forget","damage_taken":0,"max_hp_gain":0,"max_hp_loss":0,"event_name":"Living Wall","floor":2,"gold_loss":0},{"cards_removed":["Defend_R"],"damage_healed":0,"gold_gain":0,"player_choice":"Card Removal","damage_taken":7,"max_hp_gain":0,"max_hp_loss":0,"event_name":"Golden Wing","floor":3,"gold_loss":0},{"damage_healed":0,"gold_gain":0,"player_choice":"Take Damage","damage_taken":20,"relics_obtained":["Golden Idol"],"max_hp_gain":0,"max_hp_loss":0,"event_name":"Golden Idol","floor":4,"gold_loss":0},{"damage_healed":0,"gold_gain":0,"player_choice":"Entered Light","damage_taken":16,"max_hp_gain":0,"max_hp_loss":0,"event_name":"Shining Light","floor":5,"gold_loss":0,"cards_upgraded":["Bash","Strike_R"]}],"is_beta":false,"boss_relics":[],"items_purged_floors":[11,13],"is_endless":false,"potions_floor_spawned":[8,12],"killed_by":"Hexaghost","ascension_level":4}}