{"host":"k3o2zhwrlxti8cit","time":1612411542,"event":{"mods":["Astrologer","BaseMod","CatGirl Mod","Duelist Mod","Hermit","Minty Spire (QoL Compilation)","Pikachu Mod","QueenMod","Rare Cards Sparkle","Relic Stats","Replay The Spire","Slay the Relics Exporter","StSLib","The Senshi","TheFirefly"],"gold_per_floor":[113,15,29,29,44,78,78,97,97,158,169,180,211,211,211,307,307,322,356,375,395,413,444,444,444,444,444,462,477,477,491,491,588,638,656,878,878,892,892,892],"floor_reached":39,"language":"ENG","playtime":2488,"items_purged":[],"score":490,"play_id":"c8f9f066-39d8-4a82-b7dc-1c5b62db4e4f","local_time":"20210204050542","is_ascension_mode":false,"campfire_choices":[{"floor":7,"key":"REST"},{"floor":15,"key":"REST"},{"floor":24,"key":"REST"},{"floor":27,"key":"REST"},{"floor":30,"key":"RECALL"},{"data":"theSenshi:MoonlightKnight","floor":32,"key":"SMITH"}],"circlet_count":0,"master_deck":["theSenshi:RoseThrow","theSenshi:MoonPrismPowerMakeUp","theSenshi:NeptunesGrace+1","theSenshi:SailorJupiterAssists","theSenshi:MoonTiaraMagic","theSenshi:MoonPunch","theSenshi:MoonCrisisMakeUp","theSenshi:IWillPunishYou","theSenshi:MoonPrincessHalation+1","theSenshi:UranusStrength","theSenshi:MoonPrincessHalation","theSenshi:MoonPunch","theSenshi:MoonGorgeousMeditation","theSenshi:SailorSaturnAssists","theSenshi:VenusGlamour","theSenshi:JupitersPower","theSenshi:Sidestep","theSenshi:TuxedoSmokingBomber","theSenshi:MoonKick","theSenshi:SailorUranusAssists","theSenshi:MoonCosmicPowerMakeUp","theSenshi:SailorVenusAssists","theSenshi:WarriorOfTheMoon","theSenshi:SailorMercuryAssists","theSenshi:SailorChibiMoonAssists","Pot Of Greed","Pot Of Greed","Pot Of Greed","theSenshi:SailorUranusAssists+1","theSenshi:MoonlightKnight+1","theSenshi:MoonPunch","theSenshi:SailorChibiMoonAssists","theSenshi:SailorStarHealerAssists","theSenshi:MoonTiaraMagic+1","theSenshi:SailorVenusAssists+1","theSenshi:MoonsReflection"],"relics":["theSenshi:TransformationBroochRelic","PreservedInsect","Replay:Towering Pillar of Hats","StoneCalendar","Replay:Ringing Soul","ReplayTheSpireMod:Lightbulb","Replay:Grab Bag","Painkiller Herb","Sozu","Pandora\u0027s Box","Red Mask","Grinning Jar","Tiny House"],"acts_visited":["Exordium","TheCity","TheBeyond"],"potions_floor_usage":[22,22],"damage_taken":[{"damage":0,"enemies":"Cultist","floor":1,"turns":3},{"damage":0,"enemies":"Small Slimes","floor":3,"turns":3},{"damage":2,"enemies":"Jaw Worm","floor":5,"turns":3},{"damage":27,"enemies":"3 Sentries","floor":6,"turns":5},{"damage":3,"enemies":"3 Louse","floor":8,"turns":2},{"damage":6,"enemies":"2 Fungi Beasts","floor":11,"turns":4},{"damage":13,"enemies":"Red Slaver","floor":12,"turns":4},{"damage":9,"enemies":"Lagavulin","floor":13,"turns":4},{"damage":15,"enemies":"The Guardian","floor":16,"turns":11},{"damage":33,"enemies":"2 Thieves","floor":18,"turns":5},{"damage":22,"enemies":"Masked Bandits","floor":19,"turns":4},{"damage":10,"enemies":"Shell Parasite","floor":20,"turns":4},{"damage":12,"enemies":"Snake Plant","floor":21,"turns":4},{"damage":17,"enemies":"Centurion and Healer","floor":22,"turns":7},{"damage":2,"enemies":"Slavers","floor":23,"turns":3},{"damage":0,"enemies":"Snecko","floor":28,"turns":3},{"damage":1,"enemies":"Chosen and Byrds","floor":29,"turns":4},{"damage":24,"enemies":"Snake Plant","floor":31,"turns":6},{"damage":18,"enemies":"Champ","floor":33,"turns":9},{"damage":4,"enemies":"Orb Walker","floor":35,"turns":3},{"damage":88,"enemies":"3 Shapes","floor":38,"turns":4},{"damage":52,"enemies":"Transient","floor":39,"turns":5}],"seed_played":"4058138672346249151","potions_obtained":[{"floor":1,"key":"Languid Potion"},{"floor":11,"key":"SneckoOil"},{"floor":13,"key":"FearPotion"},{"floor":16,"key":"EssenceOfSteel"}],"is_trial":false,"path_per_floor":["M","$","M","?","M","E","R","M","T","?","M","M","E","?","R","B",null,"?","?","?","?","?","E","T","?","T","T","?","?","T","?","T","B",null,"?","?","?","?","?"],"character_chosen":"THE_SENSHI","items_purchased":["theSenshi:SailorJupiterAssists","theSenshi:MoonTiaraMagic"],"campfire_rested":4,"item_purchase_floors":[2,2],"current_hp_per_floor":[75,75,75,75,73,46,68,65,65,65,59,46,40,28,51,39,84,59,40,38,29,20,26,56,59,59,90,93,97,97,81,81,76,122,121,121,121,40,0,0],"gold":892,"neow_bonus":"RANDOM_COMMON_RELIC","is_daily":false,"chose_seed":false,"campfire_upgraded":1,"win_rate":0.0,"timestamp":1612411542,"path_taken":["M","$","M","?","M","E","R","M","T","?","M","M","E","?","R","BOSS","?","?","?","?","?","E","T","?","T","T","?","?","T","?","T","BOSS","?","?","?","?","?"],"items_purchased_type":["Card","Card"],"build_version":"2020-12-22","purchased_purges":0,"victory":false,"max_hp_per_floor":[75,75,75,75,75,75,75,75,75,75,75,75,78,78,78,81,84,87,90,93,96,99,102,102,105,105,105,108,108,108,111,111,114,122,125,125,125,128,128,128],"relic_stats":{"Sozu":6,"counters":[22,100],"StoneCalendar":[104],"Pandora\u0027s Box":["theSenshi:SailorSaturnAssists","theSenshi:VenusGlamour","theSenshi:JupitersPower","theSenshi:Sidestep","theSenshi:InTheNickOfTime","theSenshi:TuxedoSmokingBomber","theSenshi:MoonKick","theSenshi:SailorUranusAssists"],"PreservedInsect":101,"obtain_stats":[{"Tiny House":34,"Replay:Towering Pillar of Hats":6,"Replay:Grab Bag":17,"StoneCalendar":9,"Painkiller Herb":17,"PreservedInsect":0,"Sozu":17,"Replay:Ringing Soul":13,"theSenshi:TransformationBroochRelic":0,"Pandora\u0027s Box":17,"Red Mask":19,"Grinning Jar":23,"ReplayTheSpireMod:Lightbulb":14},{"Tiny House":19,"Replay:Towering Pillar of Hats":4,"Replay:Grab Bag":9,"StoneCalendar":5,"Painkiller Herb":9,"PreservedInsect":0,"Sozu":9,"Replay:Ringing Soul":8,"theSenshi:TransformationBroochRelic":0,"Pandora\u0027s Box":9,"Red Mask":11,"Grinning Jar":15,"ReplayTheSpireMod:Lightbulb":8},{"Tiny House":88,"Replay:Towering Pillar of Hats":14,"Replay:Grab Bag":39,"StoneCalendar":16,"Painkiller Herb":39,"PreservedInsect":0,"Sozu":39,"Replay:Ringing Soul":28,"theSenshi:TransformationBroochRelic":0,"Pandora\u0027s Box":39,"Red Mask":48,"Grinning Jar":66,"ReplayTheSpireMod:Lightbulb":28}]},"card_choices":[{"not_picked":["theSenshi:SailorNeptuneAssists","theSenshi:LateForSchool"],"picked":"theSenshi:NeptunesGrace","floor":1},{"not_picked":["theSenshi:LunasBite","theSenshi:MoonsReflection"],"picked":"theSenshi:MoonPunch","floor":3},{"not_picked":["theSenshi:TuxedoSmokingBomber","theSenshi:MoonPrincessHalation"],"picked":"theSenshi:MoonCrisisMakeUp","floor":5},{"not_picked":["theSenshi:MoonPunch","theSenshi:TuxedoMaskAssists"],"picked":"theSenshi:IWillPunishYou","floor":6},{"not_picked":["theSenshi:MoonsReflection","theSenshi:SailorPlanetPower"],"picked":"theSenshi:MoonPrincessHalation","floor":8},{"not_picked":["theSenshi:SchoolBag","theSenshi:VenusGlamour"],"picked":"theSenshi:UranusStrength","floor":11},{"not_picked":["theSenshi:KlutzyLuck","theSenshi:MoonKick"],"picked":"theSenshi:MoonPrincessHalation","floor":12},{"not_picked":["theSenshi:Sidestep","theSenshi:MoonKick"],"picked":"theSenshi:MoonPunch","floor":13},{"not_picked":["theSenshi:SailorCosmosAssists","theSenshi:StudyParty"],"picked":"theSenshi:MoonGorgeousMeditation","floor":16},{"not_picked":["theSenshi:MarsPride+1","theSenshi:MoonTiaraMagic"],"picked":"theSenshi:MoonCosmicPowerMakeUp","floor":18},{"not_picked":["theSenshi:TuxedoSmokingBomber","theSenshi:LunasBite"],"picked":"theSenshi:SailorVenusAssists","floor":19},{"not_picked":["theSenshi:MoonCosmicPowerMakeUp","theSenshi:MoonPrincessHalation+1"],"picked":"theSenshi:WarriorOfTheMoon","floor":20},{"not_picked":["theSenshi:MoonlightKnight+1","theSenshi:MoonKick+1"],"picked":"theSenshi:SailorMercuryAssists","floor":21},{"not_picked":["theSenshi:SaturnsMystery","theSenshi:MoonsReflection"],"picked":"theSenshi:SailorChibiMoonAssists","floor":22},{"not_picked":["theSenshi:LunasBite","theSenshi:EncouragingSpeech"],"picked":"theSenshi:SailorUranusAssists+1","floor":23},{"not_picked":["theSenshi:SchoolBag","theSenshi:YouCanTalk"],"picked":"theSenshi:MoonPunch","floor":28},{"not_picked":["theSenshi:SailorVenusAssists","theSenshi:TallSilhouette+1","theSenshi:TuxedoSmokingBomber"],"picked":"SKIP","floor":29},{"not_picked":["theSenshi:MoonKick+1","theSenshi:SailorVenusAssists"],"picked":"theSenshi:SailorChibiMoonAssists","floor":31},{"not_picked":["theSenshi:WarriorOfTheMoon","theSenshi:IWillPunishYou"],"picked":"theSenshi:SailorStarHealerAssists","floor":33},{"not_picked":["theSenshi:SailorMarsAssists","theSenshi:EncouragingSpeech"],"picked":"theSenshi:MoonTiaraMagic+1","floor":34},{"not_picked":["theSenshi:PlutosSolemnity","theSenshi:MoonSpiralHeartAttack"],"picked":"theSenshi:SailorVenusAssists+1","floor":35},{"not_picked":["theSenshi:LunasBite","theSenshi:MoonKick"],"picked":"theSenshi:MoonsReflection","floor":38}],"player_experience":407171,"relics_obtained":[{"floor":6,"key":"Replay:Towering Pillar of Hats"},{"floor":9,"key":"StoneCalendar"},{"floor":13,"key":"Replay:Ringing Soul"},{"floor":19,"key":"Red Mask"},{"floor":23,"key":"Grinning Jar"}],"event_choices":[{"damage_healed":0,"gold_gain":0,"player_choice":"Grow","damage_taken":0,"max_hp_gain":0,"max_hp_loss":0,"event_name":"Living Wall","floor":4,"gold_loss":0,"cards_upgraded":["theSenshi:NeptunesGrace"]},{"damage_healed":0,"gold_gain":61,"player_choice":"Gained Gold","damage_taken":0,"max_hp_gain":0,"max_hp_loss":0,"event_name":"Golden Wing","floor":10,"gold_loss":0},{"damage_healed":0,"gold_gain":0,"player_choice":"Success","damage_taken":12,"relics_obtained":["ReplayTheSpireMod:Lightbulb"],"max_hp_gain":0,"max_hp_loss":0,"event_name":"Scrap Ooze","floor":14,"gold_loss":0},{"damage_healed":0,"gold_gain":0,"player_choice":"Fought Bandits","damage_taken":0,"max_hp_gain":0,"max_hp_loss":0,"event_name":"Masked Bandits","floor":19,"gold_loss":0},{"damage_healed":0,"gold_gain":0,"cards_transformed":["theSenshi:InTheNickOfTime"],"player_choice":"Transformed","damage_taken":0,"max_hp_gain":0,"max_hp_loss":0,"event_name":"Transmorgrifier","floor":25,"gold_loss":0,"cards_obtained":["theSenshi:MoonlightKnight"]},{"damage_healed":0,"gold_gain":222,"player_choice":"Wore Mask","damage_taken":0,"max_hp_gain":0,"max_hp_loss":0,"event_name":"Tomb of Lord Red Mask","floor":36,"gold_loss":0},{"damage_healed":0,"gold_gain":0,"player_choice":"Ignored","damage_taken":0,"max_hp_gain":0,"max_hp_loss":0,"event_name":"NoteForYourself","floor":37,"gold_loss":0}],"is_beta":false,"boss_relics":[{"not_picked":["Coffee Dripper","SacredBark"],"picked":"Replay:Grab Bag"},{"not_picked":["Cursed Key","Ectoplasm"],"picked":"Painkiller Herb"},{"not_picked":["Runic Dome","ReplayTheSpireMod:Onyx Gauntlets"],"picked":"Sozu"},{"not_picked":["Replay:Drink Me","Kintsugi"],"picked":"Pandora\u0027s Box"},{"not_picked":["Replay:Ancient Bell","Empty Cage"],"picked":"Tiny House"}],"items_purged_floors":[],"is_endless":false,"potions_floor_spawned":[1,11,13,16,18,20,23,28,29],"killed_by":"Transient","ascension_level":0}}