{"host":"cxvb37eaaiijvrl4","time":1612483060,"event":{"mods":["ATMod(°¢èªMod)","BaseMod","Better Third Choice","Minty Spire (QoL Compilation)","MostiFishMod","Quick Restart","Rare Cards Sparkle","Shop Mod","Spicy Shops","StSLib","TestMod","Uncapped","²ÐÁôÖ®Îï"],"gold_per_floor":[16,16,16,27,27,56,73,73,120,120,131,163,173,191,191,264,264,284,284,313,313,238,268,268,295,320,353,368,368,379,414,414,486,486,504,520,537,556,296,296,324,324,324,337,337,349,74,105,105,105,105,105,105,105,140,140],"floor_reached":57,"language":"ZHS","playtime":1260,"items_purged":["Strike_G","Strike_G","AT_OneInchPunch+1","Glass Knife"],"score":3650,"play_id":"77f25809-d911-4838-9c33-07943a35be72","local_time":"20210204155740","is_ascension_mode":true,"campfire_choices":[{"data":"Acrobatics","floor":8.0,"key":"SMITH"},{"data":"Dagger Spray","floor":10.0,"key":"SMITH"},{"data":"Neutralize","floor":15.0,"key":"SMITH"},{"data":"Terror","floor":24,"key":"SMITH"},{"data":"Phantasmal Killer","floor":29,"key":"SMITH"},{"data":"Tactician","floor":32,"key":"SMITH"},{"data":"MostiFishMod:GrandStart","floor":40,"key":"SMITH"},{"data":"Acrobatics","floor":45,"key":"SMITH"},{"floor":49,"key":"RECALL"},{"data":"Blade Dance","floor":53,"key":"SMITH"}],"circlet_count":0,"master_deck":["AscendersBane","Defend_G+1","Defend_G","Defend_G","Defend_G","Defend_G+1","Neutralize+1","Dagger Spray+1","Backflip","Acrobatics+1","Blade Dance+1","MostiFishMod:LethalBlade","Accuracy+1","Blade Dance+1","Phantasmal Killer+1","Terror+1","Tactician+1","MostiFishMod:GrandStart+1","AT_ThistleTea+1","AT_ThistleTea+1","Acrobatics+1"],"relics":["Ring of the Snake","testmod-TestBox","DaveBox","AT_ATBox","ShadowXiaoBlade","testmod-Justice","SynthV:TestCard","SynthV:C4","HornCleat","ChiXiaoBlade","Red Mask","AT_DeathDance","testmod-Hope","AT_SunfireAegis","Tough Bandages","testmod-RealStoneCalender","testmod-BatchProcessingSystem","DollysMirror","Thread and Needle","Gremlin Horn","War Paint","Anchor"],"acts_visited":["Exordium","TheCity","TheBeyond","TheEnding"],"potions_floor_usage":[23,25,56],"damage_taken":[{"damage":0.0,"enemies":"Small Slimes","floor":1.0,"turns":1.0},{"damage":0.0,"enemies":"Cultist","floor":4.0,"turns":2.0},{"damage":2.0,"enemies":"3 Sentries","floor":6.0,"turns":3.0},{"damage":0.0,"enemies":"2 Louse","floor":7.0,"turns":2.0},{"damage":0.0,"enemies":"Large Slime","floor":11.0,"turns":1.0},{"damage":0.0,"enemies":"Gremlin Nob","floor":12.0,"turns":2.0},{"damage":5.0,"enemies":"Red Slaver","floor":13.0,"turns":3.0},{"damage":0.0,"enemies":"2 Fungi Beasts","floor":14.0,"turns":1.0},{"damage":1.0,"enemies":"The Guardian","floor":16.0,"turns":7.0},{"damage":5.0,"enemies":"Shell Parasite","floor":18.0,"turns":2.0},{"damage":0.0,"enemies":"Masked Bandits","floor":20.0,"turns":1.0},{"damage":0,"enemies":"Book of Stabbing","floor":23,"turns":1},{"damage":0,"enemies":"Slavers","floor":25,"turns":1},{"damage":0,"enemies":"Gremlin Leader","floor":27,"turns":2},{"damage":0,"enemies":"Spheric Guardian","floor":28,"turns":1},{"damage":0,"enemies":"Snake Plant","floor":30,"turns":1},{"damage":0,"enemies":"Book of Stabbing","floor":31,"turns":2},{"damage":0,"enemies":"Automaton","floor":33,"turns":3},{"damage":0,"enemies":"3 Darklings","floor":35,"turns":1},{"damage":7,"enemies":"3 Shapes","floor":36,"turns":1},{"damage":0,"enemies":"Jaw Worm Horde","floor":37,"turns":1},{"damage":0,"enemies":"Writhing Mass","floor":38,"turns":1},{"damage":0,"enemies":"Reptomancer","floor":41,"turns":1},{"damage":0,"enemies":"3 Darklings","floor":44,"turns":1},{"damage":7,"enemies":"4 Shapes","floor":46,"turns":1},{"damage":0,"enemies":"Nemesis","floor":48,"turns":1},{"damage":0,"enemies":"Donu and Deca","floor":50,"turns":1},{"damage":0,"enemies":"Awakened One","floor":51,"turns":2},{"damage":0,"enemies":"Shield and Spear","floor":55,"turns":1},{"damage":9,"enemies":"The Heart","floor":56,"turns":1}],"seed_played":"8646790998054392819","potions_obtained":[{"floor":4.0,"key":"BlessingOfTheForge"},{"floor":12.0,"key":"SteroidPotion"},{"floor":23,"key":"SkillPotion"},{"floor":28,"key":"Strength Potion"},{"floor":31,"key":"testmod-TestPotion"},{"floor":36,"key":"PlaceholderMod:PlaceholderPotion"}],"is_trial":false,"path_per_floor":["M","?","$","M","$","E","M","R","T","R","M","E","M","M","R","B",null,"M","?","?","?","$","E","R","E","T","E","M","R","M","E","R","B",null,"M","M","M","M","$","R","E","?","T","M","R","M","$","E","R","B","B",null,"R","$","E","B",null],"character_chosen":"THE_SILENT","items_purchased":["DollysMirror"],"campfire_rested":0,"item_purchase_floors":[39],"current_hp_per_floor":[59,59,59,59,59,57,57,57,57,57,57,57,52,52,52,51,62,57,57,57,57,57,57,57,57,57,57,57,57,57,57,57,57,64,64,57,57,57,57,57,57,57,57,57,57,50,50,50,50,50,50,62,62,62,62,53],"gold":140,"neow_bonus":"REMOVE_TWO","is_daily":false,"chose_seed":false,"campfire_upgraded":9,"win_rate":0.0,"timestamp":1612483060,"path_taken":["M","?","$","M","$","E","M","R","T","R","?","E","M","M","R","BOSS","M","?","?","?","$","E","R","E","T","E","M","R","M","E","R","BOSS","M","M","M","M","$","R","E","?","T","M","R","?","$","E","R","BOSS","BOSS","R","$","E","BOSS"],"items_purchased_type":["Relic"],"build_version":"2020-12-22","purchased_purges":4,"victory":true,"max_hp_per_floor":[66,66,66,66,66,66,66,66,66,66,66,66,66,66,66,66,66,66,66,66,66,66,66,66,66,66,66,66,66,66,66,66,66,66,66,66,66,66,66,66,66,66,66,66,66,66,66,66,66,66,66,66,66,66,66,66],"card_choices":[{"not_picked":["Deflect","MostiFishMod:PreservedThorns","Quick Slash"],"picked":"SKIP","floor":1.0},{"not_picked":["MostiFishMod:FrostNova","Deflect","Dagger Throw","Slice"],"picked":"Dagger Spray","floor":4.0},{"not_picked":["Blade Dance","Skewer","Tactician","Reflex"],"picked":"Backflip","floor":6.0},{"not_picked":["Sucker Punch","AT_KneejerkReflex","Bane","Backstab"],"picked":"Acrobatics","floor":7.0},{"not_picked":["Tools of the Trade","Backflip","Escape Plan","PiercingWail","Sucker Punch"],"picked":"SKIP","floor":11.0},{"not_picked":["Setup","Masterful Stab","Cloak And Dagger","MostiFishMod:FrostNova","Slice"],"picked":"SKIP","floor":12.0},{"not_picked":["Backflip","MostiFishMod:PoisonShield","Cloak And Dagger","AT_WindFlip","Blade Dance"],"picked":"SKIP","floor":13.0},{"not_picked":["Backflip","MostiFishMod:PoisonShield","Cloak And Dagger","AT_WindFlip"],"picked":"Blade Dance","floor":13.0},{"not_picked":["Crippling Poison","Dagger Spray","Backstab","MostiFishMod:ThornCasing","Acrobatics"],"picked":"SKIP","floor":14.0},{"not_picked":["AT_KingSlayer","MostiFishMod:AdrenalineArouse","Night Terror","Venomology"],"picked":"MostiFishMod:LethalBlade","floor":16.0},{"not_picked":["Poisoned Stab","Bane+1","Sucker Punch","Flying Knee"],"picked":"Accuracy","floor":18.0},{"not_picked":["Poisoned Stab","Malaise","Acrobatics","Quick Slash"],"picked":"Blade Dance+1","floor":20.0},{"not_picked":["Dagger Spray","MostiFishMod:PoisonShield+1","Calculated Gamble+1","Phantasmal Killer"],"picked":"Terror","floor":23},{"not_picked":["Reflex","Bullet Time","Outmaneuver","Infinite Blades","AT_ShadowStep"],"picked":"SKIP","floor":25},{"not_picked":["MostiFishMod:PerfectParry","Blade Dance","AT_ShadowStep","AT_TwilightShroud","Setup"],"picked":"SKIP","floor":27},{"not_picked":["Reflex","MostiFishMod:PreservedThorns","Dagger Spray","Slice","Outmaneuver"],"picked":"SKIP","floor":28},{"not_picked":["Backflip","Dagger Spray","Outmaneuver+1","Sucker Punch","Bane"],"picked":"SKIP","floor":30},{"not_picked":["Dodge and Roll","Backflip","Envenom","Deflect"],"picked":"Tactician","floor":31},{"not_picked":["MostiFishMod:SpreadingSpore","Doppelganger","Envenom","Storm of Steel"],"picked":"MostiFishMod:GrandStart","floor":33},{"not_picked":["Footwork","Dagger Spray","Bane","Deadly Poison"],"picked":"AT_ThistleTea+1","floor":35},{"not_picked":["Concentrate","Skewer+1","Quick Slash+1","Sucker Punch+1","Slice"],"picked":"SKIP","floor":36},{"not_picked":["All Out Attack","Prepared","AT_WindFlip","MostiFishMod:FrostNova","Backflip"],"picked":"SKIP","floor":37},{"not_picked":["MostiFishMod:PoisonShield","Cloak And Dagger","AT_WindFlip","Dagger Throw","Blur"],"picked":"SKIP","floor":38},{"not_picked":["Dodge and Roll","Bane+1","Flying Knee","MostiFishMod:ThornCasing+1","Backstab+1"],"picked":"SKIP","floor":41},{"not_picked":["Predator","Deflect","MostiFishMod:PerfectParry","Eviscerate"],"picked":"Acrobatics","floor":44},{"not_picked":["Bane","Deflect","Catalyst","Skewer","AT_KneejerkReflex"],"picked":"SKIP","floor":46},{"not_picked":["Quick Slash","Infinite Blades","Distraction","All Out Attack","MostiFishMod:ShivMaster"],"picked":"SKIP","floor":48},{"not_picked":["Slice","PiercingWail+1","Skewer","Masterful Stab","Sucker Punch"],"picked":"SKIP","floor":55}],"player_experience":732902,"relics_obtained":[{"floor":1.0,"key":"SynthV:TestCard"},{"floor":6.0,"key":"SynthV:C4"},{"floor":12.0,"key":"HornCleat"},{"floor":20.0,"key":"Red Mask"},{"floor":23,"key":"AT_DeathDance"},{"floor":25,"key":"testmod-Hope"},{"floor":26,"key":"AT_SunfireAegis"},{"floor":27,"key":"Tough Bandages"},{"floor":31,"key":"testmod-RealStoneCalender"},{"floor":41,"key":"Thread and Needle"},{"floor":43,"key":"Gremlin Horn"},{"floor":48,"key":"War Paint"},{"floor":55,"key":"Anchor"}],"event_choices":[{"damage_healed":0.0,"max_hp_gain":0.0,"max_hp_loss":0.0,"gold_gain":0.0,"event_name":"Upgrade Shrine","player_choice":"Upgraded","floor":2.0,"gold_loss":0.0,"damage_taken":0.0,"cards_upgraded":["AT_OneInchPunch"]},{"damage_healed":0.0,"max_hp_gain":0.0,"max_hp_loss":0.0,"gold_gain":0.0,"event_name":"Masked Bandits","player_choice":"Fought Bandits","floor":20.0,"gold_loss":0.0,"damage_taken":0.0},{"damage_healed":0.0,"max_hp_gain":0.0,"max_hp_loss":0.0,"gold_gain":0.0,"cards_transformed":["Survivor","Strike_G"],"event_name":"Drug Dealer","player_choice":"Became Test Subject","floor":21.0,"gold_loss":0.0,"damage_taken":0.0,"cards_obtained":["Phantasmal Killer","Glass Knife"]},{"damage_healed":0,"gold_gain":0,"player_choice":"Upgraded","damage_taken":0,"max_hp_gain":0,"max_hp_loss":0,"event_name":"Upgrade Shrine","floor":42,"gold_loss":0,"cards_upgraded":["Accuracy"]}],"is_beta":false,"boss_relics":[{"not_picked":["testmod-TimeTraveler","RhineCircuit"],"picked":"ChiXiaoBlade"},{"not_picked":["EE1DDrone","testmod-Fanaticism"],"picked":"testmod-BatchProcessingSystem"}],"items_purged_floors":[22,39,47,47],"is_endless":false,"potions_floor_spawned":[4,12,13,16,23,28,31,33,36,41,44,48],"ascension_level":20}}