{"host":"syozzdlzcqop4jia","time":1612399752,"event":{"mods":["BaseMod","Colored Map","Colored Powertips","Minty Spire (QoL Compilation)","Quick Restart"],"gold_per_floor":[111,111,122,136,148,148,173,173,473,499,511,511,511,530,530,628,628,628,598,598,598,598,598,598],"floor_reached":23,"language":"ENG","playtime":1405,"items_purged":[],"score":304,"play_id":"50554579-a18d-4e3c-b3b7-483635a59708","local_time":"20210204014912","is_ascension_mode":true,"campfire_choices":[{"data":"Flex","floor":6,"key":"SMITH"},{"floor":12,"key":"REST"},{"data":"Pummel","floor":15,"key":"SMITH"}],"circlet_count":0,"master_deck":["Strike_R+1","Strike_R+1","Strike_R+1","Strike_R+1","Strike_R+1","Defend_R+1","Defend_R+1","Defend_R+1","Bash","Anger","Clothesline","Flex+1","Anger","Anger","Feed","Perfected Strike","Sword Boomerang","Pummel+1","Immolate","Anger","Anger","Perfected Strike"],"relics":["Burning Blood","Frozen Egg 2","Old Coin","Turnip","Mercury Hourglass","Ectoplasm"],"acts_visited":["Exordium","TheCity"],"potions_floor_usage":[],"damage_taken":[{"damage":5,"enemies":"2 Louse","floor":1,"turns":4},{"damage":0,"enemies":"Cultist","floor":3,"turns":3},{"damage":9,"enemies":"Jaw Worm","floor":4,"turns":3},{"damage":7,"enemies":"Blue Slaver","floor":5,"turns":3},{"damage":30,"enemies":"3 Sentries","floor":7,"turns":6},{"damage":15,"enemies":"Gremlin Nob","floor":10,"turns":4},{"damage":6,"enemies":"Exordium Wildlife","floor":11,"turns":3},{"damage":9,"enemies":"2 Fungi Beasts","floor":14,"turns":2},{"damage":54,"enemies":"Hexaghost","floor":16,"turns":7},{"damage":22,"enemies":"Shell Parasite","floor":18,"turns":4},{"damage":22,"enemies":"2 Thieves","floor":19,"turns":2},{"damage":33,"enemies":"Snake Plant","floor":20,"turns":3},{"damage":21,"enemies":"Book of Stabbing","floor":23,"turns":2}],"seed_played":"6880446443473166141","potions_obtained":[{"floor":5,"key":"SmokeBomb"},{"floor":7,"key":"SkillPotion"},{"floor":10,"key":"EntropicBrew"}],"is_trial":false,"path_per_floor":["M","?","M","M","M","R","E","?","T","E","M","R","?","M","R","B",null,"M","M","M","?","?","E"],"character_chosen":"IRONCLAD","items_purchased":[],"campfire_rested":1,"item_purchase_floors":[],"current_hp_per_floor":[88,88,88,85,84,84,60,65,65,56,56,83,65,65,65,20,79,63,47,20,20,20,0,0],"gold":598,"neow_bonus":"TEN_PERCENT_HP_BONUS","is_daily":false,"chose_seed":false,"campfire_upgraded":2,"win_rate":0.0,"timestamp":1612399752,"path_taken":["M","?","M","M","?","R","E","?","T","E","M","R","?","M","R","BOSS","M","M","M","?","?","E"],"items_purchased_type":[],"build_version":"2020-12-22","purchased_purges":0,"victory":false,"max_hp_per_floor":[88,88,88,88,88,88,88,93,93,93,93,93,93,96,96,99,99,99,99,99,99,99,99,99],"card_choices":[{"not_picked":["Shrug It Off","Clash"],"picked":"Anger","floor":1},{"not_picked":["Pommel Strike","Power Through"],"picked":"Flex","floor":3},{"not_picked":["Impervious","Pommel Strike"],"picked":"Anger","floor":4},{"not_picked":["Perfected Strike","Body Slam"],"picked":"Anger","floor":5},{"not_picked":["Juggernaut+1","Perfected Strike"],"picked":"Feed","floor":7},{"not_picked":["Shrug It Off","Anger"],"picked":"Perfected Strike","floor":10},{"not_picked":["Heavy Blade","Body Slam"],"picked":"Sword Boomerang","floor":11},{"not_picked":["Havoc","Rampage"],"picked":"Pummel","floor":14},{"not_picked":["Berserk+1","Reaper"],"picked":"Immolate","floor":16},{"not_picked":["Armaments","Shockwave"],"picked":"Anger","floor":18},{"not_picked":["Body Slam+1","Spot Weakness"],"picked":"Anger","floor":19},{"not_picked":["Hemokinesis+1","Sever Soul"],"picked":"Perfected Strike","floor":20}],"player_experience":527350,"relics_obtained":[{"floor":7,"key":"Frozen Egg 2"},{"floor":9,"key":"Old Coin"},{"floor":10,"key":"Turnip"}],"event_choices":[{"damage_healed":0,"gold_gain":0,"cards_transformed":["Defend_R"],"player_choice":"Transformed","damage_taken":0,"max_hp_gain":0,"max_hp_loss":0,"event_name":"Transmorgrifier","floor":2,"gold_loss":0,"cards_obtained":["Clothesline"]},{"damage_healed":0,"gold_gain":0,"player_choice":"Donut","damage_taken":0,"max_hp_gain":5,"max_hp_loss":0,"event_name":"Big Fish","floor":8,"gold_loss":0},{"damage_healed":0,"gold_gain":0,"player_choice":"Success","damage_taken":18,"relics_obtained":["Mercury Hourglass"],"max_hp_gain":0,"max_hp_loss":0,"event_name":"Scrap Ooze","floor":13,"gold_loss":0},{"damage_healed":0,"gold_gain":0,"player_choice":"Ignored","damage_taken":0,"max_hp_gain":0,"max_hp_loss":0,"event_name":"Ghosts","floor":21,"gold_loss":0},{"damage_healed":0,"gold_gain":0,"player_choice":"Simplicity","damage_taken":0,"max_hp_gain":0,"max_hp_loss":0,"event_name":"Back to Basics","floor":22,"gold_loss":0,"cards_upgraded":["Strike_R","Strike_R","Strike_R","Strike_R","Strike_R","Defend_R","Defend_R","Defend_R"]}],"is_beta":false,"boss_relics":[{"not_picked":["Cursed Key","Black Blood"],"picked":"Ectoplasm"}],"items_purged_floors":[],"is_endless":false,"potions_floor_spawned":[5,7,10,11,16],"killed_by":"Book of Stabbing","ascension_level":5}}