{"host":"21h5e52imz35vo8g","time":1612452095,"event":{"mods":["AchievementEnabler","BaseMod","Colored Map","Colored Powertips","Googly Eyes","Minty Spire (QoL Compilation)","Quick Restart","Rare Cards Sparkle","Replay The Spire","StSLib"],"gold_per_floor":[111,59,59,77,77,106,106,117,117,127,146,146,164,177,127,127,127],"floor_reached":16,"language":"ZHS","playtime":3112,"items_purged":[],"score":142,"play_id":"6e1e1a40-f64b-4a27-8610-6ce3cc1d97a2","local_time":"20210204232135","is_ascension_mode":true,"campfire_choices":[{"data":"Turbo","floor":7,"key":"SMITH"},{"floor":12,"key":"REST"}],"circlet_count":0,"master_deck":["Strike_B","Strike_B","Strike_B","Defend_B","Defend_B","Defend_B","Defend_B+1","Zap+1","Dualcast","Turbo+1","Hologram+1","Seek","Skim","Rebound","Beam Cell","Gash"],"relics":["Cracked Core","NeowsBlessing","Gambling Chip","Replay:Kaleidoscope"],"acts_visited":["Exordium"],"potions_floor_usage":[],"damage_taken":[{"damage":0,"enemies":"2 Louse","floor":1,"turns":1},{"damage":0,"enemies":"Jaw Worm","floor":4,"turns":1},{"damage":0,"enemies":"3 Sentries","floor":6,"turns":1},{"damage":1,"enemies":"Cultist","floor":8,"turns":3},{"damage":20,"enemies":"3 Louse","floor":10,"turns":3},{"damage":24,"enemies":"Exordium Thugs","floor":11,"turns":4},{"damage":5,"enemies":"Exordium Wildlife","floor":13,"turns":3},{"damage":1,"enemies":"3 Louse","floor":14,"turns":3},{"damage":31,"enemies":"Slime Boss","floor":16,"turns":4}],"seed_played":"-2101578257676152105","potions_obtained":[{"floor":6,"key":"Block Potion"},{"floor":10,"key":"Energy Potion"},{"floor":14,"key":"PowerPotion"}],"is_trial":false,"path_per_floor":["M","$","?","M","?","E","R","M","T","M","M","R","M","M","R_BF","B"],"character_chosen":"DEFECT","items_purchased":["Hologram"],"campfire_rested":1,"item_purchase_floors":[2],"current_hp_per_floor":[75,75,60,60,60,60,60,59,59,39,15,37,32,31,31,0,0],"gold":127,"neow_bonus":"THREE_ENEMY_KILL","is_daily":false,"chose_seed":false,"campfire_upgraded":1,"win_rate":0.0,"timestamp":1612452095,"path_taken":["M","$","?","M","?","E","R","?","T","M","M","R","M","M","R_BF","BOSS"],"items_purchased_type":["Card"],"build_version":"2020-12-22","purchased_purges":0,"victory":false,"max_hp_per_floor":[75,75,75,75,75,75,75,75,75,75,75,75,75,75,75,75,75],"card_choices":[{"not_picked":["Steam","Ball Lightning"],"picked":"Turbo","floor":1},{"not_picked":["Barrage","Stack"],"picked":"Seek","floor":4},{"not_picked":["Hologram","ReplaySolidLightProjector"],"picked":"Skim","floor":6},{"not_picked":["ReplayTheSpireMod:Reroute Power","Undo"],"picked":"Rebound","floor":8},{"not_picked":["Redo","Rebound"],"picked":"Beam Cell","floor":10},{"not_picked":["Compile Driver","ReplayTheSpireMod:System Scan","Coolheaded"],"picked":"SKIP","floor":11},{"not_picked":["Steam","Turbo"],"picked":"Gash","floor":13},{"not_picked":["Hello World","Cold Snap","Steam"],"picked":"SKIP","floor":14}],"player_experience":366582,"relics_obtained":[{"floor":6,"key":"Gambling Chip"},{"floor":9,"key":"Replay:Kaleidoscope"}],"event_choices":[{"damage_healed":0,"gold_gain":0,"player_choice":"Entered Light","damage_taken":15,"max_hp_gain":0,"max_hp_loss":0,"event_name":"Shining Light","floor":3,"gold_loss":0,"cards_upgraded":["Zap","Defend_B"]},{"damage_healed":0,"gold_gain":0,"player_choice":"Forge","damage_taken":0,"max_hp_gain":0,"max_hp_loss":0,"event_name":"Accursed Blacksmith","floor":5,"gold_loss":0,"cards_upgraded":["Hologram"]},{"cards_removed":["Strike_B"],"damage_healed":0,"gold_gain":0,"player_choice":"Card Removal","damage_taken":0,"max_hp_gain":0,"max_hp_loss":0,"event_name":"The Cleric","floor":15,"gold_loss":50}],"is_beta":false,"boss_relics":[],"items_purged_floors":[],"is_endless":false,"potions_floor_spawned":[6,10,14],"killed_by":"Slime Boss","ascension_level":2}}