{"host":"hqvh779b89tfrjxy","time":1612404309,"event":{"mods":["Act Like it!","BaseMod","Better Third Choice","Downfall","Elementarium","Filter the Spire","GifTheSpireLib","Minty Spire (QoL Compilation)","Replay The Spire","Spicy Shops","StSLib"],"gold_per_floor":[118,135,153,153,207,241,241,259,259,259,292,292,312,327,327,426,426,445,461,477,477,477],"floor_reached":21,"language":"ENG","playtime":949,"items_purged":[],"score":290,"play_id":"0832a7b4-03f7-4acf-aa1c-3651c5fd4187","local_time":"20210204030509","is_ascension_mode":true,"campfire_choices":[{"data":"Fiend Fire","floor":7.0,"key":"SMITH"},{"data":"Uppercut","floor":10.0,"key":"SMITH"},{"data":"Iron Wave","floor":12.0,"key":"SMITH"},{"data":"Uppercut","floor":15.0,"key":"SMITH"}],"circlet_count":0,"master_deck":["AscendersBane","Bash","Iron Wave+1","Headbutt","ReplayTheSpireMod:Stacked","Uppercut+1","Fiend Fire+1","Carnage","Shockwave","Clothesline","Uppercut+1","Bludgeon","Second Wind","Defy Death","Disarm","Abandon","Evolve","Body Slam","Thunderclap","Clothesline","Defy Death+1","Power Through"],"relics":["Snecko Eye","Garlic","Orichalcum","Question Card","Pandora\u0027s Box"],"acts_visited":["Exordium","Elementarium:Elementarium"],"potions_floor_usage":[],"damage_taken":[{"damage":4.0,"enemies":"2 Louse","floor":1.0,"turns":3.0},{"damage":0.0,"enemies":"Small Slimes","floor":2.0,"turns":3.0},{"damage":0.0,"enemies":"Cultist","floor":3.0,"turns":4.0},{"damage":6.0,"enemies":"Gremlin Nob","floor":6.0,"turns":4.0},{"damage":1.0,"enemies":"3 Louse","floor":8.0,"turns":3.0},{"damage":5.0,"enemies":"3 Sentries","floor":11.0,"turns":8.0},{"damage":1.0,"enemies":"Lots of Slimes","floor":13.0,"turns":4.0},{"damage":0.0,"enemies":"Blue Slaver","floor":14.0,"turns":2.0},{"damage":10.0,"enemies":"The Guardian","floor":16.0,"turns":6.0},{"damage":0,"enemies":"Elementarium:MUD_AND_TAR_GOLEMS","floor":18,"turns":2},{"damage":0,"enemies":"Elementarium:VoidCorruption","floor":19,"turns":2},{"damage":17,"enemies":"Elementarium:VoidBeast","floor":20,"turns":3},{"damage":13,"enemies":"Elementarium:RubyGolem","floor":21,"turns":2}],"seed_played":"6915004585768660914","potions_obtained":[{"floor":3.0,"key":"hexamod:SoulburnPotion"},{"floor":8.0,"key":"FearPotion"},{"floor":13.0,"key":"champ:CounterPotion"},{"floor":14.0,"key":"Swift Potion"}],"is_trial":false,"path_per_floor":["M","M","M","?","?","E","R","M","T","R","E","R","M","M","R","B",null,"M","M","M","M"],"character_chosen":"IRONCLAD","items_purchased":[],"campfire_rested":0,"item_purchase_floors":[],"current_hp_per_floor":[68,68,68,68,48,42,42,41,41,41,36,36,35,35,35,25,66,66,66,49,36,36],"gold":477,"neow_bonus":"BOSS_RELIC","is_daily":false,"chose_seed":false,"campfire_upgraded":4,"win_rate":0.0,"timestamp":1612404309,"path_taken":["M","M","M","?","?","E","R","M","T","R","E","R","M","?","R","BOSS","M","M","M","M"],"items_purchased_type":[],"build_version":"2020-12-22","purchased_purges":0,"victory":false,"max_hp_per_floor":[80,80,80,80,80,80,80,80,80,80,80,80,80,80,80,80,80,80,80,80,80,80],"card_choices":[{"not_picked":["Thunderclap","Bloodletting"],"picked":"Iron Wave","floor":1.0},{"not_picked":["Iron Wave","ReplayTheSpireMod:Strike From Hell"],"picked":"Headbutt","floor":2.0},{"not_picked":["Reckless Charge","Warcry","Flex"],"picked":"SKIP","floor":3.0},{"not_picked":["Twin Strike","Armaments"],"picked":"ReplayTheSpireMod:Stacked","floor":5.0},{"not_picked":["Body Slam","ReplayTheSpireMod:LeadingStrike"],"picked":"Uppercut","floor":5.0},{"not_picked":["Abandon","Clash"],"picked":"Fiend Fire","floor":6.0},{"not_picked":["Thunderclap","Perfected Strike"],"picked":"Carnage","floor":8.0},{"not_picked":["Whirlwind","True Grit"],"picked":"Shockwave","floor":11.0},{"not_picked":["Heavy Blade","Flex","Armaments"],"picked":"Clothesline","floor":13.0},{"not_picked":["Heavy Blade","ReplayTheSpireMod:LeadingStrike","Havoc"],"picked":"Uppercut","floor":14.0},{"not_picked":["Brutality","Demonic Infusion","Limit Break"],"picked":"Bludgeon","floor":16.0},{"not_picked":["Dropkick+1","Pommel Strike+1","Cleave+1","Anger"],"picked":"SKIP","floor":18},{"not_picked":["Thunderclap","Armaments","Wild Strike"],"picked":"Defy Death+1","floor":19},{"not_picked":["Thunderclap","Sword Boomerang","Headbutt"],"picked":"Power Through","floor":20}],"player_experience":213215,"relics_obtained":[{"floor":5.0,"key":"Garlic"},{"floor":6.0,"key":"Orichalcum"},{"floor":11.0,"key":"Question Card"}],"event_choices":[{"cards_removed":["Strike_R"],"damage_healed":0.0,"max_hp_gain":0.0,"max_hp_loss":0.0,"gold_gain":0.0,"event_name":"Living Wall","player_choice":"Forget","floor":4.0,"gold_loss":0.0,"damage_taken":0.0}],"is_beta":false,"boss_relics":[{"not_picked":["Tiny House","Painkiller Herb"],"picked":"Pandora\u0027s Box"}],"items_purged_floors":[],"is_endless":false,"potions_floor_spawned":[3,8,13,14],"killed_by":"Elementarium:RubyGolem","ascension_level":10}}