{"host":"yqw1zpryoutrnocq","time":1612448311,"event":{"mods":["2.2 Compatiblity","AchievementEnabler","BaseMod","Colored Map","Custom Start","DeckTracker","Minty Spire (QoL Compilation)","StSLib","SuperFastMode"],"gold_per_floor":[110,110,123,55,68,68,93,93,119,154,174,274,313,334,334,334,334],"floor_reached":16,"language":"KOR","playtime":1216,"items_purged":[],"score":174,"play_id":"09a1c504-b141-4237-be9c-442f4097911c","local_time":"20210204081831","is_ascension_mode":true,"campfire_choices":[{"data":"Noxious Fumes","floor":6.0,"key":"SMITH"},{"data":"Wraith Form v2","floor":15.0,"key":"SMITH"}],"circlet_count":0,"master_deck":["Strike_G","Strike_G","Strike_G","Strike_G","Defend_G","Defend_G","Defend_G","Defend_G","Defend_G","Survivor","Neutralize","Quick Slash","Backflip","Noxious Fumes+1","Dodge and Roll","Backflip","Calculated Gamble","Backflip","Wraith Form v2+1","Footwork"],"relics":["Ring of the Snake","NeowsBlessing","Incense Burner","Torii","Bag of Preparation","CeramicFish","Nunchaku"],"acts_visited":["Exordium"],"potions_floor_usage":[],"damage_taken":[{"damage":0.0,"enemies":"2 Louse","floor":1.0,"turns":1.0},{"damage":0.0,"enemies":"Cultist","floor":3.0,"turns":1.0},{"damage":0.0,"enemies":"Small Slimes","floor":5.0,"turns":1.0},{"damage":26.0,"enemies":"3 Sentries","floor":7.0,"turns":8.0},{"damage":21.0,"enemies":"Gremlin Nob","floor":10.0,"turns":4.0},{"damage":1.0,"enemies":"Exordium Thugs","floor":11.0,"turns":6.0},{"damage":8.0,"enemies":"3 Sentries","floor":13.0,"turns":7.0},{"damage":0.0,"enemies":"Large Slime","floor":14.0,"turns":7.0},{"damage":10,"enemies":"Slime Boss","floor":16,"turns":7}],"seed_played":"7556189626066914543","potions_obtained":[{"floor":3.0,"key":"CunningPotion"},{"floor":5.0,"key":"AttackPotion"},{"floor":13.0,"key":"Block Potion"}],"is_trial":false,"path_per_floor":["M","?","M","$","M","R","E","T","T","E","M","?","E","M","R","B"],"character_chosen":"THE_SILENT","items_purchased":["Noxious Fumes"],"campfire_rested":0,"item_purchase_floors":[4],"current_hp_per_floor":[63,63,63,63,63,63,37,37,37,16,15,15,7,7,7,0,0],"gold":334,"neow_bonus":"THREE_ENEMY_KILL","is_daily":false,"chose_seed":false,"campfire_upgraded":2,"win_rate":0.0,"timestamp":1612448311,"path_taken":["M","?","M","$","?","R","E","?","T","E","M","?","E","?","R","BOSS"],"items_purchased_type":["Card"],"build_version":"2020-12-22","purchased_purges":0,"victory":false,"max_hp_per_floor":[70,70,70,70,70,70,70,70,70,70,70,70,70,70,70,70,70],"card_choices":[{"not_picked":["Deadly Poison","Slice"],"picked":"Quick Slash","floor":1.0},{"not_picked":["Escape Plan","Acrobatics"],"picked":"Backflip","floor":3.0},{"not_picked":["Prepared","Backflip"],"picked":"Dodge and Roll","floor":5.0},{"not_picked":["Poisoned Stab","Flying Knee"],"picked":"Backflip","floor":7.0},{"not_picked":["Deflect","Underhanded Strike"],"picked":"Calculated Gamble","floor":10.0},{"not_picked":["Deflect","Bouncing Flask"],"picked":"Backflip","floor":11.0},{"not_picked":["Quick Slash","Dodge and Roll"],"picked":"Wraith Form v2","floor":13.0},{"not_picked":["All Out Attack","Deflect"],"picked":"Footwork","floor":14.0}],"player_experience":276840,"relics_obtained":[{"floor":7.0,"key":"Incense Burner"},{"floor":8.0,"key":"Torii"},{"floor":9.0,"key":"Bag of Preparation"},{"floor":10.0,"key":"CeramicFish"},{"floor":13.0,"key":"Nunchaku"}],"event_choices":[{"cards_removed":["Strike_G"],"damage_healed":0.0,"max_hp_gain":0.0,"max_hp_loss":0.0,"gold_gain":0.0,"event_name":"Wheel of Change","player_choice":"Card Removal","floor":2.0,"gold_loss":0.0,"damage_taken":0.0},{"damage_healed":0.0,"max_hp_gain":0.0,"max_hp_loss":0.0,"gold_gain":100.0,"event_name":"Golden Shrine","player_choice":"Pray","floor":12.0,"gold_loss":0.0,"damage_taken":0.0}],"is_beta":false,"boss_relics":[],"items_purged_floors":[],"is_endless":false,"potions_floor_spawned":[3,5,13],"killed_by":"Slime Boss","ascension_level":9}}