{"host":"jxmsv4d84jcvxth5","time":1612413893,"event":{"mods":["BaseMod","Colored Map","Minty Spire (QoL Compilation)","Relic Stats","StSLib"],"gold_per_floor":[112,129,142,142,142,142,171,171,198,213,213,226,244,262,262,262,262],"floor_reached":16,"language":"ENG","playtime":756,"items_purged":[],"score":203,"play_id":"c8692807-1092-456d-87fe-732f0d4ccddd","local_time":"20210203234453","is_ascension_mode":true,"campfire_choices":[{"data":"Neutralize","floor":6,"key":"SMITH"},{"data":"Crippling Poison","floor":8,"key":"SMITH"},{"data":"Leg Sweep","floor":15,"key":"SMITH"}],"circlet_count":0,"master_deck":["AscendersBane","Strike_G","Strike_G","Strike_G","Strike_G+1","Strike_G+1","Defend_G","Defend_G","Defend_G","Defend_G","Defend_G","Survivor","Neutralize+1","Crippling Poison+1","Flying Knee","Dagger Spray","Leg Sweep+1","PiercingWail","Escape Plan","Quick Slash"],"relics":["Ring of the Snake","NeowsBlessing","InkBottle","Whetstone","Regal Pillow","Golden Idol"],"acts_visited":["Exordium"],"potions_floor_usage":[7,16,16],"damage_taken":[{"damage":0,"enemies":"Cultist","floor":1,"turns":1},{"damage":0,"enemies":"Small Slimes","floor":2,"turns":1},{"damage":0,"enemies":"Jaw Worm","floor":3,"turns":1},{"damage":29,"enemies":"Gremlin Nob","floor":7,"turns":4},{"damage":0,"enemies":"2 Fungi Beasts","floor":10,"turns":3},{"damage":2,"enemies":"Exordium Wildlife","floor":12,"turns":2},{"damage":4,"enemies":"Blue Slaver","floor":13,"turns":4},{"damage":4,"enemies":"Lots of Slimes","floor":14,"turns":3},{"damage":20,"enemies":"The Guardian","floor":16,"turns":11}],"seed_played":"-174649228536176420","potions_obtained":[{"floor":2,"key":"Poison Potion"},{"floor":7,"key":"ColorlessPotion"},{"floor":14,"key":"EssenceOfSteel"}],"is_trial":false,"path_per_floor":["M","M","M","?","T","R","E","R","T","M","?","M","M","M","R","B"],"character_chosen":"THE_SILENT","items_purchased":[],"campfire_rested":0,"item_purchase_floors":[],"current_hp_per_floor":[59,59,59,64,64,64,35,35,35,35,35,33,29,25,25,5,5],"gold":262,"neow_bonus":"THREE_ENEMY_KILL","is_daily":false,"chose_seed":false,"campfire_upgraded":3,"win_rate":0.0,"timestamp":1612413893,"path_taken":["M","?","M","?","?","R","E","R","T","M","?","M","?","M","R","BOSS"],"items_purchased_type":[],"build_version":"2020-12-22","purchased_purges":0,"victory":false,"max_hp_per_floor":[66,66,66,71,71,71,71,71,71,71,64,64,64,64,64,64,64],"relic_stats":{"Regal Pillow":0,"counters":[9,30],"Golden Idol":11,"Whetstone":["Strike_G","Strike_G"],"obtain_stats":[{"Regal Pillow":9,"NeowsBlessing":0,"Golden Idol":11,"Whetstone":7,"InkBottle":5,"Ring of the Snake":0},{"Regal Pillow":4,"NeowsBlessing":0,"Golden Idol":5,"Whetstone":4,"InkBottle":3,"Ring of the Snake":0},{"Regal Pillow":7,"NeowsBlessing":0,"Golden Idol":10,"Whetstone":7,"InkBottle":3,"Ring of the Snake":0}],"InkBottle":[8],"Ring of the Snake":[18]},"card_choices":[{"not_picked":["Backflip","Dagger Spray"],"picked":"Crippling Poison","floor":1},{"not_picked":["Dodge and Roll","Well Laid Plans"],"picked":"Flying Knee","floor":2},{"not_picked":["Escape Plan","PiercingWail"],"picked":"Dagger Spray","floor":3},{"not_picked":["Slice","Dodge and Roll"],"picked":"Leg Sweep","floor":7},{"not_picked":["Bane","Tactician"],"picked":"PiercingWail","floor":10},{"not_picked":["PiercingWail","Bane"],"picked":"Escape Plan","floor":12},{"not_picked":["Doppelganger","Flechettes","Cloak And Dagger"],"picked":"SKIP","floor":13},{"not_picked":["Backflip","Dodge and Roll"],"picked":"Quick Slash","floor":14}],"player_experience":1552776,"relics_obtained":[{"floor":5,"key":"InkBottle"},{"floor":7,"key":"Whetstone"},{"floor":9,"key":"Regal Pillow"}],"event_choices":[{"damage_healed":0,"gold_gain":0,"player_choice":"Donut","damage_taken":0,"max_hp_gain":5,"max_hp_loss":0,"event_name":"Big Fish","floor":4,"gold_loss":0},{"damage_healed":0,"gold_gain":0,"player_choice":"Lose Max HP","damage_taken":0,"relics_obtained":["Golden Idol"],"max_hp_gain":0,"max_hp_loss":7,"event_name":"Golden Idol","floor":11,"gold_loss":0}],"is_beta":false,"boss_relics":[],"items_purged_floors":[],"is_endless":false,"potions_floor_spawned":[2,7,14],"killed_by":"The Guardian","ascension_level":19}}