{"host":"qrbkigq52dd42dk0","time":1612447408,"event":{"mods":["AchievementEnabler","BaseMod","Colored Map","Colored Powertips","Minty Spire (QoL Compilation)","Morshu Shopkeeper - ENHANCED","Quick Restart","StSLib","SuperFastMode","The IronCluck"],"gold_per_floor":[109,109,122,132,142,169,199,199,222,240,254,254,288,307,307,384,384,400,400,415,431,431,431],"floor_reached":22,"language":"ENG","playtime":685,"items_purged":[],"score":330,"play_id":"a99d8296-cad3-4fed-ba32-d22b60468818","local_time":"20210204150328","is_ascension_mode":true,"campfire_choices":[{"data":"Fire Breathing","floor":8,"key":"SMITH"},{"floor":12,"key":"REST"},{"floor":15,"key":"REST"}],"circlet_count":0,"master_deck":["AscendersBane","Strike_R","Strike_R","Strike_R","Defend_R","Defend_R","Defend_R","Bash","Warcry+1","Anger+1","True Grit+1","Bash","Fire Breathing+1","Ghostly Armor","True Grit","Reckless Charge","Reckless Charge","Juggernaut","Rage+1"],"relics":["Astrolabe","Bag of Preparation","Omamori","Oddly Smooth Stone","Cursed Key"],"acts_visited":["Exordium","TheCity"],"potions_floor_usage":[13,16,20],"damage_taken":[{"damage":0,"enemies":"2 Louse","floor":1,"turns":3},{"damage":0,"enemies":"Cultist","floor":3,"turns":3},{"damage":2,"enemies":"Jaw Worm","floor":4,"turns":3},{"damage":8,"enemies":"Large Slime","floor":5,"turns":5},{"damage":29,"enemies":"3 Sentries","floor":6,"turns":6},{"damage":4,"enemies":"Red Slaver","floor":10,"turns":3},{"damage":3,"enemies":"Lots of Slimes","floor":11,"turns":3},{"damage":20,"enemies":"Lagavulin","floor":13,"turns":5},{"damage":15,"enemies":"3 Louse","floor":14,"turns":5},{"damage":32,"enemies":"Hexaghost","floor":16,"turns":8},{"damage":18,"enemies":"Chosen","floor":18,"turns":5},{"damage":23,"enemies":"3 Byrds","floor":20,"turns":3},{"damage":36,"enemies":"Shelled Parasite and Fungi","floor":21,"turns":5},{"damage":1,"enemies":"Cultist and Chosen","floor":22,"turns":1}],"seed_played":"-1439835132947587863","potions_obtained":[{"floor":1,"key":"BloodPotion"},{"floor":5,"key":"Energy Potion"},{"floor":13,"key":"BlessingOfTheForge"},{"floor":16,"key":"Swift Potion"},{"floor":20,"key":"Explosive Potion"}],"is_trial":false,"path_per_floor":["M","?","M","M","M","E","?","R","T","M","M","R","E","M","R","B",null,"M","?","M","M","M"],"character_chosen":"IRONCLAD","items_purchased":[],"campfire_rested":2,"item_purchase_floors":[],"current_hp_per_floor":[72,72,72,70,62,33,33,33,33,29,26,50,30,15,39,7,62,44,44,37,1,0,0],"gold":431,"neow_bonus":"BOSS_RELIC","is_daily":false,"chose_seed":false,"campfire_upgraded":1,"win_rate":0.0,"timestamp":1612447408,"path_taken":["M","?","M","M","?","E","?","R","T","M","M","R","E","M","R","BOSS","M","?","?","M","M"],"items_purchased_type":[],"build_version":"2020-12-22","purchased_purges":0,"victory":false,"max_hp_per_floor":[80,80,80,80,80,80,80,80,80,80,80,80,80,80,80,80,80,80,80,80,80,80,80],"card_choices":[{"not_picked":["Power Through","Hemokinesis","Clothesline"],"picked":"SKIP","floor":1},{"not_picked":["Anger","True Grit"],"picked":"Fire Breathing","floor":3},{"not_picked":["Uppercut","Iron Wave"],"picked":"Ghostly Armor","floor":4},{"not_picked":["Armaments","Wild Strike"],"picked":"True Grit","floor":5},{"not_picked":["Sword Boomerang","Flex","Shockwave"],"picked":"SKIP","floor":6},{"not_picked":["Combust","Headbutt","Havoc"],"picked":"SKIP","floor":10},{"not_picked":["Hemokinesis","Cleave"],"picked":"Reckless Charge","floor":11},{"not_picked":["Demon Form","Iron Wave"],"picked":"Reckless Charge","floor":13},{"not_picked":["True Grit","Second Wind","Clothesline"],"picked":"SKIP","floor":14},{"not_picked":["Brutality","Bludgeon"],"picked":"Juggernaut","floor":16},{"not_picked":["Carnage","Uppercut","Sever Soul+1"],"picked":"SKIP","floor":18},{"not_picked":["Clothesline","Clash","Pommel Strike"],"picked":"SKIP","floor":20},{"not_picked":["Clothesline+1","Perfected Strike"],"picked":"Rage+1","floor":21}],"player_experience":200271,"relics_obtained":[{"floor":6,"key":"Bag of Preparation"},{"floor":13,"key":"Oddly Smooth Stone"}],"event_choices":[{"damage_healed":0,"gold_gain":0,"player_choice":"1 cards matched","damage_taken":0,"max_hp_gain":0,"max_hp_loss":0,"event_name":"Match and Keep!","floor":2,"gold_loss":0,"cards_obtained":["Bash"]},{"damage_healed":0,"gold_gain":30,"player_choice":"Searched \u00273\u0027 times","damage_taken":0,"relics_obtained":["Omamori"],"max_hp_gain":0,"max_hp_loss":0,"event_name":"Dead Adventurer","floor":7,"gold_loss":0},{"damage_healed":0,"gold_gain":0,"player_choice":"Ignored","damage_taken":0,"max_hp_gain":0,"max_hp_loss":0,"event_name":"N\u0027loth","floor":19,"gold_loss":0}],"is_beta":false,"boss_relics":[{"not_picked":["Philosopher\u0027s Stone","Runic Dome"],"picked":"Cursed Key"}],"items_purged_floors":[],"is_endless":false,"potions_floor_spawned":[1,5,6,13,16,18,20],"killed_by":"Cultist and Chosen","ascension_level":13}}