{"host":"ly20tmf9be7b85hl","time":1612450850,"event":{"mods":["BaseMod","Colored Map","Keyboard Shortcuts","Minty Spire (QoL Compilation)","Permanent Neow","Quick Restart","SuperFastMode"],"gold_per_floor":[118,43,61,61,61,61,61,75,156,181,181,201,126,157,157,256,256,275,275,275,100,100,100,118,118,118,143,143,143],"floor_reached":28,"language":"KOR","playtime":552,"items_purged":["Strike_B","Defend_B"],"score":432,"play_id":"0bc83856-d11c-4b8b-bdb7-e4c7d26183d4","local_time":"20210205000050","is_ascension_mode":true,"campfire_choices":[{"data":"Coolheaded","floor":6.0,"key":"SMITH"},{"data":"Darkness","floor":11.0,"key":"SMITH"},{"floor":15.0,"key":"REST"},{"data":"Fusion","floor":23.0,"key":"SMITH"},{"data":"Defragment","floor":25.0,"key":"SMITH"}],"circlet_count":0,"master_deck":["AscendersBane","Defend_B","Zap","Dualcast","Reinforced Body","Rip and Tear","Coolheaded+1","Darkness+1","Conserve Battery","Redo","Skim","Echo Form","Thunder Strike","Steam Power","Fusion+1","Consume","Defragment+1"],"relics":["Cracked Core","Golden Idol","Mercury Hourglass","PreservedInsect","Black Star","Blue Candle"],"acts_visited":["Exordium","TheCity"],"potions_floor_usage":[28],"damage_taken":[{"damage":2.0,"enemies":"Jaw Worm","floor":1.0,"turns":3.0},{"damage":0.0,"enemies":"2 Louse","floor":3.0,"turns":2.0},{"damage":0.0,"enemies":"Small Slimes","floor":8.0,"turns":3.0},{"damage":4.0,"enemies":"3 Louse","floor":10.0,"turns":4.0},{"damage":3.0,"enemies":"2 Fungi Beasts","floor":12.0,"turns":4.0},{"damage":11.0,"enemies":"Lagavulin","floor":14.0,"turns":6.0},{"damage":8.0,"enemies":"Hexaghost","floor":16.0,"turns":6.0},{"damage":17.0,"enemies":"Chosen","floor":18.0,"turns":4.0},{"damage":14.0,"enemies":"3 Byrds","floor":24.0,"turns":6.0},{"damage":24,"enemies":"Snecko","floor":27,"turns":6},{"damage":0,"enemies":"Chosen and Byrds","floor":28,"turns":2}],"seed_played":"6920641739057230862","potions_obtained":[{"floor":1.0,"key":"PotionOfCapacity"},{"floor":14.0,"key":"PowerPotion"},{"floor":16.0,"key":"FearPotion"},{"floor":18.0,"key":"FearPotion"},{"floor":24.0,"key":"PowerPotion"}],"is_trial":false,"path_per_floor":["M","?","M","?","?","R","$","M","T","M","R","M","$","E","R","B",null,"M","?","?","$","?","R","M","R","T","M","M"],"character_chosen":"DEFECT","items_purchased":["Fusion"],"campfire_rested":1,"item_purchase_floors":[21],"current_hp_per_floor":[44,44,44,20,20,20,20,20,20,16,16,13,13,2,23,15,57,40,40,40,40,40,40,26,26,26,2,2,2],"gold":143,"neow_bonus":"TRANSFORM_TWO_CARDS","is_daily":false,"chose_seed":false,"campfire_upgraded":4,"win_rate":0.0,"timestamp":1612450850,"path_taken":["M","?","M","?","?","R","$","M","T","M","R","M","$","E","R","BOSS","M","?","?","$","?","R","M","R","T","M","M"],"items_purchased_type":["Card"],"build_version":"2020-12-22","purchased_purges":2,"victory":false,"max_hp_per_floor":[71,71,71,71,71,71,71,71,71,71,71,71,71,71,71,71,71,71,71,71,71,71,71,71,71,71,71,71,71],"card_choices":[{"not_picked":["Blizzard","Steam","Lockon"],"picked":"SKIP","floor":1.0},{"not_picked":["Streamline","Sweeping Beam"],"picked":"Coolheaded","floor":3.0},{"not_picked":["Auto Shields","Go for the Eyes"],"picked":"Darkness","floor":8.0},{"not_picked":["Go for the Eyes","Turbo"],"picked":"Conserve Battery","floor":10.0},{"not_picked":["Reprogram","Seek"],"picked":"Redo","floor":12.0},{"not_picked":["Sunder","Gash"],"picked":"Skim","floor":14.0},{"not_picked":["Meteor Strike","Hyperbeam"],"picked":"Echo Form","floor":16.0},{"not_picked":["Rebound+1","Doom and Gloom","Beam Cell+1"],"picked":"SKIP","floor":18.0},{"not_picked":["Sweeping Beam+1","Redo"],"picked":"Defragment","floor":24.0},{"not_picked":["Cold Snap","Recycle","Reinforced Body"],"picked":"SKIP","floor":27}],"player_experience":846415,"relics_obtained":[{"floor":9.0,"key":"Mercury Hourglass"},{"floor":14.0,"key":"PreservedInsect"},{"floor":26.0,"key":"Blue Candle"}],"event_choices":[{"cards_removed":["Defend_B"],"damage_healed":0.0,"max_hp_gain":0.0,"max_hp_loss":0.0,"gold_gain":0.0,"event_name":"The Cleric","player_choice":"Card Removal","floor":2.0,"gold_loss":75.0,"damage_taken":0.0},{"damage_healed":0.0,"max_hp_gain":0.0,"max_hp_loss":0.0,"gold_gain":0.0,"event_name":"Golden Idol","player_choice":"Take Damage","floor":4.0,"gold_loss":0.0,"damage_taken":24.0,"relics_obtained":["Golden Idol"]},{"damage_healed":0.0,"max_hp_gain":0.0,"max_hp_loss":0.0,"gold_gain":0.0,"event_name":"Shining Light","player_choice":"Ignored","floor":5.0,"gold_loss":0.0,"damage_taken":0.0},{"damage_healed":0.0,"max_hp_gain":0.0,"max_hp_loss":0.0,"gold_gain":0.0,"cards_transformed":["Defend_B","Strike_B"],"event_name":"Drug Dealer","player_choice":"Became Test Subject","floor":19.0,"gold_loss":0.0,"damage_taken":0.0,"cards_obtained":["Thunder Strike","Steam Power"]},{"damage_healed":0.0,"max_hp_gain":0.0,"max_hp_loss":0.0,"gold_gain":0.0,"event_name":"Vampires","player_choice":"Ignored","floor":20.0,"gold_loss":0.0,"damage_taken":0.0},{"damage_healed":0.0,"max_hp_gain":0.0,"max_hp_loss":0.0,"gold_gain":0.0,"event_name":"The Library","player_choice":"Read","floor":22.0,"gold_loss":0.0,"damage_taken":0.0,"cards_obtained":["Consume"]}],"is_beta":false,"boss_relics":[{"not_picked":["Coffee Dripper","Velvet Choker"],"picked":"Black Star"}],"items_purged_floors":[13,21],"is_endless":false,"potions_floor_spawned":[1,14,16,18,24],"killed_by":"Chosen and Byrds","ascension_level":20}}