{"host":"2se5dq1do2gp0x9k","time":1612416882,"event":{"mods":["AchievementEnabler","BaseMod","Block Reminder","Colored Map","Colored Powertips","Minty Spire (QoL Compilation)","Relic Stats","StSLib","SuperFastMode"],"gold_per_floor":[112,187,10,285,297,297,51,51,51,61,75,100,100,111,111,111,111],"floor_reached":16,"language":"ENG","playtime":299,"items_purged":["Regret"],"score":200,"play_id":"7d34bde6-591f-4234-a5be-626e6bab4d6a","local_time":"20210203213442","is_ascension_mode":true,"campfire_choices":[{"data":"Hyperbeam","floor":6.0,"key":"SMITH"},{"data":"Leap","floor":8.0,"key":"SMITH"},{"data":"Buffer","floor":15.0,"key":"SMITH"}],"circlet_count":0,"master_deck":["AscendersBane","Strike_B","Strike_B","Strike_B","Strike_B","Defend_B","Defend_B","Defend_B","Defend_B","Zap","Dualcast","Gash","Hyperbeam+1","Leap+1","Rebound","Machine Learning","Buffer+1","Rebound"],"relics":["Cracked Core","Pen Nib","OrangePellets","Matryoshka","Torii"],"acts_visited":["Exordium"],"potions_floor_usage":[16],"damage_taken":[{"damage":0.0,"enemies":"Small Slimes","floor":1.0,"turns":2.0},{"damage":4.0,"enemies":"Jaw Worm","floor":5.0,"turns":3.0},{"damage":0.0,"enemies":"Cultist","floor":10.0,"turns":2.0},{"damage":0.0,"enemies":"Blue Slaver","floor":11.0,"turns":1.0},{"damage":28.0,"enemies":"Gremlin Nob","floor":12.0,"turns":4.0},{"damage":7.0,"enemies":"2 Fungi Beasts","floor":14.0,"turns":2.0},{"damage":17,"enemies":"Slime Boss","floor":16,"turns":7}],"seed_played":"7215840614506799693","potions_obtained":[{"floor":5.0,"key":"Strength Potion"},{"floor":11.0,"key":"GamblersBrew"}],"is_trial":false,"path_per_floor":["M","?","$","?","M","R","$","R","T","M","M","E","?","M","R","B"],"character_chosen":"DEFECT","items_purchased":["Hyperbeam","OrangePellets"],"campfire_rested":0,"item_purchase_floors":[3,7],"current_hp_per_floor":[64,53,53,53,49,49,49,49,49,49,49,21,21,14,14,0,0],"gold":111,"neow_bonus":"RANDOM_COMMON_RELIC","is_daily":false,"chose_seed":false,"campfire_upgraded":3,"win_rate":0.0,"timestamp":1612416882,"path_taken":["M","?","$","?","?","R","$","R","T","M","M","E","?","M","R","BOSS"],"items_purchased_type":["Card","Relic"],"build_version":"2020-12-22","purchased_purges":1,"victory":false,"max_hp_per_floor":[71,71,71,71,71,71,71,71,71,71,71,71,71,71,71,71,71],"relic_stats":{"OrangePellets":[1],"Torii":0,"counters":[7,21],"Pen Nib":[3],"obtain_stats":[{"OrangePellets":7,"Matryoshka":9,"Torii":12,"Pen Nib":0,"Cracked Core":0},{"OrangePellets":2,"Matryoshka":2,"Torii":5,"Pen Nib":0,"Cracked Core":0},{"OrangePellets":5,"Matryoshka":5,"Torii":12,"Pen Nib":0,"Cracked Core":0}]},"card_choices":[{"not_picked":["Compile Driver","Leap"],"picked":"Gash","floor":1.0},{"not_picked":["Hologram","Compile Driver"],"picked":"Leap","floor":5.0},{"not_picked":["Fusion","Cold Snap"],"picked":"Rebound","floor":10.0},{"not_picked":["Steam","Auto Shields"],"picked":"Machine Learning","floor":11.0},{"not_picked":["Rebound","Blizzard"],"picked":"Buffer","floor":12.0},{"not_picked":["Ball Lightning","Streamline"],"picked":"Rebound","floor":14.0}],"player_experience":4065524,"relics_obtained":[{"floor":9.0,"key":"Matryoshka"},{"floor":12.0,"key":"Torii"}],"event_choices":[{"damage_healed":0.0,"max_hp_gain":0.0,"max_hp_loss":0.0,"gold_gain":75.0,"event_name":"World of Goop","player_choice":"Gather Gold","floor":2.0,"gold_loss":0.0,"damage_taken":11.0},{"damage_healed":0.0,"max_hp_gain":0.0,"max_hp_loss":0.0,"gold_gain":275.0,"event_name":"Golden Shrine","player_choice":"Desecrate","floor":4.0,"gold_loss":0.0,"damage_taken":0.0,"cards_obtained":["Regret"]},{"damage_healed":0.0,"max_hp_gain":0.0,"max_hp_loss":0.0,"gold_gain":0.0,"event_name":"Shining Light","player_choice":"Ignored","floor":13.0,"gold_loss":0.0,"damage_taken":0.0}],"is_beta":false,"boss_relics":[],"items_purged_floors":[7],"is_endless":false,"potions_floor_spawned":[5,11],"killed_by":"Slime Boss","ascension_level":20}}