{"host":"17uu0q65fspg4e3h","time":1612445008,"event":{"mods":["Alarm Clock","BaseMod","Colored Map","Colored Powertips","Highlight Path","Minty Spire (QoL Compilation)","Quick Restart","Relic Stats","SOS（斯巴达之子）","Shop Mod","StSLib","The Administrix","The Runesmith","篝火指南"],"gold_per_floor":[110,130,141,141,141,141,166,182,182,192,192,212,229,229,229,328,328,347,366,386,396,344,373,373,373,373,373,298,316,329,340,340,340,340],"floor_reached":33,"language":"ZHS","playtime":1131,"items_purged":[],"score":435,"play_id":"e961624e-8f45-4baa-8f50-a88d1371e247","local_time":"20210204212328","is_ascension_mode":true,"campfire_choices":[{"data":"Perfected Strike","floor":6,"key":"SMITH"},{"data":"Infernal Blade","floor":11,"key":"SMITH"},{"data":"Perfected Strike","floor":15,"key":"SMITH"},{"floor":24,"key":"REST"},{"floor":27,"key":"REST"},{"floor":32,"key":"REST"}],"circlet_count":0,"master_deck":["AscendersBane","Strike_R","Strike_R","Strike_R","Strike_R","Defend_R","Defend_R+1","Defend_R","Defend_R+1","Bash","Infernal Blade+1","Perfected Strike+1","Twin Strike","Spot Weakness","Warcry","Shrug It Off","Perfected Strike+1","Intimidate","Corruption","Warcry+1","Wild Strike","Intimidate","Twin Strike","Perfected Strike","Pommel Strike","Perfected Strike","Twin Strike+1","Pommel Strike"],"relics":["Burning Blood","NeowsBlessing","Blood Vial","Mercury Hourglass","Question Card","SlaversCollar","Smiling Mask","Enchiridion","Singing Bowl"],"acts_visited":["Exordium","TheCity"],"potions_floor_usage":[5,18,19,20,23,31,33],"damage_taken":[{"damage":0,"enemies":"2 Louse","floor":1,"turns":1},{"damage":0,"enemies":"Small Slimes","floor":2,"turns":1},{"damage":0,"enemies":"Cultist","floor":3,"turns":1},{"damage":17,"enemies":"Gremlin Nob","floor":7,"turns":4},{"damage":7,"enemies":"3 Louse","floor":8,"turns":3},{"damage":0,"enemies":"2 Fungi Beasts","floor":10,"turns":2},{"damage":6,"enemies":"Looter","floor":12,"turns":3},{"damage":0,"enemies":"3 Louse","floor":13,"turns":3},{"damage":33,"enemies":"Hexaghost","floor":16,"turns":9},{"damage":4,"enemies":"Chosen","floor":18,"turns":4},{"damage":29,"enemies":"Shell Parasite","floor":19,"turns":6},{"damage":13,"enemies":"3 Cultists","floor":20,"turns":5},{"damage":31,"enemies":"Snecko","floor":21,"turns":4},{"damage":23,"enemies":"Gremlin Leader","floor":23,"turns":6},{"damage":21,"enemies":"Centurion and Healer","floor":29,"turns":5},{"damage":14,"enemies":"Chosen and Byrds","floor":30,"turns":3},{"damage":11,"enemies":"Snake Plant","floor":31,"turns":2},{"damage":71,"enemies":"Automaton","floor":33,"turns":8}],"seed_played":"-3626040935202514033","potions_obtained":[{"floor":1,"key":"BloodPotion"},{"floor":3,"key":"LiquidBronze"},{"floor":5,"key":"Fire Potion"},{"floor":5,"key":"Swift Potion"},{"floor":5,"key":"Swift Potion"},{"floor":18,"key":"BloodPotion"},{"floor":19,"key":"Dexterity Potion"},{"floor":29,"key":"ColorlessPotion"}],"is_trial":false,"path_per_floor":["M","M","M","?","?","R","E","M","T","M","R","M","M","?","R","B",null,"M","M","M","M","$","E","R","?","T","R","?","M","M","M","R","B"],"character_chosen":"IRONCLAD","items_purchased":["Perfected Strike"],"campfire_rested":3,"item_purchase_floors":[22],"current_hp_per_floor":[78,80,80,64,80,80,69,70,70,78,78,80,80,62,62,37,69,73,68,63,40,40,25,49,33,33,57,57,44,38,35,59,0,0],"gold":340,"neow_bonus":"THREE_ENEMY_KILL","is_daily":false,"chose_seed":false,"campfire_upgraded":3,"win_rate":0.0,"timestamp":1612445008,"path_taken":["M","M","M","?","?","R","E","?","T","M","R","M","M","?","R","BOSS","M","M","M","M","$","E","R","?","T","R","?","M","M","M","R","BOSS"],"items_purchased_type":["Card"],"build_version":"2020-12-22","purchased_purges":0,"victory":false,"max_hp_per_floor":[80,80,80,80,80,80,80,80,80,80,80,80,80,80,80,80,80,80,80,80,80,80,80,80,80,80,80,80,80,80,80,80,80,80],"relic_stats":{"Blood Vial":26,"Singing Bowl":0,"counters":[18,70],"Question Card":9,"Smiling Mask":0,"obtain_stats":[{"Blood Vial":7,"SlaversCollar":17,"NeowsBlessing":0,"Singing Bowl":26,"Enchiridion":25,"Question Card":14,"Smiling Mask":23,"Burning Blood":0,"Mercury Hourglass":9},{"Blood Vial":4,"SlaversCollar":9,"NeowsBlessing":0,"Singing Bowl":14,"Enchiridion":14,"Question Card":8,"Smiling Mask":14,"Burning Blood":0,"Mercury Hourglass":5},{"Blood Vial":7,"SlaversCollar":27,"NeowsBlessing":0,"Singing Bowl":52,"Enchiridion":52,"Question Card":18,"Smiling Mask":52,"Burning Blood":0,"Mercury Hourglass":10}],"Burning Blood":86,"Mercury Hourglass":[237]},"card_choices":[{"not_picked":["Wild Strike","Heavy Blade"],"picked":"Infernal Blade","floor":1},{"not_picked":["Wild Strike","Armaments"],"picked":"Perfected Strike","floor":2},{"not_picked":["Body Slam","Anger"],"picked":"Twin Strike","floor":3},{"not_picked":["Hemokinesis","Rampage"],"picked":"Spot Weakness","floor":7},{"not_picked":["Dropkick","Fire Breathing"],"picked":"Warcry","floor":8},{"not_picked":["Clothesline","Dark Embrace"],"picked":"Shrug It Off","floor":10},{"not_picked":["Double Tap","Body Slam"],"picked":"Perfected Strike","floor":12},{"not_picked":["Battle Trance","Pummel"],"picked":"Intimidate","floor":13},{"not_picked":["Barricade","Offering","Reaper"],"picked":"Corruption","floor":16},{"not_picked":["Heavy Blade","Feel No Pain","Cleave"],"picked":"Warcry+1","floor":18},{"not_picked":["Heavy Blade+1","Body Slam","Searing Blow"],"picked":"Wild Strike","floor":19},{"not_picked":["Havoc","Corruption","Hemokinesis"],"picked":"Intimidate","floor":20},{"not_picked":["Armaments+1","Sever Soul","Headbutt"],"picked":"Twin Strike","floor":21},{"not_picked":["Warcry","Headbutt+1","Seeing Red+1"],"picked":"Pommel Strike","floor":23},{"not_picked":["Warcry","Headbutt","Burning Pact+1"],"picked":"Perfected Strike","floor":29},{"not_picked":["Exhume","Armaments","Clash"],"picked":"Twin Strike+1","floor":30},{"not_picked":["Heavy Blade","Body Slam","Cleave"],"picked":"Pommel Strike","floor":31}],"player_experience":652041,"relics_obtained":[{"floor":7,"key":"Blood Vial"},{"floor":9,"key":"Mercury Hourglass"},{"floor":23,"key":"Smiling Mask"},{"floor":25,"key":"Enchiridion"},{"floor":26,"key":"Singing Bowl"}],"event_choices":[{"damage_healed":0,"gold_gain":0,"player_choice":"Entered Light","damage_taken":16,"max_hp_gain":0,"max_hp_loss":0,"event_name":"Shining Light","floor":4,"gold_loss":0,"cards_upgraded":["Defend_R","Defend_R"]},{"damage_healed":0,"gold_gain":0,"player_choice":"Got Potions","damage_taken":0,"max_hp_gain":0,"max_hp_loss":0,"event_name":"Lab","floor":5,"gold_loss":0},{"damage_healed":0,"gold_gain":0,"player_choice":"Success","damage_taken":18,"relics_obtained":["Question Card"],"max_hp_gain":0,"max_hp_loss":0,"event_name":"Scrap Ooze","floor":14,"gold_loss":0},{"damage_healed":0,"gold_gain":0,"player_choice":"Obtained Book","damage_taken":16,"max_hp_gain":0,"max_hp_loss":0,"event_name":"Cursed Tome","floor":25,"gold_loss":0},{"cards_removed":["Strike_R"],"damage_healed":0,"gold_gain":0,"player_choice":"Gave Gold","damage_taken":0,"max_hp_gain":0,"max_hp_loss":0,"event_name":"Beggar","floor":28,"gold_loss":75}],"is_beta":false,"boss_relics":[{"not_picked":["Velvet Choker","Philosopher\u0027s Stone"],"picked":"SlaversCollar"}],"items_purged_floors":[],"is_endless":false,"potions_floor_spawned":[1,3,12,16,18,19,29],"killed_by":"Automaton","ascension_level":10}}