{"host":"bx8ylsmj2ob6hd5u","time":1612455554,"event":{"mods":["AchievementEnabler","Act Like it!","Aspiration","BaseMod","Colored Map","Downfall","Duelist Mod","Friendly Minions","Gensokyo","GifTheSpireLib","Hallownest","Hermit","HololiveMod","Hubris","Infinite Spire","Jorbs\u0027s Wanderer Trilogy","KinomotoSakuraMod(????)","Kiyohime????","Koishi","KomeijiMod","Lobotomy","LobotomyExtend","Marisa????????","Minty Spire (QoL Compilation)","Prisma Mod","Rare Cards Sparkle","Reimu??????","Remilia??????","Replay The Spire","StSLib","Td1madao Mod","The Administrix","The Animator","The Bug Knight","The Construct","The Cursed","The Disciple","The Hierophant","The Necromancer","The Poker Player","The Runesmith","The Senshi","The Servant 0.9.4","WarShipGirlsR/????R mod"],"gold_per_floor":[211,47,60,60,60,89,89,106,106,106,416,426,426,109,109,109],"floor_reached":8,"language":"ENG","playtime":1126,"items_purged":["Injury"],"score":60,"play_id":"68b4ee78-b35e-43e0-be12-213ec3dac5c3","local_time":"20210204181914","is_ascension_mode":false,"campfire_choices":[{"data":"FantasyMoon:ReiMu","floor":7,"key":"SMITH"},{"data":"FineLineFantasy:ReiMu","floor":6,"key":"SMITH"}],"circlet_count":0,"master_deck":["Strike_Lin:ReiMu","Strike_Lin:ReiMu","Strike_Lin:ReiMu","Strike_Lin:ReiMu","Defend_Lin:ReiMu","Defend_Lin:ReiMu","Defend_Lin:ReiMu","Defend_Lin:ReiMu","NB:ReiMu","Stagnation:ReiMu","AirStrike:ReiMu","FantasyMoon:ReiMu","YinYangSange:ReiMu+1","FantasyMoon:ReiMu+1","PrepareRite:ReiMu","ShadowOfCrow2:ReiMu","FineLineFantasy:ReiMu+1","SubAcupoint:ReiMu+1"],"relics":["FlyPower:ReiMu","ShirouKen","Unceasing Top","Blue Doll","LetterFromLob","Molten Egg 2","Gensokyo:Companionship","Pear"],"acts_visited":["Exordium"],"potions_floor_usage":[6,5],"damage_taken":[{"damage":0,"enemies":"Gensokyo:Python","floor":1,"turns":4},{"damage":1,"enemies":"Gensokyo:Gryphon","floor":3,"turns":6},{"damage":23,"enemies":"Gensokyo:Aya","floor":6,"turns":6},{"damage":0,"enemies":"2 Louse","floor":1,"turns":5},{"damage":3,"enemies":"Cultist","floor":4,"turns":6},{"damage":3,"enemies":"Jaw Worm","floor":5,"turns":5},{"damage":57,"enemies":"Blue Slaver","floor":8,"turns":4}],"seed_played":"1036629265087282972","potions_obtained":[{"floor":1,"key":"FearPotion"},{"floor":4,"key":"Block Potion"}],"is_trial":false,"path_per_floor":["M","COS","M","?","?","E","R","M","M","?","?","M","M","R","$","M"],"character_chosen":"REIMU","items_purchased":["Pear"],"campfire_rested":0,"item_purchase_floors":[7],"current_hp_per_floor":[65,65,64,64,64,41,41,65,65,59,56,53,53,63,0,0],"gold":109,"neow_bonus":"HUNDRED_GOLD","is_daily":false,"chose_seed":false,"campfire_upgraded":2,"win_rate":0.0,"timestamp":1612455554,"path_taken":["M","COS","M","?","?","E","R","M","M","?","?","M","M","R","?","M"],"items_purchased_type":["Relic"],"build_version":"2020-12-22","purchased_purges":1,"victory":false,"max_hp_per_floor":[65,65,65,65,65,65,65,65,65,65,65,65,65,75,75,75],"card_choices":[{"not_picked":["SpringWay:ReiMu","KamiSacrifice:ReiMu"],"picked":"AirStrike:ReiMu","floor":1},{"not_picked":["UniversalSpiritual:ReiMu","SpreadBorder2:ReiMu"],"picked":"FantasyMoon:ReiMu","floor":3},{"not_picked":["SubcavityInstant:ReiMu","ManaGlint:ReiMu"],"picked":"YinYangSange:ReiMu","floor":5},{"not_picked":["RainPray2:ReiMu","CareerPray:ReiMu"],"picked":"FantasyMoon:ReiMu","floor":5},{"not_picked":["Amulet:ReiMu","KamiSacrifice:ReiMu"],"picked":"PrepareRite:ReiMu","floor":6},{"not_picked":["FantasyMoon:ReiMu","YinYangSign:ReiMu"],"picked":"ShadowOfCrow2:ReiMu","floor":1},{"not_picked":["Meditation:ReiMu","FantasyMoon:ReiMu"],"picked":"FineLineFantasy:ReiMu","floor":4},{"not_picked":["AirStrike:ReiMu+1","FantasyMoon:ReiMu"],"picked":"SubAcupoint:ReiMu+1","floor":5}],"player_experience":1538448,"relics_obtained":[{"floor":1,"key":"LetterFromLob"},{"floor":6,"key":"Unceasing Top"},{"floor":1,"key":"LetterFromLob"}],"event_choices":[{"cards_removed":["Injury"],"damage_healed":0,"gold_gain":0,"player_choice":"Card Removal","damage_taken":7,"max_hp_gain":0,"max_hp_loss":0,"event_name":"Golden Wing","floor":3,"gold_loss":0}],"is_beta":false,"boss_relics":[],"items_purged_floors":[7],"is_endless":false,"potions_floor_spawned":[1,4],"killed_by":"Blue Slaver","ascension_level":0}}