{"host":"if46sxignvy4ka0k","time":1612412776,"event":{"mods":["BaseMod","Minty Spire (QoL Compilation)","StSLib","The Cursed"],"gold_per_floor":[112,112,123,137,137,171,188,188,264,264,214,245,261,271,271,375,375,394,394,394,404,404,404,404],"floor_reached":23,"language":"ENG","playtime":1249,"items_purged":[],"score":201,"play_id":"e0c46c84-fdd6-4052-a881-2a46b62096cf","local_time":"20210203222616","is_ascension_mode":false,"campfire_choices":[{"data":"TheCursedMod:Strike_TheCursed","floor":8,"key":"PURGE"},{"data":"TheCursedMod:Defend_TheCursed","floor":10,"key":"PURGE"},{"data":"TheCursedMod:Strike_TheCursed","floor":15,"key":"PURGE"}],"circlet_count":0,"master_deck":["TheCursedMod:Strike_TheCursed","TheCursedMod:Defend_TheCursed","TheCursedMod:Defend_TheCursed","TheCursedMod:Defend_TheCursed","TheCursedMod:CursedWand","TheCursedMod:CleanUpWorkshop","TheCursedMod:Dregs","TheCursedMod:CursedBlade","TheCursedMod:Stretching","TheCursedMod:FleshFromBone","Regret","TheCursedMod:Obscuration","TheCursedMod:StingEye","TheCursedMod:SoulReap","TheCursedMod:DemonSword","TheCursedMod:OutForBlood","TheCursedMod:CursedMace","TheCursedMod:SoulReap"],"relics":["TheCursedMod:BlackMagic101","Peace Pipe","NlothsMask","Du-Vu Doll","Art of War","Omamori","TheCursedMod:FourLeafCloverCharm","Question Card","Regal Pillow"],"acts_visited":["Exordium","TheCity"],"potions_floor_usage":[6,16,23,23,23],"damage_taken":[{"damage":1,"enemies":"Jaw Worm","floor":1,"turns":3},{"damage":1,"enemies":"Cultist","floor":3,"turns":4},{"damage":0,"enemies":"2 Louse","floor":4,"turns":3},{"damage":15,"enemies":"3 Sentries","floor":6,"turns":7},{"damage":0,"enemies":"Looter","floor":7,"turns":3},{"damage":6,"enemies":"Lagavulin","floor":12,"turns":9},{"damage":4,"enemies":"Large Slime","floor":13,"turns":7},{"damage":2,"enemies":"Blue Slaver","floor":14,"turns":3},{"damage":21,"enemies":"The Guardian","floor":16,"turns":10},{"damage":0,"enemies":"Shell Parasite","floor":18,"turns":5},{"damage":10,"enemies":"3 Byrds","floor":21,"turns":4},{"damage":59,"enemies":"Gremlin Leader","floor":23,"turns":10}],"seed_played":"349604978427797344","potions_obtained":[{"floor":3,"key":"ColorlessPotion"},{"floor":4,"key":"SneckoOil"},{"floor":7,"key":"Strength Potion"},{"floor":13,"key":"SpeedPotion"},{"floor":21,"key":"SkillPotion"}],"is_trial":false,"path_per_floor":["M","?","M","M","?","E","M","R","T","R","?","E","M","M","R","B",null,"M","?","?","M","?","E"],"character_chosen":"THE_CURSED","items_purchased":[],"campfire_rested":0,"item_purchase_floors":[],"current_hp_per_floor":[67,67,66,66,66,51,51,51,51,51,51,45,48,54,54,44,68,68,68,56,47,47,4,4],"gold":404,"neow_bonus":"ONE_RARE_RELIC","is_daily":false,"chose_seed":false,"campfire_upgraded":0,"win_rate":0.0,"timestamp":1612412776,"path_taken":["M","?","?","M","?","E","M","R","T","R","?","E","M","M","R","BOSS","M","?","?","M","?","E"],"items_purchased_type":[],"build_version":"2020-12-22","purchased_purges":0,"victory":false,"max_hp_per_floor":[68,68,68,68,68,68,68,68,68,68,68,68,68,68,68,68,68,68,68,73,73,73,73,73],"card_choices":[{"not_picked":["TheCursedMod:WearCloak","TheCursedMod:Torture"],"picked":"TheCursedMod:CursedBlade","floor":1},{"not_picked":["TheCursedMod:Stigma","TheCursedMod:VitalStrike"],"picked":"TheCursedMod:Stretching","floor":3},{"not_picked":["TheCursedMod:TacticalStrike","TheCursedMod:CursedMace"],"picked":"TheCursedMod:FleshFromBone","floor":4},{"not_picked":["TheCursedMod:SoulCrush","TheCursedMod:Torture"],"picked":"TheCursedMod:Obscuration","floor":6},{"not_picked":["TheCursedMod:CursedAmulet","TheCursedMod:SaltUponWound"],"picked":"TheCursedMod:StingEye","floor":7},{"not_picked":["TheCursedMod:ManaBullet","TheCursedMod:RavingStaff"],"picked":"TheCursedMod:SoulReap","floor":12},{"not_picked":["TheCursedMod:Wield","TheCursedMod:CircleOfFocus"],"picked":"TheCursedMod:DemonSword","floor":13},{"not_picked":["TheCursedMod:FuryStrike","TheCursedMod:Torture","TheCursedMod:Wield"],"picked":"SKIP","floor":14},{"not_picked":["TheCursedMod:ManaCirculation","TheCursedMod:ForbiddenAlchemy"],"picked":"TheCursedMod:OutForBlood","floor":16},{"not_picked":["TheCursedMod:SmokeScreen","TheCursedMod:AshesToAshes"],"picked":"TheCursedMod:CursedMace","floor":18},{"not_picked":["TheCursedMod:Obscuration","TheCursedMod:Wield","TheCursedMod:BlessingInDisguise"],"picked":"TheCursedMod:SoulReap","floor":21}],"player_experience":2128744,"relics_obtained":[{"floor":6,"key":"Art of War"},{"floor":12,"key":"Omamori"}],"event_choices":[{"damage_healed":0,"gold_gain":0,"player_choice":"Trade","damage_taken":0,"relics_obtained":["NlothsMask"],"max_hp_gain":0,"max_hp_loss":0,"event_name":"FaceTrader","floor":2,"gold_loss":0},{"damage_healed":0,"gold_gain":0,"player_choice":"Box","damage_taken":0,"relics_obtained":["Du-Vu Doll"],"max_hp_gain":0,"max_hp_loss":0,"event_name":"Big Fish","floor":5,"gold_loss":0,"cards_obtained":["Regret"]},{"cards_removed":["TheCursedMod:Strike_TheCursed"],"damage_healed":0,"gold_gain":0,"player_choice":"Card Removal","damage_taken":0,"max_hp_gain":0,"max_hp_loss":0,"event_name":"The Cleric","floor":11,"gold_loss":50},{"damage_healed":0,"gold_gain":0,"player_choice":"Stole Relic","damage_taken":0,"relics_obtained":["Question Card"],"max_hp_gain":0,"max_hp_loss":0,"event_name":"Addict","floor":19,"gold_loss":0,"cards_obtained":["Shame"]},{"damage_healed":0,"gold_gain":0,"player_choice":"Shed Blood","damage_taken":17,"max_hp_gain":5,"max_hp_loss":0,"event_name":"Forgotten Altar","floor":20,"gold_loss":0},{"damage_healed":0,"gold_gain":0,"player_choice":"Opened","damage_taken":0,"relics_obtained":["Regal Pillow"],"max_hp_gain":0,"max_hp_loss":0,"event_name":"The Mausoleum","floor":22,"gold_loss":0,"cards_obtained":["Writhe"]}],"is_beta":false,"boss_relics":[{"not_picked":["SacredBark","Runic Dome"],"picked":"TheCursedMod:FourLeafCloverCharm"}],"items_purged_floors":[],"is_endless":false,"potions_floor_spawned":[3,4,7,13,21],"killed_by":"Gremlin Leader","ascension_level":0}}