{"host":"0m8zx4nh2snqg8t8","time":1612401681,"event":{"mods":["BaseMod","Colored Map","Hermit","Infinite Spire","Jorbs\u0027s Wanderer Trilogy","Minty Spire (QoL Compilation)","Replay The Spire","StSLib","The Cursed","The Jungle"],"gold_per_floor":[211,60,60,72,89,117,127,127,179,220,245,245,245,90,90,203,203,223,223,223,223,232,279,279,314,402,447,447,463,463,497,497,602,638,661,694,694,64,106,106,137,237,328,328,353,353,376,398,398,503,503,515,615,347,364,186,186,204,225,280,280,295,295,479,487,487,541,550,560,578,582,591,406,421,421,443,506,626,647,647,673,225,225,314,314,324,342,167,199,230,246,246,243,275,284,337,375,375,438,438,423,423],"floor_reached":101,"language":"ENG","playtime":5512,"items_purged":["Strike_G","Injury","Outmaneuver","Outmaneuver","Setup+1","Amnesia","Dagger Spray","Doubt"],"score":2077,"play_id":"6c8347b6-6232-4b87-a39b-9abce3354469","local_time":"20210203172121","is_ascension_mode":true,"campfire_choices":[{"floor":8,"key":"REST"},{"floor":12,"key":"REST"},{"floor":15,"key":"REST"},{"floor":24,"key":"REST"},{"data":"Adrenaline","floor":28,"key":"SMITH"},{"data":"Concentrate","floor":30,"key":"PURGE"},{"floor":32,"key":"DIG"},{"data":"Looming Evil","floor":40,"key":"PURGE"},{"data":"CommonCold","floor":44,"key":"PURGE"},{"data":"Poison Darts","floor":46,"key":"SMITH"},{"floor":49,"key":"REST"},{"data":"Apotheosis","floor":57,"key":"SMITH"},{"floor":61,"key":"REST"},{"data":"Spreading Infection","floor":63,"key":"PURGE"},{"data":"Doubt","floor":66,"key":"PURGE"},{"data":"ReplayTheSpireMod:Necrosis","floor":75,"key":"SMITH"},{"floor":83,"key":"REST"},{"data":"Dodge and Roll","floor":92,"key":"PURGE"},{"data":"Poisoned Stab","floor":98,"key":"PURGE"},{"data":"Clumsy","floor":100,"key":"PURGE"}],"circlet_count":0,"master_deck":["Survivor","Neutralize","Deadly Poison","PiercingWail","PiercingWail","Toxin Wave","Die Die Die+1","Choke","Replay:Sssssssssshield","Poison Darts+1","ReplayTheSpireMod:Black Plague","Burst","Adrenaline+1","Atom Bomb","Toxin Wave+1","TheCursedMod:Dregs","stsjorbsmod:Paralysis+1","Venomology","infinitespire:SevenWalls","Bane+1","Calculated Gamble","Dagger Spray","Riddle With Holes","ReplayTheSpireMod:Necrosis+1","Blur+1","Night Terror+1","Apotheosis+1","infinitespire:FutureSight","infinitespire:UltimateForm","Malaise","Blur+1","Terror+1","Bullet Time+1","A Thousand Cuts+1","Leg Sweep+1","Phantasmal Killer+1"],"relics":["Ring of the Snake","Mercury Hourglass","Juzu Bracelet","CeramicFish","Ring of Misfortune","Cursed Key","Pocketwatch","infinitespire:EmpoweringShard","ReplayTheSpireMod:Shallot","Pandora\u0027s Box","Peace Pipe","Prayer Wheel","StoneCalendar","ReplayTheSpireMod:SealedPack","War Paint","Snake Skull","Sling","Torii","infinitespire:Satchel","Replay:Accelerometer","PreservedInsect","ChewingGum","Frozen Eye","Lee\u0027s Waffle","ReplayTheSpireMod:Ninjato","Orichalcum","Black Star","theJungle:Creamberry","Replay:Bandana","Strawberry","Tiny Chest","Golden Egg","infinitespire:Beetle Shell","Guide Book","Bronze Scales","Coffee Dripper","Quantum Egg","Regal Pillow","infinitespire:Bottled Soul","Gremlin Food","Ancient Tea Set","Tingsha","infinitespire:Golems Mask","Potion Belt","MealTicket","Happy Flower"],"acts_visited":["Exordium","Exordium","TheBeyond","Exordium","Exordium","TheBeyond"],"potions_floor_usage":[6,6,25,31,36,41,48,48,50,50,55,67,72,72,79,81,84,87,93,97,101,101],"damage_taken":[{"damage":4,"enemies":"Cultist","floor":1,"turns":5},{"damage":3,"enemies":"2 Louse","floor":4,"turns":4},{"damage":0,"enemies":"Small Slimes","floor":5,"turns":3},{"damage":28,"enemies":"Lagavulin","floor":6,"turns":8},{"damage":0,"enemies":"3 Louse","floor":7,"turns":2},{"damage":42,"enemies":"Gremlin Nob","floor":10,"turns":5},{"damage":0,"enemies":"Exordium Thugs","floor":11,"turns":3},{"damage":19,"enemies":"Fading Forest","floor":16,"turns":11},{"damage":4,"enemies":"theJungle:MUSHROOMGANG","floor":18,"turns":3},{"damage":17,"enemies":"Nightmare","floor":23,"turns":6},{"damage":12,"enemies":"theJungle:2_Phrogs","floor":25,"turns":5},{"damage":0,"enemies":"theJungle:Flameango_and_Byrd","floor":29,"turns":3},{"damage":0,"enemies":"theJungle:Cassacara","floor":31,"turns":3},{"damage":27,"enemies":"theJungle:QueenSpyder","floor":33,"turns":9},{"damage":0,"enemies":"3 Shapes","floor":35,"turns":3},{"damage":11,"enemies":"Orb Walker","floor":36,"turns":3},{"damage":0,"enemies":"Reptomancer","floor":41,"turns":3},{"damage":10,"enemies":"Giant Head","floor":45,"turns":6},{"damage":9,"enemies":"4 Shapes","floor":47,"turns":3},{"damage":13,"enemies":"Maw","floor":48,"turns":6},{"damage":25,"enemies":"Replay:Hell Engine","floor":50,"turns":10},{"damage":0,"enemies":"2 Louse","floor":52,"turns":1},{"damage":4,"enemies":"Cultist","floor":55,"turns":2},{"damage":0,"enemies":"Lagavulin","floor":59,"turns":2},{"damage":0,"enemies":"Jaw Worm","floor":62,"turns":2},{"damage":0,"enemies":"Gremlin Gang","floor":65,"turns":2},{"damage":3,"enemies":"Fading Forest","floor":67,"turns":11},{"damage":0,"enemies":"Shell Parasite","floor":69,"turns":2},{"damage":1,"enemies":"theJungle:MUSHROOMGANG","floor":70,"turns":2},{"damage":6,"enemies":"theJungle:SlimyTreeVines","floor":71,"turns":4},{"damage":27,"enemies":"Snake Plant","floor":72,"turns":3},{"damage":0,"enemies":"theJungle:Cassacara","floor":74,"turns":4},{"damage":1,"enemies":"theJungle:Lyon","floor":76,"turns":4},{"damage":22,"enemies":"theJungle:Snecko_Cultist_And_Trap","floor":79,"turns":3},{"damage":1,"enemies":"theJungle:MamaSnecko","floor":81,"turns":2},{"damage":15,"enemies":"theJungle:FunGuy","floor":84,"turns":7},{"damage":5,"enemies":"3 Shapes","floor":86,"turns":3},{"damage":19,"enemies":"Orb Walker","floor":87,"turns":2},{"damage":0,"enemies":"3 Darklings","floor":89,"turns":3},{"damage":0,"enemies":"Jaw Worm Horde","floor":90,"turns":1},{"damage":0,"enemies":"R_Hoarder","floor":91,"turns":4},{"damage":1,"enemies":"Giant Head","floor":93,"turns":8},{"damage":7,"enemies":"Mind Bloom Boss Battle","floor":96,"turns":4},{"damage":0,"enemies":"Nemesis","floor":97,"turns":2},{"damage":93,"enemies":"Awakened One","floor":101,"turns":7}],"seed_played":"7683829612028518569","potions_obtained":[{"floor":1,"key":"DistilledChaos"},{"floor":5,"key":"Block Potion"},{"floor":6,"key":"Reflective Coating"},{"floor":11,"key":"Swift Potion"},{"floor":25,"key":"GhostInAJar"},{"floor":33,"key":"Weak Potion"},{"floor":36,"key":"AttackPotion"},{"floor":47,"key":"Fire Potion"},{"floor":52,"key":"Fruit Juice"},{"floor":55,"key":"Cursed Concoction"},{"floor":65,"key":"Adrenaline Potion"},{"floor":81,"key":"LifebloodPotion"},{"floor":97,"key":"CultistPotion"}],"is_trial":false,"path_per_floor":["M","$","?","M","M","E","M","R","T","E","M","R","?","$","R","B",null,"M","?","?","?","?","NM","R","E","T","AVR","R","M","R","E","R_BF","B",null,"M","M","?","$","?","R","E","?","T","R","E","R","M","M","R","B",null,"M","?","$","M","$","R","AVR","E","T","R","M","R","?","M","R_BF","B",null,"M","M","M","M","?","E","R","M","T","?","M","?","E","$","R","B",null,"M","M","$","M","M","E","R","E","T","AVR","?","E","R","T","R","B"],"character_chosen":"THE_SILENT","items_purchased":["Deadly Poison","PiercingWail","Replay:Sssssssssshield","GamblersBrew","War Paint","Snake Skull","Block Potion","Dagger Spray","Sling","Frozen Eye","Apotheosis","Guide Book","Bronze Scales"],"campfire_rested":7,"item_purchase_floors":[2,2,14,14,38,38,38,38,38,54,56,82,82],"current_hp_per_floor":[66,66,66,63,63,35,35,56,56,14,14,35,35,35,56,45,70,66,66,66,56,56,39,60,48,48,48,48,48,48,48,48,21,70,70,59,59,59,59,59,59,59,59,59,49,49,40,27,48,23,70,70,70,70,71,71,71,82,82,82,82,82,82,82,82,82,79,82,82,81,80,53,53,60,60,59,59,46,24,24,23,23,49,34,89,84,65,65,65,65,65,65,64,64,64,57,57,57,57,57,0,0],"gold":423,"neow_bonus":"HUNDRED_GOLD","is_daily":false,"chose_seed":false,"campfire_upgraded":4,"win_rate":0.0,"timestamp":1612401681,"path_taken":["M","$","?","M","M","E","M","R","T","E","M","R","?","$","R","BOSS","M","?","?","?","?","NM","R","E","T","AVR","R","M","R","E","R_BF","BOSS","M","M","?","$","?","R","E","?","T","R","E","R","M","M","R","BOSS","M","?","$","M","$","R","AVR","E","T","R","M","R","?","M","R_BF","BOSS","M","M","M","M","?","E","R","M","T","?","M","?","E","$","R","BOSS","M","M","$","M","M","E","R","E","T","AVR","?","E","R","?","R","BOSS"],"items_purchased_type":["Card","Card","Card","Potion","Relic","Relic","Potion","Card","Relic","Relic","Card","Relic","Relic"],"build_version":"2020-12-22","purchased_purges":8,"victory":false,"max_hp_per_floor":[70,70,70,70,70,70,70,70,70,70,70,70,70,70,70,70,70,70,70,70,70,70,70,70,70,70,70,70,70,70,70,70,70,70,70,70,70,70,70,70,70,70,70,70,70,70,70,70,70,70,70,70,70,70,75,75,75,82,82,82,82,82,82,82,82,82,82,82,82,82,82,82,82,89,89,89,89,89,89,89,89,89,89,89,89,89,89,89,89,89,89,89,89,89,89,89,89,89,89,89,89,89],"card_choices":[{"not_picked":["Distraction","Acrobatics"],"picked":"Poisoned Stab","floor":1},{"not_picked":["Deflect","Endless Agony"],"picked":"PiercingWail","floor":4},{"not_picked":["Reflex","Slice"],"picked":"Dagger Spray","floor":5},{"not_picked":["ReplayTheSpireMod:From All Sides","Phantasmal Killer","Underhanded Strike"],"picked":"SKIP","floor":6},{"not_picked":["ReplayTheSpireMod:Exploit Weakness","Escape Plan"],"picked":"Toxin Wave","floor":7},{"not_picked":["Tactician","Prepared"],"picked":"Die Die Die","floor":10},{"not_picked":["Concentrate","Quick Slash"],"picked":"Choke","floor":11},{"not_picked":["After Image","Wraith Form v2"],"picked":"Poison Darts","floor":16},{"not_picked":["Outmaneuver","Flying Knee+1","Calculated Gamble"],"picked":"SKIP","floor":18},{"not_picked":["infinitespire:TheBestDefense","infinitespire:Menacing"],"picked":"ReplayTheSpireMod:Black Plague","floor":23},{"not_picked":["PiercingWail","Quick Slash+1"],"picked":"Burst","floor":23},{"not_picked":["Slice+1","ReplayTheSpireMod:Exploit Weakness+1"],"picked":"Adrenaline","floor":25},{"not_picked":["Slice","ReplayTheSpireMod:Shiv Toss+1","Poisoned Stab"],"picked":"SKIP","floor":29},{"not_picked":["Poisoned Stab+1","Underhanded Strike"],"picked":"Toxin Wave+1","floor":31},{"not_picked":["stsjorbsmod:CULLCard","stsjorbsmod:Apparition_Cull"],"picked":"stsjorbsmod:Paralysis","floor":34},{"not_picked":["Atom Bomb","Grand Finale"],"picked":"Venomology","floor":34},{"not_picked":["infinitespire:Oblivion","infinitespire:Punishment"],"picked":"infinitespire:SevenWalls","floor":34},{"not_picked":["Calculated Gamble","All Out Attack+1"],"picked":"Outmaneuver","floor":35},{"not_picked":["Poisoned Stab+1","Acrobatics+1","Prepared"],"picked":"SKIP","floor":35},{"not_picked":["Sneak Up+1","Blade Dance"],"picked":"Bane+1","floor":36},{"not_picked":["Malaise","Slice+1"],"picked":"Calculated Gamble","floor":36},{"not_picked":["Backflip+1","Acrobatics+1"],"picked":"Riddle With Holes","floor":39},{"not_picked":["Slice+1","Deflect+1","Quick Slash"],"picked":"SKIP","floor":41},{"not_picked":["Bane","Slice+1","Underhanded Strike+1"],"picked":"SKIP","floor":45},{"not_picked":["Deadly Poison+1","PiercingWail+1"],"picked":"ReplayTheSpireMod:Necrosis","floor":47},{"not_picked":["Setup","Underhanded Strike","Hidden Blade"],"picked":"SKIP","floor":47},{"not_picked":["Blade Dance","Poisoned Stab"],"picked":"Blur+1","floor":48},{"not_picked":["Hidden Blade","Reflex+1","ReplayTheSpireMod:Exploit Weakness"],"picked":"SKIP","floor":48},{"not_picked":["Burst","infinitespire:Neurotoxin"],"picked":"Night Terror","floor":50},{"not_picked":["Cloak And Dagger","Bane","Caltrops"],"picked":"SKIP","floor":52},{"not_picked":["Concentrate","Dagger Spray","Masterful Stab"],"picked":"SKIP","floor":52},{"not_picked":["Bane","ReplayTheSpireMod:Tripwire","Acrobatics"],"picked":"SKIP","floor":55},{"not_picked":["Prepared","Caltrops","Sucker Punch"],"picked":"SKIP","floor":55},{"not_picked":["Bane","ReplayTheSpireMod:Shiv Toss","Setup"],"picked":"SKIP","floor":59},{"not_picked":["Endless Agony","Dodge and Roll","Concentrate"],"picked":"SKIP","floor":62},{"not_picked":["Choke","Setup","Dodge and Roll"],"picked":"SKIP","floor":62},{"not_picked":["Flying Knee","ReplayTheSpireMod:Tripwire","Dagger Throw"],"picked":"SKIP","floor":65},{"not_picked":["Backstab","ReplayTheSpireMod:Exploit Weakness","Outmaneuver"],"picked":"SKIP","floor":65},{"not_picked":["Replay:Fractal Strike","infinitespire:Fortify"],"picked":"infinitespire:UltimateForm","floor":68},{"not_picked":["Acrobatics","Tactician","Sucker Punch"],"picked":"SKIP","floor":69},{"not_picked":["Cloak And Dagger","Heel Hook","Hidden Blade+1"],"picked":"SKIP","floor":69},{"not_picked":["Deadly Poison","Quick Slash"],"picked":"Malaise","floor":70},{"not_picked":["Dagger Throw+1","PiercingWail","Acrobatics+1"],"picked":"SKIP","floor":70},{"not_picked":["Glass Knife","Underhanded Strike"],"picked":"Blur+1","floor":71},{"not_picked":["ReplayTheSpireMod:Shiv Toss+1","Dagger Spray+1","Prepared"],"picked":"SKIP","floor":71},{"not_picked":["Prepared+1","Hidden Blade","Concentrate"],"picked":"SKIP","floor":72},{"not_picked":["Flying Knee","Quick Slash+1","PiercingWail"],"picked":"SKIP","floor":72},{"not_picked":["Slice+1","Flying Knee","Dodge and Roll"],"picked":"SKIP","floor":74},{"not_picked":["Bouncing Flask+1","Blur+1"],"picked":"Terror+1","floor":76},{"not_picked":["Crippling Poison+1","Flying Knee","Sucker Punch"],"picked":"SKIP","floor":76},{"not_picked":["Riddle With Holes+1","Flying Knee+1"],"picked":"Bullet Time+1","floor":79},{"not_picked":["Acrobatics+1","Distraction+1","Setup+1"],"picked":"SKIP","floor":79},{"not_picked":["Finisher+1","Masterful Stab+1","Acrobatics"],"picked":"SKIP","floor":81},{"not_picked":["Acrobatics+1","Endless Agony+1","Prepared+1"],"picked":"SKIP","floor":86},{"not_picked":["Deadly Poison","Flechettes+1","Prepared"],"picked":"SKIP","floor":86},{"not_picked":["Cloak And Dagger+1","Poisoned Stab+1","Deflect+1"],"picked":"SKIP","floor":87},{"not_picked":["ReplayTheSpireMod:Scrap Shanks+1","PiercingWail","Backflip"],"picked":"SKIP","floor":87},{"not_picked":["ReplayTheSpireMod:Tripwire+1","Poisoned Stab+1"],"picked":"A Thousand Cuts+1","floor":89},{"not_picked":["Dagger Spray","Blade Dance+1","ReplayTheSpireMod:Speed Training+1"],"picked":"SKIP","floor":89},{"not_picked":["Outmaneuver","Poisoned Stab+1"],"picked":"Leg Sweep+1","floor":90},{"not_picked":["Dodge and Roll+1","Quick Slash+1","Dagger Throw+1"],"picked":"SKIP","floor":90},{"not_picked":["Prepared","Toxin Wave+1","Sucker Punch"],"picked":"SKIP","floor":91},{"not_picked":["Blade Dance","Sneak Up+1","Prepared+1"],"picked":"SKIP","floor":93},{"not_picked":["Blade Dance","Sneak Up+1","Prepared+1"],"picked":"SKIP","floor":93},{"not_picked":["Reflex+1","Dagger Spray+1"],"picked":"Phantasmal Killer+1","floor":97}],"player_experience":321475,"relics_obtained":[{"floor":6,"key":"Mercury Hourglass"},{"floor":9,"key":"Juzu Bracelet"},{"floor":10,"key":"CeramicFish"},{"floor":13,"key":"Ring of Misfortune"},{"floor":23,"key":"Pocketwatch"},{"floor":25,"key":"infinitespire:EmpoweringShard"},{"floor":26,"key":"ReplayTheSpireMod:Shallot"},{"floor":31,"key":"Prayer Wheel"},{"floor":32,"key":"StoneCalendar"},{"floor":39,"key":"Torii"},{"floor":41,"key":"infinitespire:Satchel"},{"floor":43,"key":"Replay:Accelerometer"},{"floor":45,"key":"PreservedInsect"},{"floor":59,"key":"ReplayTheSpireMod:Ninjato"},{"floor":60,"key":"Orichalcum"},{"floor":74,"key":"Replay:Bandana"},{"floor":74,"key":"Strawberry"},{"floor":77,"key":"Tiny Chest"},{"floor":81,"key":"Golden Egg"},{"floor":81,"key":"infinitespire:Beetle Shell"},{"floor":91,"key":"Quantum Egg"},{"floor":91,"key":"Regal Pillow"},{"floor":93,"key":"infinitespire:Bottled Soul"},{"floor":93,"key":"Gremlin Food"},{"floor":94,"key":"Ancient Tea Set"},{"floor":96,"key":"infinitespire:Golems Mask"},{"floor":97,"key":"Potion Belt"},{"floor":97,"key":"MealTicket"},{"floor":99,"key":"Happy Flower"}],"event_choices":[{"cards_removed":["Defend_G"],"damage_healed":0,"gold_gain":0,"player_choice":"Offered Basic","damage_taken":0,"max_hp_gain":0,"max_hp_loss":0,"event_name":"Bonfire Elementals","floor":3,"gold_loss":0},{"cards_removed":["Strike_G"],"damage_healed":0,"gold_gain":0,"player_choice":"Purged","damage_taken":0,"max_hp_gain":0,"max_hp_loss":0,"event_name":"Purifier","floor":20,"gold_loss":0},{"damage_healed":0,"gold_gain":0,"cards_transformed":["Defend_G"],"player_choice":"Transformed","damage_taken":0,"max_hp_gain":0,"max_hp_loss":0,"event_name":"Transmorgrifier","floor":22,"gold_loss":0,"cards_obtained":["Infinite Blades"]},{"cards_removed":["Infinite Blades"],"damage_healed":0,"gold_gain":0,"player_choice":"Removed Power","damage_taken":0,"max_hp_gain":0,"max_hp_loss":0,"event_name":"Falling","floor":37,"gold_loss":0},{"damage_healed":0,"gold_gain":100,"player_choice":"Pray","damage_taken":0,"max_hp_gain":0,"max_hp_loss":0,"event_name":"Golden Shrine","floor":42,"gold_loss":0},{"damage_healed":0,"gold_gain":100,"player_choice":"Pray","damage_taken":0,"max_hp_gain":0,"max_hp_loss":0,"event_name":"Golden Shrine","floor":53,"gold_loss":0},{"damage_healed":0,"gold_gain":175,"player_choice":"AGREE","damage_taken":0,"max_hp_gain":0,"max_hp_loss":0,"event_name":"Liars Game","floor":64,"gold_loss":0,"cards_obtained":["Doubt"]},{"damage_healed":0,"gold_gain":0,"player_choice":"Fight","damage_taken":0,"max_hp_gain":0,"max_hp_loss":0,"event_name":"MindBloom","floor":96,"gold_loss":0}],"is_beta":false,"boss_relics":[{"not_picked":["Sozu","Calling Bell"],"picked":"Cursed Key"},{"not_picked":["Velvet Choker","Fusion Hammer"],"picked":"ReplayTheSpireMod:SealedPack"},{"not_picked":["Honey Jar","Replay:Grab Bag"],"picked":"ChewingGum"},{"not_picked":["Astrolabe","SacredBark"],"picked":"Black Star"},{"not_picked":["Replay:Wanted Poster","Honey Jar"],"picked":"Coffee Dripper"}],"items_purged_floors":[2,27,38,54,58,82,88,95],"is_endless":true,"potions_floor_spawned":[1,5,6,11,25,33,35,36,47,52,55,65,69,71,76,81,84,91,96,97],"killed_by":"Awakened One","ascension_level":4}}