{"host":"6fkscwgr344hcmao","time":1612453694,"event":{"mods":["2.2 Compatiblity","AchievementEnabler","BaseMod","Colored Map","Highlight Path","Minty Spire (QoL Compilation)","Random Character Button","Rare Cards Sparkle"],"gold_per_floor":[113,30,49,67,78,107,107,122,148,148,166,187,187,201,201,201,201],"floor_reached":16,"language":"POL","playtime":1032,"items_purged":[],"score":104,"play_id":"15ea1ae1-7f2e-4cf5-89e4-9a74ba1ee9cd","local_time":"20210204164814","is_ascension_mode":false,"campfire_choices":[{"floor":7,"key":"REST"},{"data":"Prepared","floor":10,"key":"SMITH"},{"floor":15,"key":"REST"}],"circlet_count":0,"master_deck":["Strike_G","Strike_G","Strike_G","Strike_G","Defend_G","Defend_G","Defend_G","Defend_G","Defend_G","Survivor","Neutralize","Deadly Poison","Finesse","Endless Agony","Flying Knee","Prepared+1","Slice","Quick Slash","Tools of the Trade","Prepared"],"relics":["Ring of the Snake","Smiling Mask","Odd Mushroom"],"acts_visited":["Exordium"],"potions_floor_usage":[6,12],"damage_taken":[{"damage":0.0,"enemies":"Small Slimes","floor":1.0,"turns":4.0},{"damage":3.0,"enemies":"Jaw Worm","floor":3.0,"turns":5.0},{"damage":2.0,"enemies":"2 Louse","floor":4.0,"turns":4.0},{"damage":10.0,"enemies":"Large Slime","floor":5.0,"turns":10.0},{"damage":16,"enemies":"Gremlin Nob","floor":6,"turns":4},{"damage":0,"enemies":"2 Fungi Beasts","floor":8,"turns":4},{"damage":2,"enemies":"Red Slaver","floor":11,"turns":4},{"damage":13,"enemies":"The Mushroom Lair","floor":12,"turns":5},{"damage":11,"enemies":"Lots of Slimes","floor":14,"turns":5},{"damage":64,"enemies":"Slime Boss","floor":16,"turns":12}],"seed_played":"-9032561119261725312","potions_obtained":[{"floor":3.0,"key":"Weak Potion"},{"floor":5.0,"key":"Strength Potion"},{"floor":6,"key":"Energy Potion"},{"floor":11,"key":"Swift Potion"}],"is_trial":false,"path_per_floor":["M","$","M","M","M","E","R","M","T","R","M","?","?","M","R","B"],"character_chosen":"THE_SILENT","items_purchased":["Finesse"],"campfire_rested":2,"item_purchase_floors":[2],"current_hp_per_floor":[77,77,74,72,62,46,69,69,69,69,67,54,47,36,59,0,0],"gold":201,"neow_bonus":"TEN_PERCENT_HP_BONUS","is_daily":false,"chose_seed":false,"campfire_upgraded":1,"win_rate":0.0,"timestamp":1612453694,"path_taken":["M","$","M","M","M","E","R","M","T","R","M","?","?","M","R","BOSS"],"items_purchased_type":["Card"],"build_version":"2020-12-22","purchased_purges":0,"victory":false,"max_hp_per_floor":[77,77,77,77,77,77,77,77,77,77,77,77,77,77,77,77,77],"card_choices":[{"not_picked":["Backstab","Acrobatics"],"picked":"Deadly Poison","floor":1.0},{"not_picked":["Choke","Dash"],"picked":"Endless Agony","floor":3.0},{"not_picked":["Predator","Accuracy","Dagger Spray"],"picked":"SKIP","floor":4.0},{"not_picked":["Outmaneuver","Choke"],"picked":"Flying Knee","floor":5.0},{"not_picked":["Sucker Punch","Backstab"],"picked":"Prepared","floor":6},{"not_picked":["Footwork","Dash"],"picked":"Slice","floor":8},{"not_picked":["Well Laid Plans","Dodge and Roll"],"picked":"Quick Slash","floor":11},{"not_picked":["Leg Sweep","Underhanded Strike"],"picked":"Tools of the Trade","floor":12},{"not_picked":["Well Laid Plans","Bane"],"picked":"Prepared","floor":14}],"player_experience":226951,"relics_obtained":[{"floor":6,"key":"Smiling Mask"},{"floor":12,"key":"Odd Mushroom"}],"event_choices":[{"damage_healed":0,"gold_gain":0,"player_choice":"Fought Mushrooms","damage_taken":0,"max_hp_gain":0,"max_hp_loss":0,"event_name":"Mushrooms","floor":12,"gold_loss":0},{"cards_removed":["Strike_G"],"damage_healed":0,"gold_gain":0,"player_choice":"Card Removal","damage_taken":7,"max_hp_gain":0,"max_hp_loss":0,"event_name":"Golden Wing","floor":13,"gold_loss":0}],"is_beta":false,"boss_relics":[],"items_purged_floors":[],"is_endless":false,"potions_floor_spawned":[3,5,6,11],"killed_by":"Slime Boss","ascension_level":0}}