{"host":"nwtxriuk34b069je","time":1612425778,"event":{"mods":["AchievementEnabler","BaseMod","Better Skull","Colored Map","Colored Powertips","Hermit","Minty Spire (QoL Compilation)","Relic Stats","StSLib"],"gold_per_floor":[115,43,43,43,43,74,74,84,111,129,164,184,200,54,54,155,155,155,168,168,267,277,277,277,277],"floor_reached":24,"language":"ENG","playtime":947,"items_purged":[],"score":337,"play_id":"a46d73f7-f2b8-4e7b-a22c-c8c5bff99d2b","local_time":"20210204020258","is_ascension_mode":true,"campfire_choices":[{"floor":7,"key":"REST"},{"floor":15,"key":"REST"},{"floor":23,"key":"REST"}],"circlet_count":0,"master_deck":["Defend_G","Defend_G","Defend_G","Defend_G","Defend_G","Survivor","Neutralize","Slice+1","Footwork","Noxious Fumes","Flying Knee","Bullet Time","Dodge and Roll","Burst","Venomology","Poisoned Stab","Bite","Bite","Bite","Bite","Bite","Dagger Spray"],"relics":["Ring of the Snake","NeowsBlessing","Gambling Chip","Whetstone","Mummified Hand","Black Star"],"acts_visited":["Exordium","TheCity"],"potions_floor_usage":[18,18,19,22,22,22,24],"damage_taken":[{"damage":0,"enemies":"2 Louse","floor":1,"turns":1},{"damage":0,"enemies":"Lagavulin","floor":6,"turns":1},{"damage":0,"enemies":"Small Slimes","floor":8,"turns":1},{"damage":7,"enemies":"Jaw Worm","floor":10,"turns":4},{"damage":36,"enemies":"3 Sentries","floor":11,"turns":9},{"damage":8,"enemies":"2 Fungi Beasts","floor":12,"turns":3},{"damage":5,"enemies":"Exordium Wildlife","floor":13,"turns":3},{"damage":12,"enemies":"Hexaghost","floor":16,"turns":14},{"damage":19,"enemies":"3 Byrds","floor":18,"turns":5},{"damage":15,"enemies":"Chosen","floor":19,"turns":8},{"damage":21,"enemies":"3 Cultists","floor":22,"turns":7},{"damage":82,"enemies":"Book of Stabbing","floor":24,"turns":6}],"seed_played":"386775954947664824","potions_obtained":[{"floor":6,"key":"FairyPotion"},{"floor":13,"key":"CultistPotion"},{"floor":16,"key":"SmokeBomb"},{"floor":19,"key":"FearPotion"},{"floor":22,"key":"BlessingOfTheForge"}],"is_trial":false,"path_per_floor":["M","$","?","?","?","E","R","M","T","M","E","M","M","$","R","B",null,"M","M","?","?","M","R","E"],"character_chosen":"THE_SILENT","items_purchased":["Footwork","Burst"],"campfire_rested":3,"item_purchase_floors":[2,14],"current_hp_per_floor":[63,63,56,56,61,61,75,75,75,68,32,24,19,19,41,29,64,45,30,30,30,27,42,0,0],"gold":277,"neow_bonus":"THREE_ENEMY_KILL","is_daily":false,"chose_seed":false,"campfire_upgraded":0,"win_rate":0.0,"timestamp":1612425778,"path_taken":["M","$","?","?","?","E","R","M","T","M","E","M","M","$","R","BOSS","M","M","?","?","M","R","E"],"items_purchased_type":["Card","Card"],"build_version":"2020-12-22","purchased_purges":0,"victory":false,"max_hp_per_floor":[70,70,70,70,75,75,75,75,75,75,75,75,75,75,75,75,75,75,75,52,52,52,52,52,52],"relic_stats":{"counters":[12,62],"Mummified Hand":[8],"Gambling Chip":[27],"Black Star":0,"Whetstone":["Slice","Strike_G"],"obtain_stats":[{"NeowsBlessing":0,"Mummified Hand":11,"Gambling Chip":6,"Black Star":17,"Whetstone":9,"Ring of the Snake":0},{"NeowsBlessing":0,"Mummified Hand":5,"Gambling Chip":2,"Black Star":8,"Whetstone":3,"Ring of the Snake":0},{"NeowsBlessing":0,"Mummified Hand":16,"Gambling Chip":2,"Black Star":36,"Whetstone":3,"Ring of the Snake":0}],"Ring of the Snake":[24]},"card_choices":[{"not_picked":["Quick Slash","Escape Plan"],"picked":"Slice","floor":1},{"not_picked":["Backflip","Quick Slash"],"picked":"Noxious Fumes","floor":6},{"not_picked":["Setup","Well Laid Plans","Underhanded Strike"],"picked":"SKIP","floor":8},{"not_picked":["Masterful Stab","Blade Dance"],"picked":"Flying Knee","floor":10},{"not_picked":["Quick Slash","Deflect"],"picked":"Bullet Time","floor":11},{"not_picked":["Blade Dance","Accuracy","Setup"],"picked":"SKIP","floor":12},{"not_picked":["Dagger Throw","Cloak And Dagger"],"picked":"Dodge and Roll","floor":13},{"not_picked":["A Thousand Cuts","Glass Knife"],"picked":"Venomology","floor":16},{"not_picked":["Slice","Deflect"],"picked":"Poisoned Stab","floor":19},{"not_picked":["Dash+1","Cloak And Dagger+1"],"picked":"Dagger Spray","floor":22}],"player_experience":520019,"relics_obtained":[{"floor":6,"key":"Gambling Chip"},{"floor":9,"key":"Whetstone"},{"floor":11,"key":"Mummified Hand"}],"event_choices":[{"cards_removed":["Strike_G"],"damage_healed":0,"gold_gain":0,"player_choice":"Card Removal","damage_taken":7,"max_hp_gain":0,"max_hp_loss":0,"event_name":"Golden Wing","floor":3,"gold_loss":0},{"damage_healed":0,"gold_gain":0,"player_choice":"Leave","damage_taken":0,"max_hp_gain":0,"max_hp_loss":0,"event_name":"The Cleric","floor":4,"gold_loss":0},{"damage_healed":0,"gold_gain":0,"player_choice":"Donut","damage_taken":0,"max_hp_gain":5,"max_hp_loss":0,"event_name":"Big Fish","floor":5,"gold_loss":0},{"damage_healed":0,"gold_gain":0,"player_choice":"Became a vampire","damage_taken":0,"max_hp_gain":0,"max_hp_loss":23,"event_name":"Vampires","floor":20,"gold_loss":0,"cards_obtained":["Bite","Bite","Bite","Bite","Bite"]},{"damage_healed":0,"gold_gain":99,"player_choice":"Stole From Cult","damage_taken":0,"max_hp_gain":0,"max_hp_loss":0,"event_name":"Nest","floor":21,"gold_loss":0}],"is_beta":false,"boss_relics":[{"not_picked":["Runic Pyramid","Busted Crown"],"picked":"Black Star"}],"items_purged_floors":[],"is_endless":false,"potions_floor_spawned":[6,13,16,19,22],"killed_by":"Book of Stabbing","ascension_level":7}}