{"host":"kwnpvqmnt47pmyi1","time":1612444138,"event":{"mods":["AchievementEnabler","BaseMod","Bestiary","BetterRewards","Clockwork Mod","Downfall","Hermit","Hubris","Infinite Spire","Marisa????????","Minty Spire (QoL Compilation)","Random Character Mod","Reliquary","Replay The Spire","Shade Mod","StSLib","The Cursed","The Hierophant","The Servant 0.9.4"],"gold_per_floor":[109,128,203,214,214,214,214],"floor_reached":6,"language":"ENG","playtime":443,"items_purged":[],"score":36,"play_id":"50680a5c-330a-4a6e-aba8-66ad8e26c99d","local_time":"20210204050858","is_ascension_mode":false,"campfire_choices":[],"circlet_count":0,"master_deck":["Strike_S","Strike_S","Strike_S","Strike_S","Defend_S","Defend_S","Defend_S","Defend_S","KidneyShot","Exchange","ShatteredReality","Ricochet","Replace"],"relics":["Uniform"],"acts_visited":["Exordium"],"potions_floor_usage":[6],"damage_taken":[{"damage":5,"enemies":"Cultist","floor":1,"turns":5},{"damage":0,"enemies":"2 Louse","floor":2,"turns":2},{"damage":1,"enemies":"Jaw Worm","floor":4,"turns":4},{"damage":49,"enemies":"Replay:BlueRogue","floor":6,"turns":9}],"seed_played":"-9019930353836153387","potions_obtained":[{"floor":1,"key":"SteroidPotion"}],"is_trial":false,"path_per_floor":["M","M","?","M","?","E"],"character_chosen":"THE_SERVANT","items_purchased":[],"campfire_rested":0,"item_purchase_floors":[],"current_hp_per_floor":[66,66,55,54,47,0,0],"gold":214,"neow_bonus":"TEN_PERCENT_HP_BONUS","is_daily":false,"chose_seed":false,"campfire_upgraded":0,"win_rate":0.0,"timestamp":1612444138,"path_taken":["M","?","?","M","?","E"],"items_purchased_type":[],"build_version":"2020-12-22","purchased_purges":0,"victory":false,"max_hp_per_floor":[71,71,71,71,71,71,71],"card_choices":[{"not_picked":["FastForward","Rearm"],"picked":"ShatteredReality","floor":1},{"not_picked":["BottledTime","DoubleEdge"],"picked":"Ricochet","floor":2},{"not_picked":["Gouge","SpecialFormula"],"picked":"Replace","floor":4}],"player_experience":297906,"relics_obtained":[],"event_choices":[{"damage_healed":0,"gold_gain":75,"player_choice":"Gather Gold","damage_taken":11,"max_hp_gain":0,"max_hp_loss":0,"event_name":"World of Goop","floor":3,"gold_loss":0},{"damage_healed":0,"gold_gain":0,"player_choice":"Damaged","damage_taken":7,"max_hp_gain":0,"max_hp_loss":0,"event_name":"Wheel of Change","floor":5,"gold_loss":0}],"is_beta":false,"boss_relics":[],"items_purged_floors":[],"is_endless":false,"potions_floor_spawned":[1],"killed_by":"Replay:BlueRogue","ascension_level":0}}