{"host":"ucgrft0m53zzt06v","time":1612433628,"event":{"mods":["BaseMod","Colored Map","Colored Powertips","Conspire","HololiveMod","KinomotoSakuraMod(木之本樱)","Lobotomy","Minty Spire (QoL Compilation)","Quick Restart","Replay The Spire","Shop Mod","Spicy Shops","StSLib","Td1madao Mod","The Senshi","Waifu the Spire","WarShipGirlsR/战舰少女R mod","【遗物卡牌】REMEMod"],"gold_per_floor":[110,28,42,57,132,167,167,193,216,220,107,120,136,146,146,141,191,205,215,504,524,524,524,564,596,596,608,665,677,705,1009,1009,1033,1033,1052,1052,1026,1026,1037,1037,1066,1066,1135,1008,1019,1049,1270,1321,1321,1343,1343,1343,1009,1049,1035],"floor_reached":56,"language":"ZHS","playtime":4767,"items_purged":["Regret","rmod:strick","Looming Evil","rmod:strick","Pain","rmod:defend","Hololive_RevenueRecovery","Pride","rmod:strick"],"score":2419,"play_id":"b1ec950d-2b55-4f5b-b050-fa9c80a1d011","local_time":"20210204181348","is_ascension_mode":true,"campfire_choices":[{"data":"rmod:basicallowance","floor":7.0,"key":"SMITH"},{"data":"rmod:chargemoney","floor":15.0,"key":"SMITH"},{"data":"rmod:supriseattacks","floor":23.0,"key":"SMITH"},{"data":"rmod:fuelsupply","floor":29.0,"key":"SMITH"},{"data":"rmod:wife","floor":32.0,"key":"SMITH"},{"floor":40,"key":"DIG"},{"floor":42,"key":"DIG"},{"floor":49,"key":"RECALL"},{"floor":52,"key":"DIG"}],"circlet_count":0,"master_deck":["rmod:defend","rmod:defend","rmod:defend","rmod:basicallowance+1","rmod:maingunfire","rmod:acesubmarine+1","rmod:ridicule+1","rmod:aviationdawn","rmod:chargemoney+1","rmod:supportaircraftcarrier","rmod:intelligenceanalysis","rmod:fuelsupply+1","rmod:openingtorpedo","rmod:seals","Master of Strategy","rmod:supriseattacks+1","rmod:ridicule+1","rmod:diaomin","rmod:maintain+1","REME_ProfessionalPlagiarism","rmod:circuitoustactics","rmod:highspeedmaneuver","rmod:lonelyqueen","Flash of Steel","rmod:wife+1","rmod:secretscript","REME_MagicPocketWatch","rmod:smokecover+1","rmod:ridicule+1","rmod:expeditionaryescort","rmod:ridicule+1","conspire:Banana+1"],"relics":["rmod:firstchargereward","REME_ComplimentaryCards","Replay:Wax Seal","Dream Catcher","Simple Rune","REME_OnlineShoppingPlatform","MerchantsRug","Matryoshka","Iron Hammer","Snack Pack","Gremlin Horn","Replay:Bottled Flurry","Tiny House","Juzu Bracelet","rmod:equipmentrecovery","Chemical X","OrangePellets","Pen Nib","Mirror","Ring of Peace","Ring of Hypnosis","Kunai","Gremlin Food","Anchor","Blood Vial","Strange Spoon","TheAbacus","Blue Candle","Lantern","Membership Card","Replay:Accelerometer","Hololive_LightStick","Oddly Smooth Stone","Nunchaku","Orrery","Coffee Dripper","WarpedTongs","Lee\u0027s Waffle","Shovel","Happy Flower","ReplayFunnel","Orichalcum","Cauldron","Quantum Egg","Chameleon Ring","Replay:Mystery Machine","Toxic Egg 2","Darkstone Periapt","Replay:Kaleidoscope","Sling","REME_HourglassOfDeath","Mercury Hourglass","rmod:quickrepair","conspire:TopHat","DollysMirror","Replay:Bandana","theSenshi:SailorFukuRelic","ReplayTheSpireMod:CursedCoin","Pantograph","BargainBundle","War Paint","FossilizedHelix","ReplayTheSpireMod:Lightbulb","HornCleat","HandDrill","Counterbalance"],"acts_visited":["Exordium","TheCity","TheBeyond","TheEnding"],"potions_floor_usage":[47,50,54,55,55,55],"damage_taken":[{"damage":0.0,"enemies":"Cultist","floor":1.0,"turns":2.0},{"damage":0.0,"enemies":"2 Louse","floor":3.0,"turns":1.0},{"damage":0.0,"enemies":"Jaw Worm","floor":4.0,"turns":3.0},{"damage":2.0,"enemies":"Lagavulin","floor":6.0,"turns":5.0},{"damage":31.0,"enemies":"Gremlin Nob","floor":8.0,"turns":4.0},{"damage":0.0,"enemies":"Lagavulin","floor":11.0,"turns":3.0},{"damage":0.0,"enemies":"Gremlin Gang","floor":12.0,"turns":1.0},{"damage":0.0,"enemies":"2 Fungi Beasts","floor":13.0,"turns":1.0},{"damage":0.0,"enemies":"Exordium Thugs","floor":14.0,"turns":1.0},{"damage":0.0,"enemies":"Hexaghost","floor":16.0,"turns":3.0},{"damage":0.0,"enemies":"Spheric Guardian","floor":18.0,"turns":1.0},{"damage":0.0,"enemies":"3 Byrds","floor":19.0,"turns":2.0},{"damage":0.0,"enemies":"Snake Plant","floor":21.0,"turns":1.0},{"damage":0.0,"enemies":"conspire:SneckoGhost","floor":25.0,"turns":1.0},{"damage":0.0,"enemies":"Gremlin Leader","floor":28.0,"turns":1.0},{"damage":0.0,"enemies":"Centurion and Healer","floor":30.0,"turns":3.0},{"damage":0.0,"enemies":"Pondfish","floor":33.0,"turns":4.0},{"damage":0,"enemies":"Orb Walker","floor":35,"turns":1},{"damage":0,"enemies":"3 Darklings","floor":39,"turns":1},{"damage":0,"enemies":"R_Hoarder","floor":41,"turns":2},{"damage":0,"enemies":"Writhing Mass","floor":45,"turns":1},{"damage":0,"enemies":"Giant Head","floor":46,"turns":3},{"damage":0,"enemies":"R_Hoarder","floor":48,"turns":2},{"damage":0,"enemies":"Donu and Deca","floor":50,"turns":2},{"damage":0,"enemies":"Shield and Spear","floor":54,"turns":1},{"damage":0,"enemies":"The Heart","floor":55,"turns":4}],"seed_played":"-2026729285166221160","potions_obtained":[{"floor":4.0,"key":"Weak Potion"},{"floor":6.0,"key":"Reflective Coating"},{"floor":8.0,"key":"ColorlessPotion"}],"is_trial":false,"path_per_floor":["M","$","M","M","?","E","R","E","T","$","E","M","M","M","R","B",null,"M","M","$","M","?","R","$","E","T","?","E","R","M","$","R","B",null,"M","?","$","T","M","R","E","R","T","$","M","E","$","E","R","B",null,"R","$","E","B",null],"character_chosen":"PRAEFECT","items_purchased":["rmod:chargemoney","REME_OnlineShoppingPlatform","MerchantsRug","rmod:openingtorpedo","rmod:seals","Master of Strategy","Matryoshka","Iron Hammer","Snack Pack","Gremlin Horn","Guide Book","Juzu Bracelet","rmod:equipmentrecovery","Chemical X","OrangePellets","Pen Nib","Mirror","rmod:maintain","REME_ProfessionalPlagiarism","Kunai","Gremlin Food","Anchor","Blood Vial","Strange Spoon","TheAbacus","Membership Card","Replay:Accelerometer","Hololive_LightStick","Oddly Smooth Stone","Nunchaku","Flash of Steel","Orrery","Lee\u0027s Waffle","Shovel","Happy Flower","ReplayFunnel","Orichalcum","Cauldron","REME_MagicPocketWatch","Replay:Kaleidoscope","Sling","REME_HourglassOfDeath","rmod:smokecover+1","rmod:quickrepair","conspire:TopHat","DollysMirror","Replay:Bandana","theSenshi:SailorFukuRelic","ReplayTheSpireMod:CursedCoin","BargainBundle","War Paint","FossilizedHelix","ReplayTheSpireMod:Lightbulb","HornCleat","HandDrill","rmod:expeditionaryescort","rmod:ridicule+1","conspire:Banana+1"],"campfire_rested":0,"item_purchase_floors":[2,10,10,10,10,10,10,10,10,10,10,20,20,20,20,20,20,20,20,24,24,24,24,24,24,31,31,31,31,31,31,31,37,37,37,37,37,37,37,44,44,44,44,47,47,47,47,47,47,53,53,53,53,53,53,53,53,53],"current_hp_per_floor":[68,68,68,68,57,55,55,24,24,24,26,28,30,32,32,40,73,73,73,83,83,83,83,83,83,83,83,93,93,93,93,93,93,93,93,93,100,100,100,100,100,100,100,100,100,100,113,120,120,120,120,120,126,128,134],"gold":1035,"neow_bonus":"THREE_RARE_CARDS","is_daily":false,"chose_seed":false,"campfire_upgraded":5,"win_rate":0.0,"timestamp":1612433628,"path_taken":["M","?","M","M","?","E","R","E","T","$","E","M","M","?","R","BOSS","M","M","$","M","?","R","$","E","T","?","E","R","M","?","R","BOSS","M","?","$","?","M","R","E","R","T","$","M","E","?","E","R","BOSS","R","$","E","BOSS"],"items_purchased_type":["Card","Relic","Relic","Card","Card","Card","Relic","Relic","Relic","Relic","Relic","Relic","Relic","Relic","Relic","Relic","Relic","Card","Card","Relic","Relic","Relic","Relic","Relic","Relic","Relic","Relic","Relic","Relic","Relic","Card","Relic","Relic","Relic","Relic","Relic","Relic","Relic","Card","Relic","Relic","Relic","Card","Relic","Relic","Relic","Relic","Relic","Relic","Relic","Relic","Relic","Relic","Relic","Relic","Card","Card","Card"],"build_version":"2020-12-22","purchased_purges":9,"victory":true,"max_hp_per_floor":[68,68,68,68,68,68,68,68,68,68,68,68,68,68,68,68,73,73,73,83,83,83,83,83,83,83,83,93,93,93,93,93,93,93,93,93,100,100,100,100,100,100,100,100,100,100,113,120,120,120,120,120,126,128,134],"card_choices":[{"not_picked":["rmod:acesubmarine","rmod:desperatesituation"],"picked":"rmod:ridicule","floor":0.0},{"not_picked":["rmod:ammunitionsupply","rmod:diamondstrike"],"picked":"rmod:aviationdawn","floor":1.0},{"not_picked":["rmod:aluminumsupply","rmod:rockthrower"],"picked":"rmod:supportaircraftcarrier","floor":3.0},{"not_picked":["rmod:guardianhero","rmod:highspeedshooting"],"picked":"rmod:intelligenceanalysis","floor":4.0},{"not_picked":["rmod:salvage","rmod:intelligenceanalysis","rmod:aviationdawn"],"picked":"SKIP","floor":6.0},{"not_picked":["rmod:intelligenceanalysis","rmod:diamondstrike"],"picked":"rmod:fuelsupply","floor":8.0},{"not_picked":["rmod:victimresponsibility","rmod:supportescort","rmod:tearstotiara"],"picked":"SKIP","floor":11.0},{"not_picked":["rmod:diamondstrike","rmod:victimresponsibility"],"picked":"rmod:supriseattacks","floor":12.0},{"not_picked":["rmod:tearstotiara","rmod:firesupport","rmod:supportescort"],"picked":"SKIP","floor":13.0},{"not_picked":["rmod:capitalist","rmod:mineteam","rmod:wolves"],"picked":"SKIP","floor":14.0},{"not_picked":["rmod:desperatesituation","rmod:abidefaith"],"picked":"rmod:ridicule","floor":16.0},{"not_picked":["rmod:maintain","rmod:victimresponsibility"],"picked":"rmod:diaomin","floor":17.0},{"not_picked":["rmod:firesupport","rmod:steelsupply","rmod:aviationdawn"],"picked":"SKIP","floor":18.0},{"not_picked":["rmod:firesupport","rmod:circuitoustactics","rmod:aviationdawn"],"picked":"SKIP","floor":19.0},{"not_picked":["rmod:fletcher","rmod:concentratefire+1"],"picked":"rmod:circuitoustactics","floor":21.0},{"not_picked":["rmod:luckystar","rmod:heivgo","rmod:chargemoney"],"picked":"SKIP","floor":25.0},{"not_picked":["rmod:supportaircraftcarrier","rmod:firesupport"],"picked":"rmod:highspeedmaneuver","floor":28.0},{"not_picked":["rmod:garrisonisland+1","rmod:firesupport+1"],"picked":"rmod:lonelyqueen","floor":30.0},{"not_picked":["rmod:openingtorpedo+1","rmod:victimresponsibility+1"],"picked":"rmod:wife","floor":31.0},{"not_picked":["rmod:timeschanged","rmod:supriseattacks"],"picked":"rmod:secretscript","floor":33.0},{"not_picked":["rmod:supportaircraftcarrier","rmod:highspeedshooting+1","rmod:fuelsupply+1"],"picked":"SKIP","floor":35},{"not_picked":["rmod:sl","rmod:supportaircraftcarrier+1","rmod:lonelyqueen"],"picked":"SKIP","floor":39},{"not_picked":["rmod:diamondstrike","rmod:robin+1","rmod:advancebysurprise"],"picked":"SKIP","floor":41},{"not_picked":["rmod:highspeedshooting+1","rmod:aluminumsupply+1","rmod:aggressivemary+1"],"picked":"SKIP","floor":45},{"not_picked":["rmod:smokecover+1","rmod:circuitoustactics+1","rmod:highspeedshooting"],"picked":"SKIP","floor":46},{"not_picked":["rmod:aggressivemary+1","rmod:generalist+1","rmod:garrisonisland+1"],"picked":"SKIP","floor":48},{"not_picked":["rmod:timeschanged","rmod:diaomin+1","rmod:gendarmerie+1"],"picked":"SKIP","floor":54}],"player_experience":183870,"relics_obtained":[{"floor":6.0,"key":"Replay:Wax Seal"},{"floor":8.0,"key":"Dream Catcher"},{"floor":9.0,"key":"Simple Rune"},{"floor":11.0,"key":"Replay:Bottled Flurry"},{"floor":22.0,"key":"Ring of Peace"},{"floor":22.0,"key":"Ring of Hypnosis"},{"floor":25.0,"key":"Blue Candle"},{"floor":26.0,"key":"Lantern"},{"floor":26.0,"key":"MawBank"},{"floor":28.0,"key":"Pear"},{"floor":38,"key":"Quantum Egg"},{"floor":40,"key":"Chameleon Ring"},{"floor":41,"key":"Replay:Mystery Machine"},{"floor":42,"key":"Toxic Egg 2"},{"floor":43,"key":"Darkstone Periapt"},{"floor":46,"key":"Mercury Hourglass"},{"floor":48,"key":"Strawberry"},{"floor":52,"key":"Pantograph"},{"floor":54,"key":"Counterbalance"}],"event_choices":[{"damage_healed":0.0,"max_hp_gain":0.0,"max_hp_loss":0.0,"gold_gain":75.0,"event_name":"World of Goop","player_choice":"Gather Gold","floor":5.0,"gold_loss":0.0,"damage_taken":11.0},{"cards_removed":["rmod:strick"],"damage_healed":0.0,"max_hp_gain":0.0,"max_hp_loss":0.0,"gold_gain":0.0,"event_name":"Bonfire Elementals","player_choice":"Offered Basic","floor":27.0,"gold_loss":0.0,"damage_taken":0.0},{"damage_healed":0,"gold_gain":0,"player_choice":"Rummage","damage_taken":0,"relics_obtained":["WarpedTongs"],"max_hp_gain":0,"max_hp_loss":0,"event_name":"Accursed Blacksmith","floor":36,"gold_loss":0,"cards_obtained":["Pain"]}],"is_beta":false,"boss_relics":[{"not_picked":["Hololive_ChaosS","Velvet Choker"],"picked":"Tiny House"},{"not_picked":["conspire:SeveredTorchhead","REME_DuelDisc"],"picked":"Coffee Dripper"}],"items_purged_floors":[10,20,24,31,37,44,47,53,53],"is_endless":false,"potions_floor_spawned":[4,6,8,14,16,18,19,25,30,35,41],"ascension_level":4}}