{"host":"3i0tc1zs9k2bo7un","time":1612416492,"event":{"mods":["Act Like it!","Aspiration","BaseMod","Gensokyo","Minty Spire (QoL Compilation)","MostiFishMod","Quick Restart","Reliquary","Replay The Spire","StSLib","TestMod","Wide Potions","[IsaacMod]ÒÔÈö¼âËþ","¡¾ÒÅÎï¿¨ÅÆ¡¿REMEMod"],"gold_per_floor":[118,150,160,110,210,210,244,244,244,244,244],"floor_reached":10,"language":"ZHS","playtime":209,"items_purged":["Strike_G"],"score":223,"play_id":"b83e28d4-2cdc-413d-a429-5ae3b1236864","local_time":"20210204132812","is_ascension_mode":true,"campfire_choices":[{"data":"Immolate","floor":6.0,"key":"SMITH"},{"data":"Neutralize","floor":8,"key":"SMITH"}],"circlet_count":0,"master_deck":["AscendersBane","Strike_G","Strike_G","Strike_G","Strike_G","Defend_G","Defend_G","Defend_G","Defend_G","Defend_G","Survivor","Neutralize+1","Immolate+1"],"relics":["Ring of the Snake","DaveBox","testmod-TestBox","HushsDoor","REME_ComplimentaryCards","GuppysTail","testmod-ArcanaOfDestiny","Transparent","NeowsBlessing","SynthV:TestCard","Smiling Mask","TheBible","Replay:Ringing Soul"],"acts_visited":["Gensokyo:Gensokyo"],"potions_floor_usage":[7],"damage_taken":[{"damage":13.0,"enemies":"Gensokyo:3_Fairies","floor":1.0,"turns":1.0},{"damage":13.0,"enemies":"Gensokyo:Mamizou","floor":2.0,"turns":1.0},{"damage":13.0,"enemies":"Gensokyo:Python","floor":3.0,"turns":1.0},{"damage":65,"enemies":"Gensokyo:Mamizou","floor":7,"turns":5},{"damage":42,"enemies":"Gensokyo:Aya","floor":10,"turns":3}],"seed_played":"-8794761781862290466","potions_obtained":[{"floor":3.0,"key":"CultistPotion"},{"floor":7,"key":"SpeedPotion"}],"is_trial":false,"path_per_floor":["M","?","M","$","?","R","E","R","T","E"],"character_chosen":"THE_SILENT","items_purchased":[],"campfire_rested":0,"item_purchase_floors":[],"current_hp_per_floor":[66,66,66,66,66,66,40,40,40,0,0],"gold":244,"neow_bonus":"THREE_ENEMY_KILL","is_daily":false,"chose_seed":false,"campfire_upgraded":2,"win_rate":0.0,"timestamp":1612416492,"path_taken":["M","?","M","$","?","R","E","R","T","E"],"items_purchased_type":[],"build_version":"2020-12-22","purchased_purges":1,"victory":false,"max_hp_per_floor":[66,66,66,66,66,66,66,66,66,66,66],"card_choices":[{"not_picked":["Bane","Flying Knee","Sucker Punch"],"picked":"SKIP","floor":1.0},{"not_picked":["Corpse Explosion","Flying Knee","All Out Attack","Prepared","MostiFishMod:FrostNova"],"picked":"SKIP","floor":2.0},{"not_picked":["Hidden Blade","Expertise","MostiFishMod:PerfectParry","Bane","Dodge and Roll"],"picked":"SKIP","floor":3.0},{"not_picked":["Dagger Spray","Deadly Poison","Bane","Flechettes","Caltrops"],"picked":"SKIP","floor":7}],"player_experience":700747,"relics_obtained":[{"floor":1.0,"key":"SynthV:TestCard"},{"floor":2.0,"key":"Smiling Mask"},{"floor":7,"key":"TheBible"},{"floor":9,"key":"Replay:Ringing Soul"}],"event_choices":[],"is_beta":false,"boss_relics":[],"items_purged_floors":[4],"is_endless":false,"potions_floor_spawned":[3,7],"killed_by":"Gensokyo:Aya","ascension_level":19}}