{"host":"nsiblyvneifz5djy","time":1612480970,"event":{"mods":["Aspiration","BaseMod","Clawfect","Hubris","Infinite Spire","Minty Spire (QoL Compilation)","Replay The Spire","StSLib","The Jungle"],"gold_per_floor":[144,189,234,279,82,82,82,127,127,172,217,262,262,71,71,371,371,416,461,736,316,66,156,156,156,206,206,251,296,341,386,386,686,686,731,731,731],"floor_reached":36,"language":"ENG","playtime":6687,"items_purged":["Fire Breathing"],"score":555,"play_id":"f39613ab-4457-4532-b087-15a9e680c165","local_time":"20210204152250","daily_mods":["Insanity","Red Cards","Midas"],"is_ascension_mode":false,"campfire_choices":[{"floor":6,"key":"REST"},{"floor":15,"key":"DIG"},{"floor":24,"key":"REST"},{"floor":32,"key":"REST"}],"circlet_count":0,"master_deck":["Clawfect:Clawrage","Warcry","Clawfect:ClawingBeam","Power Through","Massacre","Gash","Reprogram","Self Repair","Havoc","Steam","hubris:ReadiedAction","FTL","Thunderclap","Thunderclap","Pummel","Auto Shields","Clawfect:ClawingBeam","Clawfect:ClawLightning","hubris:CleavingFinish","Clawfect:ClawSnap","Hemokinesis","Clawfect:ClawpileDriver","Gash","Reprogram","Clawfect:ClawCell","Armaments","Thunderclap","Conserve Battery","Clawfect:Clawrage","ReplayTheSpireMod:LeadingStrike","Thunderclap","ReplayTheSpireMod:Strike From Hell","Thunderclap","Clawfect:ScrapingClaw","Power Through","Darkness","Flame Barrier","hubris:Ukulele","ReplayTheSpireMod:Reroute Power","ReplayTheSpireMod:Stacked","Disarm","Body Slam","Clawfect:Clawter","Cleave","Clash","Carnage","Panic Button","Storm","Clawfect:ClawLightning","Clawfect:ClawingBeam","Clawfect:ScrapingClaw","ReplayTheSpireMod:Muscle Training","Turbo","hubris:PowerSurge","Flex","Clawfect:ClawForTheEyes","Clawfect:ClawCell","Rupture","Steam","Pain","hubris:EnhanceAbility","ReplayTheSpireMod:Fabricate Wheel","Steam","Clawfect:ClawSnap","Regret","Inflame","Specialist","FTL","Gash","Clawfect:ClawSnap","hubris:SpecializedCircuitry+1","Clawfect:ClawSnap"],"relics":["Clawfect:DRClaw","Carrot","WarpedTongs","Kunai","aspiration:PoetsPen_weak","Chameleon Ring","Golden Egg","Geode","aspiration:RitualStick","infinitespire:Beetle Shell","hubris:ScarierMask"],"acts_visited":["Exordium","TheCity","TheBeyond"],"potions_floor_usage":[16,16,18,23,23,28,33],"damage_taken":[{"damage":0,"enemies":"Small Slimes","floor":1,"turns":3},{"damage":4,"enemies":"Cultist","floor":2,"turns":3},{"damage":5,"enemies":"2 Louse","floor":3,"turns":4},{"damage":21,"enemies":"Exordium Thugs","floor":4,"turns":4},{"damage":5,"enemies":"Looter","floor":8,"turns":4},{"damage":30,"enemies":"Large Slime","floor":10,"turns":6},{"damage":12,"enemies":"Exordium Wildlife","floor":11,"turns":3},{"damage":14,"enemies":"3 Louse","floor":12,"turns":3},{"damage":3,"enemies":"Slime Boss","floor":16,"turns":7},{"damage":8,"enemies":"3 Byrds","floor":18,"turns":3},{"damage":1,"enemies":"Spheric Guardian","floor":19,"turns":2},{"damage":39,"enemies":"Slavers","floor":23,"turns":4},{"damage":9,"enemies":"Snake Plant","floor":28,"turns":3},{"damage":1,"enemies":"Chosen and Byrds","floor":29,"turns":3},{"damage":1,"enemies":"Sentry and Sphere","floor":30,"turns":3},{"damage":8,"enemies":"Shelled Parasite and Fungi","floor":31,"turns":3},{"damage":25,"enemies":"Automaton","floor":33,"turns":5},{"damage":57,"enemies":"3 Shapes","floor":35,"turns":4},{"damage":25,"enemies":"Orb Walker","floor":36,"turns":2}],"seed_played":"2514053361250750194","potions_obtained":[{"floor":4,"key":"Fire Potion"},{"floor":7,"key":"Block Potion"},{"floor":7,"key":"FocusPotion"},{"floor":16,"key":"ColorlessPotion"},{"floor":18,"key":"DuplicationPotion"},{"floor":19,"key":"Death Potion"},{"floor":27,"key":"Doom Potion"},{"floor":27,"key":"PowerPotion"},{"floor":33,"key":"PotionOfCapacity"}],"is_trial":false,"path_per_floor":["M","M","M","M","$","R","?","M","T","M","M","M","?","$","R","B",null,"M","M","?","$","$","E","R","?","T","R","M","M","M","M","R","B",null,"M","M"],"character_chosen":"DEFECT","items_purchased":["hubris:PowerSurge","Flex","hubris:EnhanceAbility","Chameleon Ring","Inflame","Specialist","Golden Egg"],"campfire_rested":3,"item_purchase_floors":[5,5,14,21,21,21,22],"current_hp_per_floor":[75,71,73,52,52,74,74,69,69,39,27,13,13,13,13,17,75,67,73,73,73,73,34,56,41,41,41,32,38,37,29,51,26,75,25,0,0],"gold":731,"neow_bonus":"","is_daily":true,"chose_seed":false,"campfire_upgraded":0,"win_rate":0.0,"timestamp":1612480970,"path_taken":["M","M","M","M","$","R","?","M","T","?","?","M","?","$","R","BOSS","M","?","?","?","$","E","R","?","T","R","M","?","M","M","R","BOSS","M","M"],"items_purchased_type":["Card","Card","Card","Relic","Card","Card","Relic"],"build_version":"2020-12-22","purchased_purges":1,"victory":false,"max_hp_per_floor":[75,75,75,75,75,75,75,75,75,75,75,75,75,75,75,75,75,75,75,75,75,75,75,75,75,75,75,75,75,75,75,75,75,75,75,75,75],"card_choices":[{"not_picked":["Steam Power","Clawfect:ScrapingClaw"],"picked":"Clawfect:ClawingBeam","floor":1},{"not_picked":["Static Discharge","Perfected Strike"],"picked":"Clawfect:ScrapingClaw","floor":2},{"not_picked":["Searing Blow","Run Through"],"picked":"ReplayTheSpireMod:Muscle Training","floor":3},{"not_picked":["Perfected Strike","Ghostly Armor"],"picked":"Turbo","floor":4},{"not_picked":["Fission","Stack"],"picked":"Clawfect:ClawForTheEyes","floor":8},{"not_picked":["Ghostly Armor","Clawfect:Clawter"],"picked":"Clawfect:ClawCell","floor":10},{"not_picked":["hubris:SharpeningStone","Clawfect:ClawCell"],"picked":"Rupture","floor":11},{"not_picked":["Flame Barrier","Hello World"],"picked":"Steam","floor":12},{"not_picked":["hubris:StunningStrike","Mirror Shield"],"picked":"ReplayTheSpireMod:Fabricate Wheel","floor":16},{"not_picked":["Lockon","Clawfect:Clawline"],"picked":"Steam","floor":18},{"not_picked":["ReplaySort","Clash"],"picked":"Clawfect:ClawSnap","floor":19},{"not_picked":["Reprogram","Havoc"],"picked":"FTL","floor":23},{"not_picked":["Perfected Strike","Clawfect:Clawter","Shrug It Off+1"],"picked":"SKIP","floor":28},{"not_picked":["Fusion+1","BasicCrystalCard"],"picked":"Gash","floor":29},{"not_picked":["Perfected Strike","True Grit","Chill"],"picked":"SKIP","floor":30},{"not_picked":["Headbutt","Replay:Undeath\u0027s Touch"],"picked":"Clawfect:ClawSnap","floor":31},{"not_picked":["Brutality","Thunder Strike"],"picked":"hubris:SpecializedCircuitry","floor":33},{"not_picked":["Pommel Strike","FTL"],"picked":"Clawfect:ClawSnap","floor":35}],"player_experience":309709,"relics_obtained":[{"floor":9,"key":"Carrot"},{"floor":15,"key":"Kunai"},{"floor":23,"key":"Geode"},{"floor":26,"key":"infinitespire:Beetle Shell"}],"event_choices":[{"damage_healed":0,"gold_gain":0,"player_choice":"Got Potions","damage_taken":0,"max_hp_gain":0,"max_hp_loss":0,"event_name":"Lab","floor":7,"gold_loss":0},{"damage_healed":0,"gold_gain":0,"player_choice":"Rummage","damage_taken":0,"relics_obtained":["WarpedTongs"],"max_hp_gain":0,"max_hp_loss":0,"event_name":"Accursed Blacksmith","floor":13,"gold_loss":0,"cards_obtained":["Pain"]},{"damage_healed":0,"gold_gain":275,"player_choice":"Desecrate","damage_taken":0,"max_hp_gain":0,"max_hp_loss":0,"event_name":"Golden Shrine","floor":20,"gold_loss":0,"cards_obtained":["Regret"]}],"is_beta":false,"boss_relics":[{"not_picked":["Astrolabe","Runic Pyramid"],"picked":"aspiration:PoetsPen_weak"},{"not_picked":["Velvet Choker","ReplayTheSpireMod:DimensionalGlitch"],"picked":"hubris:ScarierMask"}],"items_purged_floors":[5],"is_endless":false,"potions_floor_spawned":[4,10,16,18,19,33],"killed_by":"Orb Walker","ascension_level":0}}