{"host":"xo0glkmxta74xh34","time":1612467225,"event":{"mods":["BaseMod","Downfall","Minty Spire (QoL Compilation)","Replay The Spire","StSLib"],"gold_per_floor":[118,138,213,232,1,1,26,26,26,57,68,80,113,59,59,59,59],"floor_reached":16,"language":"ENG","playtime":889,"items_purged":["Strike_G"],"score":126,"play_id":"c96e8304-637c-4c47-a314-a92dbed7e5b6","local_time":"20210204133345","is_ascension_mode":true,"campfire_choices":[{"floor":6,"key":"REST"},{"floor":15,"key":"REST"}],"circlet_count":0,"master_deck":["Strike_G","Strike_G","Strike_G","Defend_G","Defend_G","Defend_G+1","Defend_G","Defend_G","Survivor","Neutralize","Catalyst+1","ReplayTheSpireMod:Scrap Shanks","All Out Attack","Caltrops","Prepared","Underhanded Strike","Accuracy","Accuracy"],"relics":["Ring of the Snake","Gremlin Food","Bronze Scales","Bottled Tornado","Pear","Replay:Bottled Steam","PreservedInsect"],"acts_visited":["Exordium"],"potions_floor_usage":[7,13,16],"damage_taken":[{"damage":2,"enemies":"Cultist","floor":1,"turns":6},{"damage":0,"enemies":"Small Slimes","floor":2,"turns":3},{"damage":0,"enemies":"2 Louse","floor":4,"turns":3},{"damage":28,"enemies":"Lagavulin","floor":7,"turns":11},{"damage":18,"enemies":"3 Sentries","floor":10,"turns":9},{"damage":2,"enemies":"Blue Slaver","floor":11,"turns":4},{"damage":3,"enemies":"Large Slime","floor":12,"turns":9},{"damage":4,"enemies":"Replay:BlueRogue","floor":13,"turns":7},{"damage":51,"enemies":"The Guardian","floor":16,"turns":8}],"seed_played":"2694393395711613440","potions_obtained":[{"floor":4,"key":"Fire Potion"},{"floor":7,"key":"ColorlessPotion"},{"floor":12,"key":"Guardian:BlockOnCardUsePotion"}],"is_trial":false,"path_per_floor":["M","M","?","M","$","R","E","?","T","E","M","M","E","$","R","B"],"character_chosen":"THE_SILENT","items_purchased":["Bronze Scales","Accuracy"],"campfire_rested":2,"item_purchase_floors":[5,14],"current_hp_per_floor":[68,68,57,57,57,70,42,42,52,34,32,29,25,25,49,0,0],"gold":59,"neow_bonus":"RANDOM_COMMON_RELIC","is_daily":false,"chose_seed":false,"campfire_upgraded":0,"win_rate":0.0,"timestamp":1612467225,"path_taken":["M","?","?","M","$","R","E","?","T","E","M","M","E","$","R","BOSS"],"items_purchased_type":["Relic","Card"],"build_version":"2020-12-22","purchased_purges":1,"victory":false,"max_hp_per_floor":[70,70,70,70,70,70,70,70,80,80,80,80,80,80,80,80,80],"card_choices":[{"not_picked":["Outmaneuver","Sucker Punch"],"picked":"Catalyst","floor":1},{"not_picked":["Fluid Movement","Deadly Poison"],"picked":"ReplayTheSpireMod:Scrap Shanks","floor":2},{"not_picked":["Deadly Poison","Masterful Stab","Flechettes"],"picked":"SKIP","floor":4},{"not_picked":["Prepared","Bane"],"picked":"All Out Attack","floor":7},{"not_picked":["Expertise","Setup","Distraction"],"picked":"SKIP","floor":10},{"not_picked":["Fluid Movement","Predator"],"picked":"Caltrops","floor":11},{"not_picked":["Dodge and Roll","Slice"],"picked":"Prepared","floor":12},{"not_picked":["Underhanded Strike","Skewer","Bane"],"picked":"SKIP","floor":13},{"not_picked":["Skewer","Bane"],"picked":"Underhanded Strike","floor":13}],"player_experience":355775,"relics_obtained":[{"floor":7,"key":"Bottled Tornado"},{"floor":9,"key":"Pear"},{"floor":10,"key":"Replay:Bottled Steam"},{"floor":13,"key":"PreservedInsect"}],"event_choices":[{"damage_healed":0,"gold_gain":75,"player_choice":"Gather Gold","damage_taken":11,"max_hp_gain":0,"max_hp_loss":0,"event_name":"World of Goop","floor":3,"gold_loss":0}],"is_beta":false,"boss_relics":[],"items_purged_floors":[5],"is_endless":false,"potions_floor_spawned":[4,7,12],"killed_by":"The Guardian","ascension_level":1}}