{"host":"40vzoph344nwp0en","time":1612409801,"event":{"mods":["2.2 Compatiblity","Astrologer","BaseMod","Bestiary","Colored Map","GifTheSpireLib","GungeonMod","Highlight Path","Infinite Spire","Jorbs\u0027s Wanderer Trilogy","Minty Spire (QoL Compilation)","Potionbrewer","Relic Sorter","Replay The Spire","Robot Space Explorer","Shade Mod","Somnambulant","StSLib","SuperFastMode","The Bladedancer","The Cursed","The Disciple","The Elementalist","The Marked","The Spell Scribe","TheBandit","TheFirefly","??????REMEMod"],"gold_per_floor":[111,99176,98664,98664,98514,98549,98549],"floor_reached":6,"language":"ENG","playtime":282,"items_purged":["blademaster:Strike"],"score":142,"play_id":"64068874-17cf-4a55-8dc8-a828cc3e94d8","local_time":"20210203203641","is_ascension_mode":false,"campfire_choices":[],"circlet_count":0,"master_deck":["blademaster:Strike","blademaster:Strike","blademaster:Strike","blademaster:Defend","blademaster:Defend","blademaster:Defend","blademaster:Defend","blademaster:RagingBlow","blademaster:HighVoltage","blademaster:AspectOfWind","blademaster:Gust","blademaster:Gust","ReplayTheSpireMod:??????????????????????"],"relics":["blademaster:DancersAmulet","REME_ComplimentaryCards","NeowsBlessing","DemoMod:GlassGuonStoneRelic","DemoMod:MeltedRock","DemoMod:GnawedKey","DemoMod:VorpalBullet","potionbrewer:Keyblade","elementalistmod:RedRibbon","infinitespire:Midas Blood","Dead Branch"],"acts_visited":["Exordium"],"potions_floor_usage":[],"damage_taken":[{"damage":0,"enemies":"Jaw Worm","floor":1,"turns":1},{"damage":0,"enemies":"Lagavulin","floor":6,"turns":3}],"seed_played":"4477143066306678299","potions_obtained":[{"floor":1,"key":"Energy Potion"}],"is_trial":false,"path_per_floor":["M","$","?","?","?","E"],"character_chosen":"THE_BLADEMASTER","items_purchased":["DemoMod:MeltedRock","DemoMod:GnawedKey","DemoMod:VorpalBullet","potionbrewer:Keyblade","blademaster:Gust"],"campfire_rested":0,"item_purchase_floors":[2,2,2,2,2],"current_hp_per_floor":[75,75,75,75,75,75,75],"gold":98549,"neow_bonus":"THREE_ENEMY_KILL","is_daily":false,"chose_seed":false,"campfire_upgraded":0,"win_rate":0.0,"timestamp":1612409801,"path_taken":["M","$","?","?","?","E"],"items_purchased_type":["Relic","Relic","Relic","Relic","Card"],"build_version":"2020-12-22","purchased_purges":1,"victory":false,"max_hp_per_floor":[75,75,75,75,75,75,75],"card_choices":[{"not_picked":["blademaster:FuriousStrike","blademaster:AwakeningStrike"],"picked":"blademaster:AspectOfWind","floor":1},{"not_picked":["infinitespire:Starlight","infinitespire:UltimateForm"],"picked":"ReplayTheSpireMod:??????????????????????","floor":3}],"player_experience":699334,"relics_obtained":[{"floor":6,"key":"blademaster:DextrousPerk"},{"floor":6,"key":"Dead Branch"}],"event_choices":[{"damage_healed":0,"gold_gain":0,"player_choice":"Paid Gold","damage_taken":0,"relics_obtained":["infinitespire:Midas Blood"],"max_hp_gain":0,"max_hp_loss":0,"event_name":"WeMeetAgain","floor":5,"gold_loss":150}],"is_beta":false,"boss_relics":[],"items_purged_floors":[2],"is_endless":false,"potions_floor_spawned":[1],"killed_by":"Lagavulin","ascension_level":0}}