{"host":"928gv66myv2vlnsd","time":1612403293,"event":{"mods":["BaseMod","Highlight Path","Minty Spire (QoL Compilation)","StSLib"],"gold_per_floor":[116,61,161,173,173,211,211,244,244,244,267,43,43,76,76,171,171,127,148,48,48,48],"floor_reached":21,"language":"ENG","playtime":1484,"items_purged":["Strike_R","Strike_R"],"score":490,"play_id":"43e59909-ec0c-4afb-bd41-04b9b19ac164","local_time":"20210203204813","is_ascension_mode":true,"campfire_choices":[{"data":"Rampage","floor":7,"key":"SMITH"},{"data":"True Grit","floor":13,"key":"SMITH"},{"floor":15,"key":"REST"}],"circlet_count":0,"master_deck":["AscendersBane","Strike_R","Strike_R","Strike_R","Defend_R","Defend_R","Defend_R","Defend_R","Bash","Rampage+1","True Grit+1","Pummel","Spot Weakness","Burning Pact","Anger","Impervious","Reaper","CurseOfTheBell","Sword Boomerang"],"relics":["Burning Blood","NeowsBlessing","Golden Idol","Darkstone Periapt","Pantograph","HornCleat","Nunchaku","Unceasing Top","Calling Bell","PreservedInsect","Shuriken","Ginger"],"acts_visited":["Exordium","TheCity"],"potions_floor_usage":[16,16,21],"damage_taken":[{"damage":0,"enemies":"2 Louse","floor":1,"turns":1},{"damage":0,"enemies":"Cultist","floor":4,"turns":1},{"damage":0,"enemies":"Gremlin Nob","floor":6,"turns":1},{"damage":41,"enemies":"3 Sentries","floor":8,"turns":11},{"damage":0,"enemies":"Small Slimes","floor":11,"turns":3},{"damage":0,"enemies":"Gremlin Nob","floor":14,"turns":3},{"damage":63,"enemies":"Hexaghost","floor":16,"turns":11},{"damage":29,"enemies":"2 Thieves","floor":18,"turns":5},{"damage":31,"enemies":"Shell Parasite","floor":19,"turns":8},{"damage":27,"enemies":"Cultist and Chosen","floor":21,"turns":5}],"seed_played":"-2804158780696051568","potions_obtained":[{"floor":1,"key":"Energy Potion"},{"floor":8,"key":"ColorlessPotion"},{"floor":16,"key":"PowerPotion"}],"is_trial":false,"path_per_floor":["M","$","?","M","?","E","R","E","T","?","M","$","R","E","R","B",null,"M","M","$","M"],"character_chosen":"IRONCLAD","items_purchased":["True Grit","Impervious"],"campfire_rested":1,"item_purchase_floors":[2,12],"current_hp_per_floor":[74,74,74,75,68,68,68,33,33,22,28,28,28,34,54,11,60,37,12,12,0,0],"gold":48,"neow_bonus":"THREE_ENEMY_KILL","is_daily":false,"chose_seed":false,"campfire_upgraded":2,"win_rate":0.0,"timestamp":1612403293,"path_taken":["M","$","?","?","?","E","R","E","T","?","M","$","R","E","R","BOSS","M","M","$","M"],"items_purchased_type":["Card","Card"],"build_version":"2020-12-22","purchased_purges":2,"victory":false,"max_hp_per_floor":[75,75,75,75,68,68,68,68,68,68,68,68,68,68,68,68,74,74,74,74,74,74],"card_choices":[{"not_picked":["Twin Strike","Perfected Strike"],"picked":"Rampage","floor":1},{"not_picked":["Twin Strike","Pommel Strike"],"picked":"Pummel","floor":4},{"not_picked":["Shrug It Off","Combust"],"picked":"Spot Weakness","floor":6},{"not_picked":["Evolve","Shrug It Off"],"picked":"Burning Pact","floor":8},{"not_picked":["Flex","Clothesline"],"picked":"Anger","floor":11},{"not_picked":["Twin Strike","Fire Breathing","Whirlwind"],"picked":"SKIP","floor":14},{"not_picked":["Bludgeon","Immolate"],"picked":"Reaper","floor":16},{"not_picked":["Perfected Strike+1","Spot Weakness","Uppercut"],"picked":"SKIP","floor":18},{"not_picked":["Battle Trance","Perfected Strike"],"picked":"Sword Boomerang","floor":19}],"player_experience":1440857,"relics_obtained":[{"floor":6,"key":"Darkstone Periapt"},{"floor":8,"key":"Pantograph"},{"floor":9,"key":"HornCleat"},{"floor":14,"key":"Unceasing Top"},{"floor":17,"key":"PreservedInsect"},{"floor":17,"key":"Shuriken"},{"floor":17,"key":"Ginger"}],"event_choices":[{"damage_healed":0,"gold_gain":100,"player_choice":"Gold","damage_taken":0,"max_hp_gain":0,"max_hp_loss":0,"event_name":"Wheel of Change","floor":3,"gold_loss":0},{"damage_healed":0,"gold_gain":0,"player_choice":"Lose Max HP","damage_taken":0,"relics_obtained":["Golden Idol"],"max_hp_gain":0,"max_hp_loss":7,"event_name":"Golden Idol","floor":5,"gold_loss":0},{"damage_healed":0,"gold_gain":0,"player_choice":"Success","damage_taken":11,"relics_obtained":["Nunchaku"],"max_hp_gain":0,"max_hp_loss":0,"event_name":"Scrap Ooze","floor":10,"gold_loss":0}],"is_beta":false,"boss_relics":[{"not_picked":["Pandora\u0027s Box","Runic Pyramid"],"picked":"Calling Bell"}],"items_purged_floors":[12,20],"is_endless":false,"potions_floor_spawned":[1,8,11,16],"killed_by":"Cultist and Chosen","ascension_level":20}}