{"host":"dscols65uipasqd2","time":1612397413,"event":{"mods":["2.2 Compatiblity","AchievementEnabler","Aspiration","BaseMod","Colored Powertips","Downfall","Energized Spire","GifTheSpireLib","Hermit","Hubris","Infinite Spire","JesterMod","Jorbs\u0027s Wanderer Trilogy","Marisa????????","Minty Spire (QoL Compilation)","Rare Cards Sparkle","Replay The Spire","StSLib","Stuff the Spire","The Cursed","The Disciple","The Hierophant","The Judge","The Jungle","The Runesmith","TheFirefly"],"gold_per_floor":[99,4,24,44,44,55,55,55,90,107,123,133,144,144,158,262,262,262,276,276,276,17,28,54,79,98,98,116,116,116,3,18,116,116,16,26,26,301,318,318,343,343,357,357,385,185,200,213,226,226,226,260,116,116,116,116],"floor_reached":57,"language":"ENG","playtime":3889,"items_purged":[],"score":1533,"play_id":"6f6fb6db-2f32-43fd-9ddb-a23e3656939e","local_time":"20210203191013","is_ascension_mode":true,"campfire_choices":[{"floor":1,"key":"DIG"},{"floor":8,"key":"REST"},{"floor":18,"key":"DIG"},{"floor":35,"key":"RECALL"},{"data":"infinitespire:Punishment","floor":46,"key":"SMITH"},{"data":"hubris:Fate","floor":54,"key":"SMITH"}],"circlet_count":0,"master_deck":["Guardian:Strike_Guardian","Guardian:Strike_Guardian","Guardian:Strike_Guardian","Guardian:Strike_Guardian","Guardian:Defend_Guardian","Guardian:Defend_Guardian","Guardian:Defend_Guardian","Guardian:Defend_Guardian","Guardian:CurlUp","Guardian:TwinSlam","Apotheosis+1","Guardian:Orbwalk","Guardian:ArmoredProtocol","Guardian:Planning","Guardian:Suspension","Guardian:ArmoredProtocol","Guardian:Planning","Guardian:PiercingHide","Guardian:GemFinder","downfall:Icky","Delirium","Clumsy","Guardian:SphericShield","Guardian:SpikerProtocol","Guardian:PrimingBeam","expansioncontent:AwakenDeath","Guardian:PrimingBeam","Guardian:BronzeArmor+1","Guardian:BronzeOrb","infinitespire:Oblivion","hubris:Fate+1","Guardian:ChargeCore","Looming Evil","Guardian:Orbwalk","Guardian:TimeSifter","Guardian:FloatingOrbs+1","downfall:Aged","Regret","Guardian:TimeSifter","StuffTheSpire:CuriosityCurse","downfall:Icky","TheCursedMod:Dregs","infinitespire:Punishment+1","Guardian:ShieldCharger+1","Guardian:Clone","Guardian:PrismaticBeam+1","Guardian:Incinerate+1","Guardian:Planning+1","Guardian:ShieldSpikes+1","Guardian:Emergency+1","Guardian:Orbwalk+1"],"relics":["Guardian:ModeShifter","Bronze Scales","Mirror","PreservedInsect","Replay:Ancient Bell","Vajra","StuffTheSpire:ForceGauntlet","Counterbalance","Toy Ornithopter","aspiration:RitualStick","hubris:Icosahedron","BargainBundle","Du-Vu Doll","hubris:Potato","Black Star","Ring of Misfortune","ReplayTheSpireMod:Ring of Collecting","Runic Pyramid","downfall:HeartBlessingBlue","Guardian:StasisEgg","hubris:TenFootPole","Ring of Panic","aspiration:ChemicalBlood","Toolbox","Frozen Egg 2","MealTicket","downfall:HeartBlessingRed","downfall:HeartBlessingGreen","sneckomod:BlankCard","Anchor","Ice Cream","infinitespire:Lucky Rock"],"acts_visited":["Exordium","TheCity","TheBeyond","TheEnding"],"potions_floor_usage":[16,16,16,23,23,31,33,33,47,50,50,55,56],"damage_taken":[{"damage":2,"enemies":"downfall:FleeingMerchant","floor":2,"turns":4},{"damage":6,"enemies":"Jaw Worm","floor":3,"turns":4},{"damage":10,"enemies":"Small Slimes","floor":4,"turns":5},{"damage":0,"enemies":"2 Louse","floor":6,"turns":2},{"damage":13,"enemies":"Gremlin Nob","floor":9,"turns":4},{"damage":0,"enemies":"Large Slime","floor":10,"turns":5},{"damage":7,"enemies":"3 Louse","floor":11,"turns":3},{"damage":7,"enemies":"Lots of Slimes","floor":12,"turns":4},{"damage":7,"enemies":"Blue Slaver","floor":13,"turns":4},{"damage":3,"enemies":"2 Fungi Beasts","floor":15,"turns":3},{"damage":3,"enemies":"SI_SHIV_ARCHETYPE","floor":16,"turns":8},{"damage":7,"enemies":"Chosen","floor":19,"turns":7},{"damage":0,"enemies":"downfall:FleeingMerchant","floor":22,"turns":4},{"damage":0,"enemies":"Shell Parasite","floor":23,"turns":8},{"damage":15,"enemies":"Book of Stabbing","floor":25,"turns":5},{"damage":5,"enemies":"Shelled Parasite and Fungi","floor":26,"turns":4},{"damage":0,"enemies":"Centurion and Healer","floor":28,"turns":1},{"damage":1,"enemies":"downfall:FleeingMerchant","floor":31,"turns":4},{"damage":5,"enemies":"3 Cultists","floor":32,"turns":6},{"damage":0,"enemies":"IC_MUSHROOM_ARCHETYPE","floor":33,"turns":10},{"damage":8,"enemies":"3 Shapes","floor":36,"turns":4},{"damage":4,"enemies":"Orb Walker","floor":39,"turns":3},{"damage":0,"enemies":"Writhing Mass","floor":43,"turns":1},{"damage":8,"enemies":"Nightmare","floor":45,"turns":6},{"damage":5,"enemies":"Sphere and 2 Shapes","floor":47,"turns":5},{"damage":19,"enemies":"Spire Growth","floor":48,"turns":4},{"damage":0,"enemies":"Maw","floor":49,"turns":5},{"damage":0,"enemies":"WA_ARCHETYPE_DIVINITY","floor":50,"turns":4},{"damage":22,"enemies":"downfall:CharBossMerchant","floor":52,"turns":4},{"damage":0,"enemies":"downfall:FleeingMerchant","floor":53,"turns":3},{"damage":0,"enemies":"downfall:NeowBoss","floor":55,"turns":7},{"damage":11,"enemies":"downfall:NeowBossFinal","floor":56,"turns":9}],"seed_played":"-1649533681164656808","potions_obtained":[{"floor":3,"key":"Strength Potion"},{"floor":4,"key":"Languid Potion"},{"floor":10,"key":"GamblersBrew"},{"floor":12,"key":"Explosive Potion"},{"floor":13,"key":"Guardian:AcceleratePotion"},{"floor":16,"key":"Energy Potion"},{"floor":19,"key":"Guardian:DefensiveModePotion"},{"floor":26,"key":"Guardian:AcceleratePotion"},{"floor":33,"key":"SpeedPotion"},{"floor":45,"key":"EssenceOfSteel"},{"floor":47,"key":"Strength Potion"},{"floor":52,"key":"Energy Potion"}],"is_trial":false,"path_per_floor":["R","$","M","M","?","M","T","R","E","M","M","M","M","?","M","B",null,"R","M","?","?","$","M","T","E","M","AVR","M","?","?","$","M","B",null,"R","M","?","?","M","?","T","?","M","AVR","NM","R","M","M","M","B",null,"E","$","R","B","B",null],"character_chosen":"GUARDIAN","items_purchased":["Guardian:Gem_Blue","BargainBundle","Guardian:AcceleratePotion","Guardian:SphericShield","Guardian:SpikerProtocol","Guardian:Gem_Blue","Guardian:PrimingBeam","expansioncontent:AwakenDeath","SkillPotion","PowerPotion","Ice Cream","infinitespire:Lucky Rock","Guardian:Orbwalk+1"],"campfire_rested":1,"item_purchase_floors":[2,22,22,22,22,22,22,22,31,31,53,53,53],"current_hp_per_floor":[56,54,48,38,38,38,38,62,49,49,42,35,28,28,25,22,80,80,73,57,57,57,67,67,52,47,47,47,47,47,51,46,56,80,90,82,82,82,78,78,78,78,78,78,70,70,85,66,66,76,90,68,83,83,88,79],"gold":116,"neow_bonus":"RANDOM_COLORLESS_2","is_daily":false,"chose_seed":false,"campfire_upgraded":2,"win_rate":0.0,"timestamp":1612397413,"path_taken":["R","$","M","M","?","M","T","R","E","M","M","M","M","?","M","BOSS","R","M","?","?","$","M","T","E","M","AVR","M","?","?","?","M","BOSS","R","M","?","?","?","?","T","?","M","AVR","NM","R","M","M","M","BOSS","E","$","R","BOSS","BOSS"],"items_purchased_type":["Card","Relic","Potion","Card","Card","Card","Card","Card","Potion","Potion","Relic","Relic","Card"],"build_version":"2020-12-22","purchased_purges":0,"victory":true,"max_hp_per_floor":[80,80,80,80,80,80,80,80,80,80,80,80,80,80,80,80,80,80,80,80,80,80,80,80,80,80,80,80,80,80,80,80,80,80,90,90,90,90,90,90,90,90,90,90,90,90,90,90,90,90,90,90,90,90,90,90],"card_choices":[{"not_picked":["Magnetism","Midas Touch"],"picked":"Apotheosis","floor":0},{"not_picked":["Guardian:TemporalShield","Guardian:CrystalBeam"],"picked":"Guardian:Orbwalk","floor":2},{"not_picked":["Guardian:TemporalStrike","Guardian:WalkerClaw"],"picked":"Guardian:ArmoredProtocol","floor":3},{"not_picked":["Guardian:Recover","Guardian:Emergency"],"picked":"Guardian:Planning","floor":4},{"not_picked":["Guardian:Incinerate","Guardian:GatlingBeam"],"picked":"Guardian:Suspension","floor":6},{"not_picked":["Guardian:WalkerClaw","Guardian:MultiBeam"],"picked":"Guardian:ArmoredProtocol","floor":9},{"not_picked":["Guardian:RollAttack","Guardian:TemporalStrike"],"picked":"Guardian:Planning","floor":10},{"not_picked":["Guardian:PiercingHide","Guardian:Reroute"],"picked":"Guardian:Gem_Purple","floor":11},{"not_picked":["Guardian:TemporalShield","Guardian:SentryBeam"],"picked":"Guardian:Gem_Green","floor":12},{"not_picked":["Guardian:RollAttack","Guardian:Incinerate"],"picked":"Guardian:PiercingHide","floor":13},{"not_picked":["Guardian:HyperBeam_Guardian","Guardian:Clone"],"picked":"Guardian:Gem_Cyan","floor":15},{"not_picked":["Guardian:StasisField","Guardian:SphericShield"],"picked":"Guardian:GemFinder","floor":16},{"not_picked":["stsjorbsmod:PollutedStrike","Parasite"],"picked":"downfall:Icky","floor":17},{"not_picked":["Voices","hubris:Gluttony"],"picked":"Delirium","floor":17},{"not_picked":["Voices","Regret"],"picked":"Clumsy","floor":17},{"not_picked":["Guardian:Gem_Green","Guardian:Gem_Lightblue"],"picked":"Guardian:Gem_Cyan","floor":19},{"not_picked":["Guardian:VentSteam","Guardian:PrimingBeam"],"picked":"Guardian:Gem_Red","floor":19},{"not_picked":["Guardian:Gem_Lightblue","Guardian:Gem_Cyan"],"picked":"Guardian:Gem_Red","floor":22},{"not_picked":["Guardian:RefractedBeam","Guardian:Planning"],"picked":"Guardian:Gem_Lightblue","floor":22},{"not_picked":["Guardian:Gem_Lightblue","Guardian:Gem_Green"],"picked":"Guardian:Gem_Cyan","floor":23},{"not_picked":["Guardian:Gem_Cyan","Guardian:CrystalBeam+1"],"picked":"Guardian:PrimingBeam","floor":23},{"not_picked":["Guardian:Gem_Green","Guardian:Gem_Lightblue"],"picked":"Guardian:Gem_Red","floor":25},{"not_picked":["Guardian:WalkerClaw","Guardian:TimeBomb"],"picked":"Guardian:BronzeArmor+1","floor":25},{"not_picked":["Guardian:Gem_Green","Guardian:Gem_Lightblue"],"picked":"Guardian:Gem_Cyan","floor":26},{"not_picked":["Guardian:DonusPower","Guardian:CrystalBeam+1"],"picked":"Guardian:BronzeOrb","floor":26},{"not_picked":["Guardian:EvasiveProtocol","Guardian:ArmoredProtocol"],"picked":"Guardian:ChargeCore","floor":28},{"not_picked":["Guardian:FierceBash","Guardian:Planning"],"picked":"Guardian:Orbwalk","floor":31},{"not_picked":["Guardian:TemporalStrike","Guardian:Reroute"],"picked":"Guardian:Gem_Crimson","floor":32},{"not_picked":["Guardian:ExploitGems","Guardian:FierceBash"],"picked":"Guardian:TimeSifter","floor":33},{"not_picked":["Guardian:Gem_Fragmented","Guardian:RollAttack+1"],"picked":"Guardian:FloatingOrbs+1","floor":36},{"not_picked":["Guardian:TemporalShield","Guardian:Recover"],"picked":"Guardian:TimeSifter","floor":39},{"not_picked":["ReplayTheSpireMod:Chaos Vortex","hubris:Rewind"],"picked":"infinitespire:Punishment","floor":42},{"not_picked":["Guardian:Incinerate+1","Guardian:Gem_Lightblue"],"picked":"Guardian:ShieldCharger+1","floor":43},{"not_picked":["Guardian:Preprogram","Guardian:Gem_Fragmented"],"picked":"Guardian:Clone","floor":45},{"not_picked":["Guardian:Suspension+1","Guardian:TemporalShield"],"picked":"Guardian:PrismaticBeam+1","floor":47},{"not_picked":["Guardian:GuardianWhirl","Guardian:TemporalShield"],"picked":"Guardian:Incinerate+1","floor":48},{"not_picked":["Guardian:AncientConstruct+1","Guardian:Gem_Crimson"],"picked":"Guardian:Planning+1","floor":49},{"not_picked":["Guardian:Gem_Lightblue","Guardian:ShieldCharger"],"picked":"Guardian:ShieldSpikes+1","floor":52},{"not_picked":["Guardian:ShieldSpikes","Guardian:GemFire"],"picked":"Guardian:Emergency+1","floor":53}],"player_experience":573675,"relics_obtained":[{"floor":1,"key":"Bronze Scales"},{"floor":7,"key":"Mirror"},{"floor":9,"key":"PreservedInsect"},{"floor":18,"key":"Toy Ornithopter"},{"floor":25,"key":"Du-Vu Doll"},{"floor":30,"key":"Ring of Misfortune"},{"floor":30,"key":"ReplayTheSpireMod:Ring of Collecting"},{"floor":41,"key":"Ring of Panic"},{"floor":41,"key":"aspiration:ChemicalBlood"},{"floor":45,"key":"Frozen Egg 2"},{"floor":45,"key":"MealTicket"},{"floor":52,"key":"sneckomod:BlankCard"},{"floor":52,"key":"Anchor"}],"event_choices":[],"is_beta":false,"boss_relics":[{"not_picked":["ChewingGum","StuffTheSpire:ModemDavis"],"picked":"Replay:Ancient Bell"},{"not_picked":["Oddly Smooth Stone","Bag of Marbles"],"picked":"Vajra"},{"not_picked":["Onion Ring","hubris:DuctTape"],"picked":"StuffTheSpire:ForceGauntlet"},{"not_picked":["Runesmith:Locket","hubris:Spice"],"picked":"Counterbalance"},{"not_picked":["energizedSpire:OgreHead","StuffTheSpire:RunicConfusion"],"picked":"Runic Pyramid"}],"items_purged_floors":[],"is_endless":false,"potions_floor_spawned":[3,4,10,12,13,15,16,19,26,32,33,45,47,52],"ascension_level":1}}