{"host":"3y2rtlgteqp2nuo3","time":1612453805,"event":{"mods":["2.2 Compatiblity","AchievementEnabler","BaseMod","Colored Map","DeckTracker","Highlight Path","Keyboard Shortcuts","Minty Spire (QoL Compilation)","Permanent Neow","Quick Restart","StSLib","SuperFastMode","everything is the same but u backflip on backflip"],"gold_per_floor":[112,127,137,137,156,156,166,166,192,221,10,10,27,41,41,118,118,134,134,49,49,65,96,96,129,129,129,156,171,171,171],"floor_reached":30,"language":"KOR","playtime":639,"items_purged":["Strike_B"],"score":567,"play_id":"2504e72b-9121-4137-8d81-87a47f2f893d","local_time":"20210205005005","is_ascension_mode":true,"campfire_choices":[{"data":"Darkness","floor":6.0,"key":"SMITH"},{"data":"Redo","floor":8.0,"key":"SMITH"},{"data":"Dualcast","floor":12.0,"key":"SMITH"},{"data":"Streamline","floor":15.0,"key":"SMITH"},{"floor":24,"key":"REST"},{"data":"Lockon","floor":27,"key":"SMITH"}],"circlet_count":0,"master_deck":["AscendersBane","Strike_B","Strike_B","Strike_B","Defend_B+1","Defend_B","Defend_B+1","Defend_B","Zap+1","Dualcast+1","Darkness+1","Rip and Tear","Self Repair","Redo+1","Leap","Sweeping Beam","Chill","Bandage Up","Steam Power","Streamline+1","Electrodynamics","Lockon+1","Turbo+1","Cold Snap","Steam+1","Conserve Battery","Compile Driver"],"relics":["Cracked Core","War Paint","Toy Ornithopter","Runic Pyramid","DataDisk","Lantern","Tiny Chest","Juzu Bracelet","Smiling Mask"],"acts_visited":["Exordium","TheCity"],"potions_floor_usage":[],"damage_taken":[{"damage":5.0,"enemies":"2 Louse","floor":1.0,"turns":3.0},{"damage":4.0,"enemies":"Jaw Worm","floor":2.0,"turns":3.0},{"damage":0.0,"enemies":"Small Slimes","floor":3.0,"turns":2.0},{"damage":12.0,"enemies":"Exordium Wildlife","floor":5.0,"turns":3.0},{"damage":7.0,"enemies":"Looter","floor":7.0,"turns":3.0},{"damage":26.0,"enemies":"Lagavulin","floor":10.0,"turns":6.0},{"damage":18.0,"enemies":"Large Slime","floor":13.0,"turns":5.0},{"damage":0.0,"enemies":"Blue Slaver","floor":14.0,"turns":3.0},{"damage":12.0,"enemies":"Hexaghost","floor":16.0,"turns":9.0},{"damage":12.0,"enemies":"Spheric Guardian","floor":18.0,"turns":4.0},{"damage":0,"enemies":"3 Byrds","floor":22,"turns":3},{"damage":40,"enemies":"Book of Stabbing","floor":23,"turns":5},{"damage":0,"enemies":"Gremlin Leader","floor":25,"turns":7},{"damage":43,"enemies":"Slavers","floor":28,"turns":3},{"damage":18,"enemies":"Snake Plant","floor":29,"turns":3},{"damage":22,"enemies":"3 Cultists","floor":30,"turns":4}],"seed_played":"4103599563826085506","potions_obtained":[{"floor":2.0,"key":"FocusPotion"},{"floor":3.0,"key":"Dexterity Potion"},{"floor":5.0,"key":"Explosive Potion"},{"floor":14.0,"key":"ColorlessPotion"}],"is_trial":false,"path_per_floor":["M","M","M","?","M","R","M","R","T","E","$","R","M","M","R","B",null,"M","?","?","$","M","E","R","E","T","R","E","M","M"],"character_chosen":"DEFECT","items_purchased":["Chill","Bandage Up"],"campfire_rested":1,"item_purchase_floors":[11,11],"current_hp_per_floor":[59,55,55,55,50,50,43,43,43,24,24,24,17,33,33,32,61,53,53,53,53,57,28,49,60,60,60,28,14,0,0],"gold":171,"neow_bonus":"UPGRADE_CARD","is_daily":false,"chose_seed":false,"campfire_upgraded":5,"win_rate":0.0,"timestamp":1612453805,"path_taken":["M","M","M","?","M","R","M","R","T","E","$","R","M","M","R","BOSS","M","?","?","$","M","E","R","E","T","R","E","M","M"],"items_purchased_type":["Card","Card"],"build_version":"2020-12-22","purchased_purges":1,"victory":false,"max_hp_per_floor":[71,71,71,71,71,71,71,71,71,71,71,71,71,71,71,71,71,71,71,71,71,71,71,71,71,71,71,71,71,71,71],"card_choices":[{"not_picked":["Sweeping Beam","Steam"],"picked":"Darkness","floor":1.0},{"not_picked":["Storm","Stack"],"picked":"Rip and Tear","floor":2.0},{"not_picked":["Stack","Chaos"],"picked":"Self Repair","floor":3.0},{"not_picked":["Scrape","Stack"],"picked":"Redo","floor":5.0},{"not_picked":["Gash","Redo"],"picked":"Leap","floor":7.0},{"not_picked":["Leap","Compile Driver"],"picked":"Sweeping Beam","floor":10.0},{"not_picked":["Consume","All For One"],"picked":"Steam Power","floor":13.0},{"not_picked":["Hologram","Leap"],"picked":"Streamline","floor":14.0},{"not_picked":["Reboot","Buffer"],"picked":"Electrodynamics","floor":16.0},{"not_picked":["Undo","Stack"],"picked":"Lockon","floor":18},{"not_picked":["Go for the Eyes+1","Doom and Gloom"],"picked":"Turbo+1","floor":22},{"not_picked":["Go for the Eyes","Rebound"],"picked":"Cold Snap","floor":23},{"not_picked":["White Noise","Lockon"],"picked":"Steam+1","floor":25},{"not_picked":["Barrage","Compile Driver"],"picked":"Conserve Battery","floor":28},{"not_picked":["Reprogram","Loop"],"picked":"Compile Driver","floor":29}],"player_experience":754150,"relics_obtained":[{"floor":9.0,"key":"War Paint"},{"floor":10.0,"key":"Toy Ornithopter"},{"floor":23,"key":"Lantern"},{"floor":25,"key":"Tiny Chest"},{"floor":26,"key":"Juzu Bracelet"},{"floor":28,"key":"Smiling Mask"}],"event_choices":[{"damage_healed":0.0,"max_hp_gain":0.0,"max_hp_loss":0.0,"gold_gain":0.0,"event_name":"Scrap Ooze","player_choice":"Fled","floor":4.0,"gold_loss":0.0,"damage_taken":0.0},{"damage_healed":0,"gold_gain":0,"player_choice":"Ignored","damage_taken":0,"max_hp_gain":0,"max_hp_loss":0,"event_name":"Vampires","floor":19,"gold_loss":0},{"damage_healed":0,"gold_gain":0,"player_choice":"Obtained Relic","damage_taken":0,"relics_obtained":["DataDisk"],"max_hp_gain":0,"max_hp_loss":0,"event_name":"Addict","floor":20,"gold_loss":85}],"is_beta":false,"boss_relics":[{"not_picked":["Ectoplasm","Coffee Dripper"],"picked":"Runic Pyramid"}],"items_purged_floors":[11],"is_endless":false,"potions_floor_spawned":[2,3,5,13,14,22,23,25],"killed_by":"3 Cultists","ascension_level":16}}