{"host":"22tt21bn45sbv98g","time":1612451323,"event":{"mods":["Act Like it!","BaseMod","Downfall","Gensokyo","Minty Spire (QoL Compilation)","Remilia£®¿Ÿ√◊¿Ú—«£©","StSLib","The Blackbeard","The Servant 0.9.4","Youmu£®ªÍ∆«—˝√Œ£©"],"gold_per_floor":[20,32,44,60,78,78,108,108,134,149,177,21,48,65,65,170,170,186,186,43,43,57,84,96,108,196,221,12,53,65,88,100,212,224,254,266,278,290,312,350,362,392,404,430,13,25,57,69,81,93,105,117,7,35,335],"floor_reached":56,"language":"ZHS","playtime":3753,"items_purged":[],"score":1669,"play_id":"d498a97b-a723-45ec-9118-1694782869ce","local_time":"20210204230843","is_ascension_mode":true,"campfire_choices":[{"data":"ScarletDream","floor":6,"key":"SMITH"},{"data":"SuperhumanBloodyKnife","floor":8,"key":"SMITH"},{"data":"BloodyMagicSquare","floor":15,"key":"SMITH"},{"data":"ScarletNetherworld","floor":25,"key":"SMITH"},{"data":"FitfulNightmare","floor":30,"key":"SMITH"},{"data":"ForecastOfChange","floor":32,"key":"SMITH"},{"floor":41,"key":"RECALL"},{"data":"ChaoticDestiny","floor":46,"key":"SMITH"},{"data":"ScarletMeister","floor":49,"key":"SMITH"},{"data":"MiserableFate","floor":52,"key":"SMITH"}],"circlet_count":0,"master_deck":["Strike_RM","Strike_RM","Strike_RM","Strike_RM","Defend_RM+1","Defend_RM","Defend_RM+1","Defend_RM","RedMoon","ScarletShoot","StarOfDavid","RedRainbow","VampireKiss","BloodHunter","ScarletDream+1","SuperhumanBloodyKnife+1","MillenniumVampire","MiserableFate+1","BloodyMagicSquare+1","Stigmanizer+1","ForecastOfChange+1","CurseOfTheBell","UnderTheZenith","ScarletSymphony+1","ScarletNetherworld+1","StarOfDavid+1","FitfulNightmare+1","DiffusionOfMisfortune+1","ChaoticDestiny+1","NightLord+1","TransientEternity","DiffusionOfMisfortune+1","VampireKiss+1","EndlessAdversity+1","ScarletSymphony+1","Gensokyo:Shovel","ScarletMeister+1","Stigmanizer+1","DiffusionOfMisfortune+1","UnderTheZenith","CharismaGuard+1"],"relics":["ScarletHat","Torii","Pear","Juzu Bracelet","Oddly Smooth Stone","Strawberry","Calling Bell","Bag of Marbles","Molten Egg 2","Turnip","Akabeko","Gensokyo:ConquerorOfFear","MawBank","Shuriken","Guardian:BottledAnomaly","Mummified Hand","APieceOfRedMist","TypeBBloodRedTea","Singing Bowl","OrangePellets","ClockworkSouvenir","Guardian:GemstoneGun","Gremlin Horn"],"acts_visited":["Exordium","Gensokyo:Gensokyo","Gensokyo:Gensokyoer","TheEnding"],"potions_floor_usage":[7,16,22,23,40,47,50,55],"damage_taken":[{"damage":0,"enemies":"Gensokyo:2_Kodama","floor":1,"turns":4},{"damage":0,"enemies":"Gensokyo:3_Fairies","floor":2,"turns":6},{"damage":0,"enemies":"Gensokyo:Gryphon","floor":3,"turns":3},{"damage":9,"enemies":"Gensokyo:Kitsune","floor":4,"turns":2},{"damage":11,"enemies":"Gensokyo:Gryphon_and_Rabbit","floor":5,"turns":7},{"damage":8,"enemies":"Gensokyo:Aya","floor":7,"turns":3},{"damage":0,"enemies":"Gensokyo:LivingMonolith","floor":10,"turns":2},{"damage":21,"enemies":"Gensokyo:Cirno","floor":11,"turns":8},{"damage":0,"enemies":"Gensokyo:Mamizou","floor":13,"turns":7},{"damage":31,"enemies":"Gensokyo:VengefulSpirit","floor":14,"turns":3},{"damage":17,"enemies":"Gensokyo:Reimu","floor":16,"turns":6},{"damage":46,"enemies":"Gensokyo:Chomper","floor":18,"turns":4},{"damage":24,"enemies":"Gensokyo:3_Dogs","floor":22,"turns":4},{"damage":15,"enemies":"Gensokyo:Koishi","floor":23,"turns":3},{"damage":21,"enemies":"Gensokyo:Chomper_and_Gloop","floor":27,"turns":3},{"damage":12,"enemies":"Gensokyo:Tenshi","floor":29,"turns":3},{"damage":6,"enemies":"Gensokyo:Swordslinger","floor":31,"turns":2},{"damage":6,"enemies":"Gensokyo:Eternal_Rivals","floor":33,"turns":8},{"damage":55,"enemies":"Gensokyo:AncientGuardian","floor":35,"turns":3},{"damage":5,"enemies":"Gensokyo:3_Boulders","floor":39,"turns":3},{"damage":9,"enemies":"Gensokyo:Marisa","floor":40,"turns":4},{"damage":15,"enemies":"Gensokyo:AtlasGolem","floor":42,"turns":3},{"damage":10,"enemies":"Gensokyo:SeedOfUnknown","floor":44,"turns":3},{"damage":12,"enemies":"Gensokyo:Rafflesia","floor":47,"turns":4},{"damage":24,"enemies":"Gensokyo:Yuyuko","floor":50,"turns":4},{"damage":48,"enemies":"Shield and Spear","floor":54,"turns":2},{"damage":82,"enemies":"The Heart","floor":55,"turns":8}],"seed_played":"6274487233941766269","potions_obtained":[{"floor":2,"key":"FearPotion"},{"floor":5,"key":"AttackPotion"},{"floor":10,"key":"DuplicationPotion"},{"floor":13,"key":"LiquidBronze"},{"floor":14,"key":"AttackPotion"},{"floor":27,"key":"Weak Potion"},{"floor":33,"key":"Regen Potion"},{"floor":39,"key":"Guardian:BlockOnCardUsePotion"},{"floor":42,"key":"Strength Potion"},{"floor":44,"key":"Fire Potion"}],"is_trial":false,"path_per_floor":["M","M","M","M","M","R","E","R","T","M","E","$","E","M","R","B",null,"M","?","$","?","M","E","?","R","T","M","COS","E","R","M","R","B",null,"M","?","?","?","M","E","R","M","T","M","COS","R","M","E","R","B",null,"R","$","E","B",null],"character_chosen":"REMILIA","items_purchased":["Oddly Smooth Stone","Akabeko","Stigmanizer+1","DiffusionOfMisfortune+1","UnderTheZenith"],"campfire_rested":0,"item_purchase_floors":[12,20,53,53,53],"current_hp_per_floor":[75,75,75,66,58,58,62,62,62,66,50,50,61,33,33,30,92,48,48,48,48,30,25,41,41,41,23,23,11,11,12,12,37,95,45,45,45,7,14,27,27,17,17,21,21,21,27,18,18,18,95,95,95,47,46],"gold":335,"neow_bonus":"ONE_RARE_RELIC","is_daily":false,"chose_seed":false,"campfire_upgraded":9,"win_rate":0.0,"timestamp":1612451323,"path_taken":["M","M","M","M","M","R","E","R","T","M","E","$","E","M","R","BOSS","M","?","$","?","M","E","?","R","T","M","COS","E","R","M","R","BOSS","M","?","?","?","M","E","R","M","T","M","COS","R","M","E","R","BOSS","R","$","E","BOSS"],"items_purchased_type":["Relic","Relic","Card","Card","Card"],"build_version":"2020-12-22","purchased_purges":0,"victory":true,"max_hp_per_floor":[75,75,75,75,75,75,85,85,85,85,85,85,92,92,92,92,92,92,92,92,92,92,92,92,92,92,92,92,92,92,95,95,95,95,95,95,95,95,95,95,95,95,95,95,95,95,95,95,95,95,95,95,95,95,95],"card_choices":[{"not_picked":["CharismaGuard","RedRainbow"],"picked":"StarOfDavid","floor":1},{"not_picked":["VampireKiss","ScarletImprint"],"picked":"RedRainbow","floor":2},{"not_picked":["BloodHunter","MastersStateliness"],"picked":"VampireKiss","floor":3},{"not_picked":["StarOfDavid","RedMagic"],"picked":"BloodHunter","floor":4},{"not_picked":["KillingBlow","DevilSight"],"picked":"ScarletDream","floor":5},{"not_picked":["DiffusionOfMisfortune","CeilingFear"],"picked":"SuperhumanBloodyKnife","floor":7},{"not_picked":["RedNightlessCastle","UnstableMagic"],"picked":"MillenniumVampire","floor":10},{"not_picked":["AfternoonTea","MastersStateliness"],"picked":"MiserableFate","floor":11},{"not_picked":["EmergencyRegeneration","ScarletImprint"],"picked":"BloodyMagicSquare","floor":13},{"not_picked":["DevilSight","NightDance"],"picked":"Stigmanizer","floor":14},{"not_picked":["CurseOfVladTepes","BloodyCatastrophe"],"picked":"ForecastOfChange","floor":16},{"not_picked":["FitfulNightmare","MillenniumVampire"],"picked":"UnderTheZenith","floor":18},{"not_picked":["CharismaGuard","StarOfDavid+1"],"picked":"ScarletSymphony+1","floor":22},{"not_picked":["Maim","ScarletGensokyo"],"picked":"ScarletNetherworld","floor":23},{"not_picked":["BlasphemousPunishment","MillenniumVampire"],"picked":"StarOfDavid+1","floor":27},{"not_picked":["BloodHunter","FavorOfDestiny"],"picked":"FitfulNightmare","floor":29},{"not_picked":["RedRainbow+1","RedNightlessCastle+1"],"picked":"DiffusionOfMisfortune+1","floor":31},{"not_picked":["BloodyCatastrophe","CurseOfVladTepes"],"picked":"ChaoticDestiny","floor":33},{"not_picked":["DiffusionOfMisfortune+1","NightDance+1"],"picked":"NightLord+1","floor":35},{"not_picked":["ScarletDevil+1","NightLord+1"],"picked":"DiffusionOfMisfortune+1","floor":39},{"not_picked":["MastersStateliness","NightDance+1"],"picked":"VampireKiss+1","floor":40},{"not_picked":["FavorOfDestiny","DiffusionOfMisfortune+1"],"picked":"EndlessAdversity+1","floor":42},{"not_picked":["ScarletDevil+1","FitfulNightmare+1"],"picked":"ScarletSymphony+1","floor":44},{"not_picked":["NightLord+1","ScarletImprint+1"],"picked":"ScarletMeister","floor":47},{"not_picked":["FavorOfDestiny+1","FitfulNightmare+1"],"picked":"CharismaGuard+1","floor":54}],"player_experience":314919,"relics_obtained":[{"floor":7,"key":"Pear"},{"floor":9,"key":"Juzu Bracelet"},{"floor":11,"key":"ScarletDevilRocket"},{"floor":13,"key":"Strawberry"},{"floor":17,"key":"Bag of Marbles"},{"floor":17,"key":"Molten Egg 2"},{"floor":17,"key":"Turnip"},{"floor":22,"key":"Gensokyo:ConquerorOfFear"},{"floor":23,"key":"MawBank"},{"floor":26,"key":"Shuriken"},{"floor":29,"key":"Mummified Hand"},{"floor":40,"key":"Singing Bowl"},{"floor":54,"key":"Gremlin Horn"}],"event_choices":[],"is_beta":false,"boss_relics":[{"not_picked":["Pandora\u0027s Box","Coffee Dripper"],"picked":"Calling Bell"},{"not_picked":["SlaversCollar","Empty Cage"],"picked":"APieceOfRedMist"}],"items_purged_floors":[],"is_endless":false,"potions_floor_spawned":[2,5,10,13,14,27,33,39,42,44],"ascension_level":4}}