{"host":"51f0ad793vly1w6u","time":1612399570,"event":{"mods":["BaseMod","Colored Map","DeckTracker","Minty Spire (QoL Compilation)","Replay The Spire","StSLib","SuperFastMode"],"gold_per_floor":[20,39,59,78,130,130,130,130,157,182,182,208,221,238,238,238,238],"floor_reached":16,"language":"KOR","playtime":365,"items_purged":[],"score":123,"play_id":"d71052fe-c3b6-49ac-8627-1bc834ee9c2b","local_time":"20210204094610","is_ascension_mode":true,"campfire_choices":[{"data":"ReplayTheSpireMod:Fabricate Wheel","floor":6,"key":"SMITH"},{"data":"Aggregate","floor":8,"key":"SMITH"},{"data":"Turbo","floor":11,"key":"SMITH"},{"data":"Panic Button","floor":15,"key":"SMITH"}],"circlet_count":0,"master_deck":["Strike_B","Strike_B","Strike_B","Strike_B","Defend_B","Defend_B","Defend_B","Defend_B","Zap","Dualcast","Sunder+1","Beam Cell","Aggregate+1","Coolheaded","Electrodynamics","Turbo+1","Panic Button+1","Leap","Conserve Battery"],"relics":["Cracked Core","Bottled Lightning","Boot","Prayer Wheel","Replay:Antivirus Software","Anchor"],"acts_visited":["Exordium"],"potions_floor_usage":[10,12,16,16],"damage_taken":[{"damage":3,"enemies":"Small Slimes","floor":1,"turns":3},{"damage":9,"enemies":"Jaw Worm","floor":2,"turns":3},{"damage":3,"enemies":"2 Louse","floor":3,"turns":2},{"damage":0,"enemies":"2 Fungi Beasts","floor":4,"turns":2},{"damage":11,"enemies":"3 Sentries","floor":10,"turns":6},{"damage":14,"enemies":"Gremlin Nob","floor":12,"turns":3},{"damage":0,"enemies":"Gremlin Gang","floor":13,"turns":1},{"damage":0,"enemies":"Blue Slaver","floor":14,"turns":3},{"damage":36,"enemies":"Fading Forest","floor":16,"turns":7}],"seed_played":"5839565562074460885","potions_obtained":[{"floor":1,"key":"Explosive Potion"},{"floor":3,"key":"LiquidBronze"},{"floor":4,"key":"Block Potion"},{"floor":10,"key":"Regen Potion"},{"floor":13,"key":"PotionOfCapacity"}],"is_trial":false,"path_per_floor":["M","M","M","M","?","R","?","R","T","E","R","E","M","M","R","B"],"character_chosen":"DEFECT","items_purchased":[],"campfire_rested":0,"item_purchase_floors":[],"current_hp_per_floor":[72,63,60,60,42,42,42,42,42,31,31,26,26,26,26,0,0],"gold":238,"neow_bonus":"THREE_RARE_CARDS","is_daily":false,"chose_seed":false,"campfire_upgraded":4,"win_rate":0.0,"timestamp":1612399570,"path_taken":["M","M","M","M","?","R","?","R","T","E","R","E","M","M","R","BOSS"],"items_purchased_type":[],"build_version":"2020-12-22","purchased_purges":0,"victory":false,"max_hp_per_floor":[75,75,75,75,75,75,75,75,75,75,75,75,75,75,75,75,75],"card_choices":[{"not_picked":["Seek","Echo Form"],"picked":"ReplayTheSpireMod:Fabricate Wheel","floor":0},{"not_picked":["Blizzard","Ball Lightning"],"picked":"Sunder","floor":1},{"not_picked":["Time Bomb","Steam","Turbo"],"picked":"SKIP","floor":2},{"not_picked":["Compile Driver","Barrage"],"picked":"Beam Cell","floor":3},{"not_picked":["FTL","ReplayTheSpireMod:Repulse"],"picked":"Aggregate","floor":4},{"not_picked":["Hologram","Compile Driver"],"picked":"Coolheaded","floor":5},{"not_picked":["Crystallizer","Hyperbeam"],"picked":"Turbo","floor":10},{"not_picked":["Tempest","Streamline","Barrage"],"picked":"SKIP","floor":12},{"not_picked":["Redo","Beam Cell"],"picked":"Panic Button","floor":13},{"not_picked":["Static Discharge","Sweeping Beam","Leap"],"picked":"SKIP","floor":13},{"not_picked":["Static Discharge","Sweeping Beam"],"picked":"Leap","floor":13},{"not_picked":["Gash","Streamline"],"picked":"Conserve Battery","floor":14},{"not_picked":["Coolheaded","Turbo","ReplayTheSpireMod:System Scan"],"picked":"SKIP","floor":14}],"player_experience":1437939,"relics_obtained":[{"floor":5,"key":"Bottled Lightning"},{"floor":9,"key":"Boot"},{"floor":10,"key":"Replay:Antivirus Software"},{"floor":12,"key":"Anchor"}],"event_choices":[],"is_beta":false,"boss_relics":[],"items_purged_floors":[],"is_endless":false,"potions_floor_spawned":[1,3,4,10,13],"killed_by":"Fading Forest","ascension_level":2}}