{"host":"8f5cu9y0fpol72qs","time":1612426078,"event":{"mods":["AlwaysNeverKeys","BaseMod","Colored Map","Colored Powertips","Curses Come First","Highlight Path","Key Reminder","Minty Spire (QoL Compilation)","StSLib"],"gold_per_floor":[17,17,35,49,49,88,88,122,122,122,160,174,189,223,223,314,314,330,330,353,403,417,417,458,458,458,458,472,472,510,531,531,531,531],"floor_reached":33,"language":"ENG","playtime":2221,"items_purged":[],"score":549,"play_id":"2c744f74-549e-4bb9-8788-e0b1f9add728","local_time":"20210204000758","is_ascension_mode":true,"campfire_choices":[{"floor":7.0,"key":"REST"},{"data":"Inflame","floor":10.0,"key":"SMITH"},{"data":"Uppercut","floor":15.0,"key":"SMITH"},{"data":"Demon Form","floor":23.0,"key":"SMITH"},{"data":"Sword Boomerang","floor":25.0,"key":"SMITH"},{"data":"Flame Barrier","floor":32,"key":"SMITH"}],"circlet_count":0,"master_deck":["AscendersBane","Strike_R","Strike_R","Defend_R+1","Defend_R","Bash","Shrug It Off+1","Flame Barrier+1","Inflame+1","Pummel","Sword Boomerang+1","Uppercut+1","Disarm","Shrug It Off","Demon Form+1","Dropkick","Heavy Blade","Headbutt+1"],"relics":["Burning Blood","Golden Idol","Blood Vial","Odd Mushroom","Meat on the Bone","Lantern","Tiny Chest","Empty Cage","Enchiridion","Mercury Hourglass","InkBottle","Molten Egg 2","Oddly Smooth Stone"],"acts_visited":["Exordium","TheCity"],"potions_floor_usage":[30,33],"damage_taken":[{"damage":2.0,"enemies":"2 Louse","floor":1.0,"turns":3.0},{"damage":5.0,"enemies":"Small Slimes","floor":3.0,"turns":4.0},{"damage":3.0,"enemies":"Cultist","floor":4.0,"turns":4.0},{"damage":42.0,"enemies":"Lagavulin","floor":6.0,"turns":9.0},{"damage":12.0,"enemies":"The Mushroom Lair","floor":8.0,"turns":4.0},{"damage":18.0,"enemies":"3 Sentries","floor":11.0,"turns":9.0},{"damage":7.0,"enemies":"2 Fungi Beasts","floor":12.0,"turns":3.0},{"damage":0.0,"enemies":"Blue Slaver","floor":13.0,"turns":2.0},{"damage":12.0,"enemies":"Gremlin Nob","floor":14.0,"turns":4.0},{"damage":9.0,"enemies":"Slime Boss","floor":16.0,"turns":9.0},{"damage":1.0,"enemies":"3 Byrds","floor":18.0,"turns":5.0},{"damage":16.0,"enemies":"Shell Parasite","floor":20.0,"turns":3.0},{"damage":25.0,"enemies":"Snake Plant","floor":22.0,"turns":5.0},{"damage":33.0,"enemies":"Gremlin Leader","floor":24.0,"turns":6.0},{"damage":22.0,"enemies":"3 Cultists","floor":28.0,"turns":4.0},{"damage":29,"enemies":"Slavers","floor":30,"turns":4},{"damage":3,"enemies":"Sentry and Sphere","floor":31,"turns":4},{"damage":51,"enemies":"Automaton","floor":33,"turns":6}],"seed_played":"2683790082034965011","potions_obtained":[{"floor":4.0,"key":"ElixirPotion"},{"floor":8.0,"key":"Strength Potion"},{"floor":12.0,"key":"SneckoOil"},{"floor":20.0,"key":"EssenceOfSteel"},{"floor":24.0,"key":"SpeedPotion"},{"floor":28.0,"key":"ColorlessPotion"}],"is_trial":false,"path_per_floor":["M","?","M","M","?","E","R","?","T","R","E","M","M","E","R","B",null,"M","?","M","?","M","R","E","R","T","T","M","?","E","M","R","B"],"character_chosen":"IRONCLAD","items_purchased":[],"campfire_rested":1,"item_purchase_floors":[],"current_hp_per_floor":[72,68,68,68,48,12,32,28,28,28,30,43,51,47,47,46,63,68,47,51,51,46,46,33,33,33,33,31,31,22,39,39,0,0],"gold":531,"neow_bonus":"REMOVE_TWO","is_daily":false,"chose_seed":false,"campfire_upgraded":5,"win_rate":0.0,"timestamp":1612426078,"path_taken":["M","?","M","M","?","E","R","?","T","R","E","M","M","E","R","BOSS","M","?","M","?","?","R","E","R","T","?","M","?","E","M","R","BOSS"],"items_purchased_type":[],"build_version":"2020-12-22","purchased_purges":0,"victory":false,"max_hp_per_floor":[75,68,68,68,68,68,68,68,68,68,68,68,68,68,68,68,68,68,68,68,68,68,68,68,68,68,68,68,68,68,68,68,68,68],"card_choices":[{"not_picked":["Anger","Seeing Red"],"picked":"Shrug It Off","floor":1.0},{"not_picked":["Second Wind","Clothesline"],"picked":"Flame Barrier","floor":3.0},{"not_picked":["Armaments","Warcry"],"picked":"Inflame","floor":4.0},{"not_picked":["Flame Barrier","Combust"],"picked":"Pummel","floor":6.0},{"not_picked":["Perfected Strike","Sever Soul"],"picked":"Sword Boomerang","floor":8.0},{"not_picked":["Wild Strike","Flame Barrier"],"picked":"Uppercut","floor":11.0},{"not_picked":["Clash","Armaments","Fire Breathing"],"picked":"SKIP","floor":12.0},{"not_picked":["Iron Wave","Rampage"],"picked":"Disarm","floor":13.0},{"not_picked":["Juggernaut","Infernal Blade"],"picked":"Shrug It Off","floor":14.0},{"not_picked":["Fiend Fire","Berserk"],"picked":"Demon Form","floor":16.0},{"not_picked":["Warcry+1","Flex"],"picked":"Dropkick","floor":18.0},{"not_picked":["Rampage","Intimidate"],"picked":"Heavy Blade","floor":20.0},{"not_picked":["Sever Soul","Reckless Charge","Body Slam"],"picked":"SKIP","floor":22.0},{"not_picked":["Perfected Strike","Evolve","Metallicize"],"picked":"SKIP","floor":24.0},{"not_picked":["Thunderclap+1","Flame Barrier"],"picked":"Headbutt+1","floor":28.0},{"not_picked":["Intimidate","Heavy Blade+1","Searing Blow+1"],"picked":"SKIP","floor":30},{"not_picked":["Searing Blow+1","Clothesline+1","Fire Breathing"],"picked":"SKIP","floor":31}],"player_experience":1007118,"relics_obtained":[{"floor":6.0,"key":"Blood Vial"},{"floor":8.0,"key":"Odd Mushroom"},{"floor":9.0,"key":"Meat on the Bone"},{"floor":11.0,"key":"Lantern"},{"floor":14.0,"key":"Tiny Chest"},{"floor":19.0,"key":"Enchiridion"},{"floor":24.0,"key":"Mercury Hourglass"},{"floor":26.0,"key":"InkBottle"},{"floor":27.0,"key":"Molten Egg 2"},{"floor":30,"key":"Oddly Smooth Stone"}],"event_choices":[{"damage_healed":0.0,"max_hp_gain":0.0,"max_hp_loss":7.0,"gold_gain":0.0,"event_name":"Golden Idol","player_choice":"Lose Max HP","floor":2.0,"gold_loss":0.0,"damage_taken":0.0,"relics_obtained":["Golden Idol"]},{"damage_healed":0.0,"max_hp_gain":0.0,"max_hp_loss":0.0,"gold_gain":0.0,"event_name":"Shining Light","player_choice":"Entered Light","floor":5.0,"gold_loss":0.0,"damage_taken":20.0,"cards_upgraded":["Shrug It Off","Defend_R"]},{"damage_healed":0.0,"max_hp_gain":0.0,"max_hp_loss":0.0,"gold_gain":0.0,"event_name":"Mushrooms","player_choice":"Fought Mushrooms","floor":8.0,"gold_loss":0.0,"damage_taken":0.0},{"damage_healed":0.0,"max_hp_gain":0.0,"max_hp_loss":0.0,"gold_gain":0.0,"event_name":"Cursed Tome","player_choice":"Obtained Book","floor":19.0,"gold_loss":0.0,"damage_taken":21.0},{"damage_healed":0.0,"max_hp_gain":0.0,"max_hp_loss":0.0,"gold_gain":50.0,"event_name":"Golden Shrine","player_choice":"Pray","floor":21.0,"gold_loss":0.0,"damage_taken":0.0},{"cards_removed":["Strike_R"],"damage_healed":0.0,"max_hp_gain":0.0,"max_hp_loss":0.0,"gold_gain":0.0,"event_name":"Purifier","player_choice":"Purged","floor":29.0,"gold_loss":0.0,"damage_taken":0.0}],"is_beta":false,"boss_relics":[{"not_picked":["SacredBark","Runic Dome"],"picked":"Empty Cage"}],"items_purged_floors":[],"is_endless":false,"potions_floor_spawned":[4,8,12,14,20,24,28],"killed_by":"Automaton","ascension_level":16}}