{"host":"gxmfv137oevakp1l","time":1612417922,"event":{"mods":["Arknights","Ascension Reborn","Aspiration","BaseMod","Colored Powertips","Minty Spire (QoL Compilation)","Quick Restart","Replay The Spire","RumiaBox-露米娅的神秘盒子","Spicy Shops","StSLib","SuperFastMode"],"gold_per_floor":[118,118,138,199,57,57,82,82,82,93,93,43,53,67,67,67,67],"floor_reached":16,"language":"ZHS","playtime":920,"items_purged":[],"score":125,"play_id":"879446eb-428b-400a-aba7-32f9394069cd","local_time":"20210204135202","is_ascension_mode":true,"campfire_choices":[{"data":"ats:Leaping Hammer","floor":6,"key":"SMITH"},{"floor":8,"key":"REST"},{"floor":15,"key":"DIG"}],"circlet_count":0,"master_deck":["ats:Strike C","ats:Strike G","ats:Strike S","ats:Strike V+1","ats:Armor Crushing Shot","ats:Defend","ats:Defend","ats:Defend","ats:Defend","ats:Emotion Absorption+1","ats:Leaping Hammer+1","ats:Guard Mode","ats:Thorns","ats:Chain Hook","ats:Absolute Focus","ats:Spore Proliferation","ats:Absolute Focus"],"relics":["ats:Sanity","NeowsBlessing","ats:Military Tradition","ats:Emergency Defibrillator","ats:Support","ats:Originium","Anchor","MagicDraw2","Replay:PocketPolymizer"],"acts_visited":["Exordium"],"potions_floor_usage":[14],"damage_taken":[{"damage":0,"enemies":"2 Louse","floor":1,"turns":1},{"damage":0,"enemies":"Small Slimes","floor":3,"turns":1},{"damage":0,"enemies":"Replay:BlueRogue","floor":7,"turns":1},{"damage":4,"enemies":"Jaw Worm","floor":10,"turns":4},{"damage":4,"enemies":"Lots of Slimes","floor":13,"turns":3},{"damage":5,"enemies":"Large Slime","floor":14,"turns":5},{"damage":103,"enemies":"Fading Forest","floor":16,"turns":11}],"seed_played":"-6983194497348989570","potions_obtained":[{"floor":3,"key":"Energy Potion"},{"floor":4,"key":"AttackPotion"},{"floor":7,"key":"ats:Emergency Sanity Potion"}],"is_trial":false,"path_per_floor":["M","?","M","?","$","R","E","R","T","M","?","?","M","M","R","B"],"character_chosen":"DOCTOR_CLASS","items_purchased":["ats:Emergency Defibrillator","ats:Support"],"campfire_rested":1,"item_purchase_floors":[5,5],"current_hp_per_floor":[72,58,58,30,30,30,30,51,51,47,71,71,67,62,62,0,0],"gold":67,"neow_bonus":"THREE_ENEMY_KILL","is_daily":false,"chose_seed":false,"campfire_upgraded":1,"win_rate":0.0,"timestamp":1612417922,"path_taken":["M","?","M","?","?","R","E","R","T","?","?","?","?","M","R","BOSS"],"items_purchased_type":["Relic","Relic"],"build_version":"2020-12-22","purchased_purges":0,"victory":false,"max_hp_per_floor":[72,72,72,72,72,72,72,72,72,72,72,72,72,72,72,72,72],"card_choices":[{"not_picked":["ats:Closed Bolt Burst Fire","ats:Consecutive Shot Auto"],"picked":"ats:Leaping Hammer","floor":1},{"not_picked":["ats:Shell Defense","ats:Assault Order"],"picked":"ats:Guard Mode","floor":3},{"not_picked":["ats:Demon Strength","ats:Guardian Obelisk"],"picked":"ats:Thorns","floor":4},{"not_picked":["ats:Serious Mode","ats:Closed Bolt Burst Fire"],"picked":"ats:Chain Hook","floor":7},{"not_picked":["ats:Assault Order","ats:Shell Defense"],"picked":"ats:Absolute Focus","floor":10},{"not_picked":["ats:LN2 Cannon","ats:Consecutive Shot Auto"],"picked":"ats:Spore Proliferation","floor":13},{"not_picked":["ats:Curse Doll","ats:Beaten Up"],"picked":"ats:Absolute Focus","floor":14}],"player_experience":32164,"relics_obtained":[{"floor":4,"key":"ats:Military Tradition"},{"floor":7,"key":"ats:Originium"},{"floor":7,"key":"Anchor"},{"floor":9,"key":"MagicDraw2"},{"floor":15,"key":"Replay:PocketPolymizer"}],"event_choices":[{"damage_healed":0,"gold_gain":0,"player_choice":"Entered Light","damage_taken":14,"max_hp_gain":0,"max_hp_loss":0,"event_name":"Shining Light","floor":2,"gold_loss":0,"cards_upgraded":["ats:Emotion Absorption","ats:Strike V"]},{"damage_healed":24,"gold_gain":0,"player_choice":"Banana","damage_taken":0,"max_hp_gain":0,"max_hp_loss":0,"event_name":"Big Fish","floor":11,"gold_loss":0},{"cards_removed":["Regret"],"damage_healed":0,"gold_gain":0,"player_choice":"Card Removal","damage_taken":0,"max_hp_gain":0,"max_hp_loss":0,"event_name":"The Cleric","floor":12,"gold_loss":50}],"is_beta":false,"boss_relics":[],"items_purged_floors":[],"is_endless":false,"potions_floor_spawned":[3,7],"killed_by":"Fading Forest","ascension_level":0}}