{"host":"8is2j71l4wmybkoi","time":1612435910,"event":{"mods":["AchievementEnabler","BaseMod","Colored Map","Minty Spire (QoL Compilation)","Rare Cards Sparkle","StSLib","SuperFastMode"],"gold_per_floor":[114,134,134,134,209,209,243,243,243,4,38,51,86,100,100,175,175,193,193,193,243,243,273,273,273],"floor_reached":24,"language":"KOR","playtime":744,"items_purged":[],"score":446,"play_id":"70293b08-b4f6-46bb-a928-c8edc8fea8e7","local_time":"20210204195150","is_ascension_mode":true,"campfire_choices":[{"data":"Zap","floor":6.0,"key":"SMITH"},{"data":"Dualcast","floor":8.0,"key":"SMITH"},{"data":"Defragment","floor":15,"key":"SMITH"}],"circlet_count":0,"master_deck":["AscendersBane","Strike_B","Defend_B","Defend_B","Defend_B","Defend_B","Zap+1","Dualcast+1","Compile Driver","Lockon","Doom and Gloom","White Noise","Aggregate","Reboot","Defragment+1","Creative AI","Hologram+1","Ball Lightning","Conserve Battery","Necronomicurse","Storm"],"relics":["Cracked Core","NeowsBlessing","Bronze Scales","Symbiotic Virus","Cables","PreservedInsect","Regal Pillow","Busted Crown","Necronomicon","Bottled Lightning"],"acts_visited":["Exordium","TheCity"],"potions_floor_usage":[13,16,23],"damage_taken":[{"damage":0.0,"enemies":"Jaw Worm","floor":1.0,"turns":1.0},{"damage":0.0,"enemies":"2 Louse","floor":2.0,"turns":1.0},{"damage":0.0,"enemies":"Gremlin Nob","floor":7.0,"turns":1.0},{"damage":20.0,"enemies":"3 Sentries","floor":11.0,"turns":4.0},{"damage":0.0,"enemies":"Small Slimes","floor":12.0,"turns":3.0},{"damage":15,"enemies":"Lagavulin","floor":13,"turns":5},{"damage":0,"enemies":"3 Louse","floor":14,"turns":2},{"damage":14,"enemies":"Hexaghost","floor":16,"turns":4},{"damage":7,"enemies":"Chosen","floor":18,"turns":3},{"damage":8,"enemies":"Gremlin Leader","floor":23,"turns":3},{"damage":23,"enemies":"Shell Parasite","floor":24,"turns":3}],"seed_played":"-9057555224583712232","potions_obtained":[{"floor":1.0,"key":"Swift Potion"},{"floor":12.0,"key":"LiquidBronze"},{"floor":18,"key":"DistilledChaos"}],"is_trial":false,"path_per_floor":["M","M","?","?","?","R","E","R","T","$","E","M","E","M","R","B",null,"M","?","?","?","?","E","M"],"character_chosen":"DEFECT","items_purchased":["Cables"],"campfire_rested":0,"item_purchase_floors":[10],"current_hp_per_floor":[64,64,69,69,58,58,58,58,58,58,38,38,23,23,23,9,59,52,52,31,31,31,23,0,0],"gold":273,"neow_bonus":"THREE_ENEMY_KILL","is_daily":false,"chose_seed":false,"campfire_upgraded":3,"win_rate":0.0,"timestamp":1612435910,"path_taken":["M","M","?","?","?","R","E","R","T","$","E","M","E","M","R","BOSS","M","?","?","?","?","E","M"],"items_purchased_type":["Relic"],"build_version":"2020-12-22","purchased_purges":0,"victory":false,"max_hp_per_floor":[71,71,76,76,76,76,76,76,76,76,76,76,76,76,76,76,76,76,76,76,76,76,76,76,76],"card_choices":[{"not_picked":["Stack","Hologram"],"picked":"Compile Driver","floor":1.0},{"not_picked":["Conserve Battery","Double Energy"],"picked":"Lockon","floor":2.0},{"not_picked":["Stack","Redo"],"picked":"White Noise","floor":7.0},{"not_picked":["Compile Driver","Scrape"],"picked":"Aggregate","floor":11.0},{"not_picked":["Loop","Stack","Go for the Eyes"],"picked":"SKIP","floor":12.0},{"not_picked":["Loop","Stack","Go for the Eyes"],"picked":"SKIP","floor":12.0},{"not_picked":["Loop","Stack","Go for the Eyes"],"picked":"SKIP","floor":12.0},{"not_picked":["Thunder Strike","Tempest"],"picked":"Reboot","floor":13},{"not_picked":["Redo","Compile Driver"],"picked":"Defragment","floor":14},{"not_picked":["Hyperbeam","Thunder Strike"],"picked":"Creative AI","floor":16},{"not_picked":[],"picked":"Hologram+1","floor":18},{"not_picked":[],"picked":"Storm","floor":23}],"player_experience":955321,"relics_obtained":[{"floor":7.0,"key":"Bronze Scales"},{"floor":9.0,"key":"Symbiotic Virus"},{"floor":11.0,"key":"PreservedInsect"},{"floor":13,"key":"Regal Pillow"},{"floor":20,"key":"Necronomicon"},{"floor":23,"key":"Bottled Lightning"}],"event_choices":[{"damage_healed":0.0,"max_hp_gain":5.0,"max_hp_loss":0.0,"gold_gain":0.0,"event_name":"Big Fish","player_choice":"Donut","floor":3.0,"gold_loss":0.0,"damage_taken":0.0},{"damage_healed":0.0,"max_hp_gain":0.0,"max_hp_loss":0.0,"gold_gain":0.0,"cards_transformed":["Strike_B"],"event_name":"Living Wall","player_choice":"Change","floor":4.0,"gold_loss":0.0,"damage_taken":0.0,"cards_obtained":["Doom and Gloom"]},{"damage_healed":0.0,"max_hp_gain":0.0,"max_hp_loss":0.0,"gold_gain":75.0,"event_name":"World of Goop","player_choice":"Gather Gold","floor":5.0,"gold_loss":0.0,"damage_taken":11.0},{"damage_healed":0,"gold_gain":0,"cards_transformed":["Strike_B","Strike_B"],"player_choice":"Became Test Subject","damage_taken":0,"max_hp_gain":0,"max_hp_loss":0,"event_name":"Drug Dealer","floor":19,"gold_loss":0,"cards_obtained":["Ball Lightning","Conserve Battery"]},{"damage_healed":0,"gold_gain":0,"player_choice":"Obtained Book","damage_taken":21,"max_hp_gain":0,"max_hp_loss":0,"event_name":"Cursed Tome","floor":20,"gold_loss":0},{"damage_healed":0,"gold_gain":50,"player_choice":"Stole From Cult","damage_taken":0,"max_hp_gain":0,"max_hp_loss":0,"event_name":"Nest","floor":21,"gold_loss":0},{"damage_healed":0,"gold_gain":0,"player_choice":"Ignored","damage_taken":0,"max_hp_gain":0,"max_hp_loss":0,"event_name":"Vampires","floor":22,"gold_loss":0}],"is_beta":false,"boss_relics":[{"not_picked":["Philosopher\u0027s Stone","Velvet Choker"],"picked":"Busted Crown"}],"items_purged_floors":[],"is_endless":false,"potions_floor_spawned":[1,12,18],"killed_by":"Shell Parasite","ascension_level":15}}