{"host":"9n6i2vl93jt4o42q","time":1612479838,"event":{"mods":["BaseMod","Minty Spire (QoL Compilation)","Relic Stats"],"gold_per_floor":[114,131,26,38,88,88,99,132,132,147,164,184,184,14,14,90,90,102,74,74,74,24,24,54,54,54,54,54,54],"floor_reached":28,"language":"ENG","playtime":1331,"items_purged":["Defend_G","Strike_G","Strike_G"],"score":476,"play_id":"3699be18-8071-4f31-a9f3-fe1a286c7dd8","local_time":"20210205000358","is_ascension_mode":true,"campfire_choices":[{"data":"Dagger Spray","floor":6.0,"key":"SMITH"},{"data":"Bullet Time","floor":13.0,"key":"SMITH"},{"data":"Bouncing Flask","floor":15.0,"key":"SMITH"},{"data":"Ghostly","floor":23,"key":"SMITH"},{"data":"Ghostly","floor":25,"key":"SMITH"},{"data":"Venomology","floor":27,"key":"SMITH"}],"circlet_count":0,"master_deck":["AscendersBane","Strike_G","Strike_G","Strike_G","Defend_G","Defend_G","Defend_G","Defend_G","Survivor","Neutralize+1","Flying Knee+1","Adrenaline","Poisoned Stab","Dagger Spray+1","Dash","Deadly Poison","Backflip","Acrobatics","Bullet Time+1","Bouncing Flask+1","Footwork","Venomology+1","Deadly Poison+1","Ghostly+1","Ghostly+1","Ghostly"],"relics":["Ring of the Snake","Smiling Mask","Matryoshka","MealTicket","HoveringKite","Tiny Chest","Whetstone","Mummified Hand"],"acts_visited":["Exordium","TheCity"],"potions_floor_usage":[16,16,28],"damage_taken":[{"damage":1.0,"enemies":"Cultist","floor":1.0,"turns":5.0},{"damage":0.0,"enemies":"2 Louse","floor":2.0,"turns":3.0},{"damage":0.0,"enemies":"Jaw Worm","floor":4.0,"turns":4.0},{"damage":8.0,"enemies":"Large Slime","floor":7.0,"turns":5.0},{"damage":9.0,"enemies":"3 Sentries","floor":8.0,"turns":5.0},{"damage":5.0,"enemies":"Exordium Wildlife","floor":10.0,"turns":3.0},{"damage":13.0,"enemies":"Exordium Thugs","floor":11.0,"turns":3.0},{"damage":1.0,"enemies":"Large Slime","floor":12.0,"turns":5.0},{"damage":18,"enemies":"Slime Boss","floor":16,"turns":6},{"damage":0,"enemies":"Chosen","floor":18,"turns":5},{"damage":24,"enemies":"2 Thieves","floor":19,"turns":4},{"damage":49,"enemies":"Book of Stabbing","floor":24,"turns":7},{"damage":24,"enemies":"Shelled Parasite and Fungi","floor":28,"turns":4}],"seed_played":"-1074158287822766265","potions_obtained":[{"floor":2.0,"key":"AttackPotion"},{"floor":7.0,"key":"Explosive Potion"},{"floor":12.0,"key":"PowerPotion"},{"floor":24,"key":"CunningPotion"}],"is_trial":false,"path_per_floor":["M","M","$","M","?","R","M","E","T","M","M","M","R","$","R","B",null,"M","M","?","?","$","R","E","R","T","R","M"],"character_chosen":"THE_SILENT","items_purchased":["Poisoned Stab","Bouncing Flask","Footwork"],"campfire_rested":0,"item_purchase_floors":[3,14,14],"current_hp_per_floor":[58,58,58,58,58,58,50,41,41,36,23,22,22,37,37,19,54,54,30,30,30,33,33,9,9,9,9,0,0],"gold":54,"neow_bonus":"RANDOM_COMMON_RELIC","is_daily":false,"chose_seed":false,"campfire_upgraded":6,"win_rate":0.0,"timestamp":1612479838,"path_taken":["M","?","$","M","?","R","M","E","T","?","?","M","R","?","R","BOSS","M","M","?","?","?","R","E","R","T","R","?"],"items_purchased_type":["Card","Card","Card"],"build_version":"2020-12-22","purchased_purges":3,"victory":false,"max_hp_per_floor":[66,66,66,66,66,66,66,66,66,66,66,66,66,66,66,66,66,66,66,33,33,33,33,33,33,33,33,33,33],"relic_stats":{"counters":[13,59],"Mummified Hand":[1],"HoveringKite":[5],"MealTicket":18,"Tiny Chest":0,"Whetstone":["Neutralize","Flying Knee"],"Smiling Mask":150,"obtain_stats":[{"Matryoshka":8,"Mummified Hand":26,"HoveringKite":17,"MealTicket":9,"Tiny Chest":24,"Whetstone":26,"Smiling Mask":0,"Ring of the Snake":0},{"Matryoshka":5,"Mummified Hand":12,"HoveringKite":9,"MealTicket":5,"Tiny Chest":12,"Whetstone":12,"Smiling Mask":0,"Ring of the Snake":0},{"Matryoshka":22,"Mummified Hand":55,"HoveringKite":39,"MealTicket":22,"Tiny Chest":55,"Whetstone":55,"Smiling Mask":0,"Ring of the Snake":0}],"Ring of the Snake":[26]},"card_choices":[{"not_picked":["Poisoned Stab","Acrobatics"],"picked":"Flying Knee","floor":1.0},{"not_picked":["Quick Slash","Concentrate"],"picked":"Adrenaline","floor":2.0},{"not_picked":["Deflect","Backflip"],"picked":"Dagger Spray","floor":4.0},{"not_picked":["Deflect","Flechettes"],"picked":"Dash","floor":7.0},{"not_picked":["Unload","Escape Plan"],"picked":"Deadly Poison","floor":8.0},{"not_picked":["Concentrate","Underhanded Strike"],"picked":"Backflip","floor":10.0},{"not_picked":["Dagger Spray","Infinite Blades"],"picked":"Acrobatics","floor":11.0},{"not_picked":["Backflip","Well Laid Plans"],"picked":"Bullet Time","floor":12.0},{"not_picked":["Grand Finale","Doppelganger"],"picked":"Venomology","floor":16},{"not_picked":["Masterful Stab","Dodge and Roll","Blade Dance"],"picked":"SKIP","floor":18},{"not_picked":["Caltrops","Sucker Punch"],"picked":"Deadly Poison+1","floor":19},{"not_picked":["Distraction","Poisoned Stab","Footwork"],"picked":"SKIP","floor":24}],"player_experience":2457619,"relics_obtained":[{"floor":8.0,"key":"Matryoshka"},{"floor":9.0,"key":"MealTicket"},{"floor":24,"key":"Tiny Chest"},{"floor":26,"key":"Whetstone"},{"floor":26,"key":"Mummified Hand"}],"event_choices":[{"damage_healed":0.0,"max_hp_gain":0.0,"max_hp_loss":0.0,"gold_gain":50.0,"event_name":"Golden Shrine","player_choice":"Pray","floor":5.0,"gold_loss":0.0,"damage_taken":0.0},{"damage_healed":0,"gold_gain":0,"player_choice":"Became a Ghost","damage_taken":0,"max_hp_gain":0,"max_hp_loss":33,"event_name":"Ghosts","floor":20,"gold_loss":0,"cards_obtained":["Ghostly","Ghostly","Ghostly"]},{"damage_healed":0,"gold_gain":0,"player_choice":"Ignored","damage_taken":0,"max_hp_gain":0,"max_hp_loss":0,"event_name":"Vampires","floor":21,"gold_loss":0}],"is_beta":false,"boss_relics":[{"not_picked":["Coffee Dripper","WristBlade"],"picked":"HoveringKite"}],"items_purged_floors":[3,14,22],"is_endless":false,"potions_floor_spawned":[2,7,12,24],"killed_by":"Shelled Parasite and Fungi","ascension_level":20}}