{"host":"1sqx9dmsrxu9kvq7","time":1612402363,"event":{"mods":["2.2 Compatiblity","Act Like it!","BaseMod","CapriCore","Colored Powertips","Custom Start","Friendly Minions","Gensokyo","Highlight Path","Koishi","Marisa（霧雨　魔理沙）","Minty Spire (QoL Compilation)","Quick Restart","Rare Cards Sparkle","Reimu（博??梦）","Relic Stats","Remilia（蕾米莉?）","Shop Mod","Spicy Shops","StSLib","The Administrix","The Blue Laboratory","The Immortal","The Servant 0.9.4","Waifu the Spire","Yakumo Yukari mod","Yuyuko"],"gold_per_floor":[111,125,125,12,12,12,12,23,102,113,113,123,333,360,360,455,455,472,472,472,487,487,487,497,497,497,497,497],"floor_reached":27,"language":"ENG","playtime":1829,"items_purged":[],"score":223,"play_id":"388d5229-aa27-4b9d-ba03-b459bad26a11","local_time":"20210203193243","is_ascension_mode":true,"campfire_choices":[{"floor":6,"key":"RECALL"},{"data":"KidneyShot","floor":11,"key":"SMITH"},{"data":"Comet","floor":15,"key":"SMITH"},{"data":"FloweringNight","floor":23,"key":"SMITH"},{"floor":25,"key":"REST"}],"circlet_count":0,"master_deck":["Strike_S","Strike_S","Strike_S","Strike_S","Defend_S","Defend_S","Defend_S","Defend_S","KidneyShot+1","Exchange","GearUp","Potential","Foresight","Solidify","Sabotage","Rewind","Comet+1","Potential","FloweringNight+1","Defy","RealityMarble+1","Gensokyo:AllTheWorldsEvil","Revamp+1"],"relics":["Uniform","Happy Flower","Gensokyo:OccultBall","Ginger","Gremlin Horn","Black Star","Prayer Wheel","Frozen Eye"],"acts_visited":["Gensokyo:Gensokyo","Gensokyo:Gensokyoer"],"potions_floor_usage":[27,27],"damage_taken":[{"damage":2,"enemies":"Gensokyo:2_Kodama","floor":1,"turns":4},{"damage":0,"enemies":"Gensokyo:3_Fairies","floor":2,"turns":6},{"damage":0,"enemies":"Gensokyo:Python","floor":8,"turns":4},{"damage":0,"enemies":"Gensokyo:VengefulSpirit","floor":10,"turns":5},{"damage":5,"enemies":"Gensokyo:Python_and_Kodama","floor":12,"turns":5},{"damage":5,"enemies":"Gensokyo:Kitsune","floor":13,"turns":4},{"damage":1,"enemies":"Gensokyo:Aya","floor":14,"turns":9},{"damage":11,"enemies":"Gensokyo:Kokoro","floor":16,"turns":14},{"damage":9,"enemies":"Gensokyo:Chomper","floor":18,"turns":4},{"damage":25,"enemies":"Gensokyo:AngelMirror","floor":21,"turns":5},{"damage":10,"enemies":"Gensokyo:Swordslinger","floor":24,"turns":5},{"damage":44,"enemies":"Gensokyo:Koishi","floor":27,"turns":8}],"seed_played":"-7349595884652495965","potions_obtained":[{"floor":1,"key":"Block Potion"},{"floor":8,"key":"LiquidMemories"},{"floor":10,"key":"SkillPotion"},{"floor":13,"key":"Ancient Potion"},{"floor":21,"key":"Energy Potion"},{"floor":24,"key":"DistilledChaos"}],"is_trial":false,"path_per_floor":["M","M","?","COS","?","R","?","M","T","M","R","M","M","E","R","B",null,"M","?","?","M","?","R","M","R","T","E"],"character_chosen":"THE_SERVANT","items_purchased":[],"campfire_rested":1,"item_purchase_floors":[],"current_hp_per_floor":[63,63,63,63,63,63,63,63,63,63,63,58,53,52,52,41,65,56,56,56,31,31,31,21,40,40,0,0],"gold":497,"neow_bonus":"ONE_RANDOM_RARE_CARD","is_daily":false,"chose_seed":false,"campfire_upgraded":3,"win_rate":0.0,"timestamp":1612402363,"path_taken":["M","M","?","COS","?","R","?","M","T","M","R","?","M","E","R","BOSS","M","?","?","M","?","R","?","R","T","E"],"items_purchased_type":[],"build_version":"2020-12-22","purchased_purges":0,"victory":false,"max_hp_per_floor":[65,65,65,65,65,65,65,65,65,65,65,65,65,65,65,65,65,65,65,65,65,65,65,65,65,65,65,65],"relic_stats":{"Happy Flower":[21],"Gremlin Horn":[0,0],"counters":[12,73],"Prayer Wheel":0,"Black Star":0,"Ginger":[3],"obtain_stats":[{"Frozen Eye":27,"Happy Flower":3,"Gremlin Horn":14,"Gensokyo:OccultBall":7,"Prayer Wheel":26,"Uniform":0,"Black Star":17,"Ginger":13},{"Frozen Eye":11,"Happy Flower":2,"Gremlin Horn":7,"Gensokyo:OccultBall":2,"Prayer Wheel":11,"Uniform":0,"Black Star":8,"Ginger":6},{"Frozen Eye":65,"Happy Flower":10,"Gremlin Horn":37,"Gensokyo:OccultBall":10,"Prayer Wheel":65,"Uniform":0,"Black Star":51,"Ginger":25}]},"card_choices":[{"not_picked":["SurpressingFire","FanOfKnives"],"picked":"GearUp","floor":1},{"not_picked":["Alleviate","Starlight"],"picked":"ShatteredReality","floor":2},{"not_picked":["BottledTime","Read"],"picked":"Potential","floor":5},{"not_picked":["BottledTime","Gouge"],"picked":"Foresight","floor":5},{"not_picked":["Rearm","Desolation"],"picked":"Solidify","floor":8},{"not_picked":["Replace","Potential"],"picked":"Sabotage","floor":10},{"not_picked":["DoubleEdge","FastForward"],"picked":"Rewind","floor":12},{"not_picked":["Unruled","Ricochet"],"picked":"Comet","floor":13},{"not_picked":["Unruled","FastForward"],"picked":"Potential","floor":14},{"not_picked":["TheWorld","MurderousAura"],"picked":"FloweringNight","floor":16},{"not_picked":["Spin","DualDimension"],"picked":"Defy","floor":18},{"not_picked":["Misdirection","Rewind"],"picked":"RealityMarble+1","floor":21},{"not_picked":["Spin","FastForward"],"picked":"Revamp+1","floor":24}],"player_experience":218301,"relics_obtained":[{"floor":14,"key":"Gremlin Horn"},{"floor":16,"key":"Gensokyo:OccultBall"},{"floor":26,"key":"Prayer Wheel"}],"event_choices":[],"is_beta":false,"boss_relics":[{"not_picked":["RedLine:ReiMu","Runic Pyramid"],"picked":"Black Star"}],"items_purged_floors":[],"is_endless":false,"potions_floor_spawned":[1,8,10,13,21,24],"killed_by":"Gensokyo:Koishi","ascension_level":1}}