{"host":"nolo0osttpwefhwj","time":1612434738,"event":{"mods":["AchievementEnabler","BaseMod","Bestiary","Colored Powertips","Minty Spire (QoL Compilation)","Permanent Neow","Quick Restart","Relic Stats"],"gold_per_floor":[116,116,134,145,157,157,186,186,186,211,211,241,254,254,254,333,333,350,1,1,1,1,331,331,331,331],"floor_reached":25,"language":"ENG","playtime":1199,"items_purged":["Strike_R"],"score":452,"play_id":"b2b21f58-a621-4217-9577-1bb093886ce0","local_time":"20210204113218","is_ascension_mode":true,"campfire_choices":[{"data":"Bash","floor":6.0,"key":"SMITH"},{"data":"Sword Boomerang","floor":8.0,"key":"SMITH"},{"data":"Intimidate","floor":11.0,"key":"SMITH"},{"data":"Ghostly Armor","floor":15.0,"key":"SMITH"}],"circlet_count":0,"master_deck":["AscendersBane","Defend_R","Defend_R","Defend_R","Defend_R","Bash+1","Sword Boomerang+1","Ghostly Armor+1","Cleave","Sword Boomerang+1","Intimidate+1","Fiend Fire","Shame","Bite","Bite","Bite","Bite","Bite","Ghostly Armor+1","Writhe"],"relics":["Burning Blood","Torii","TungstenRod","Mango","Juzu Bracelet","Coffee Dripper","Self Forming Clay","Matryoshka","Old Coin","The Courier"],"acts_visited":["Exordium","TheCity"],"potions_floor_usage":[],"damage_taken":[{"damage":0.0,"enemies":"Small Slimes","floor":1.0,"turns":3.0},{"damage":3.0,"enemies":"2 Louse","floor":3.0,"turns":3.0},{"damage":6.0,"enemies":"Cultist","floor":4.0,"turns":4.0},{"damage":11.0,"enemies":"Large Slime","floor":5.0,"turns":6.0},{"damage":34.0,"enemies":"Gremlin Nob","floor":7.0,"turns":5.0},{"damage":18.0,"enemies":"3 Sentries","floor":10.0,"turns":9.0},{"damage":18.0,"enemies":"Gremlin Nob","floor":12.0,"turns":4.0},{"damage":0.0,"enemies":"2 Fungi Beasts","floor":13.0,"turns":3.0},{"damage":13.0,"enemies":"The Guardian","floor":16.0,"turns":16.0},{"damage":12,"enemies":"Shell Parasite","floor":18,"turns":5},{"damage":54,"enemies":"Slavers","floor":23,"turns":10},{"damage":34,"enemies":"Book of Stabbing","floor":25,"turns":5}],"seed_played":"-3158689680268162827","potions_obtained":[{"floor":3.0,"key":"SkillPotion"},{"floor":4.0,"key":"SneckoOil"},{"floor":5.0,"key":"Energy Potion"},{"floor":13.0,"key":"Dexterity Potion"}],"is_trial":false,"path_per_floor":["M","?","M","M","M","R","E","R","T","E","R","E","M","?","R","B",null,"M","$","?","?","?","E","?","E"],"character_chosen":"IRONCLAD","items_purchased":["Self Forming Clay"],"campfire_rested":0,"item_purchase_floors":[19],"current_hp_per_floor":[70,63,66,66,61,61,33,33,33,35,35,23,29,29,29,22,83,77,77,47,47,47,21,21,0,0],"gold":331,"neow_bonus":"TWENTY_PERCENT_HP_BONUS","is_daily":false,"chose_seed":false,"campfire_upgraded":4,"win_rate":0.0,"timestamp":1612434738,"path_taken":["M","?","M","M","M","R","E","R","T","E","R","E","M","?","R","BOSS","M","$","?","?","?","E","?","E"],"items_purchased_type":["Relic"],"build_version":"2020-12-22","purchased_purges":1,"victory":false,"max_hp_per_floor":[89,89,89,89,89,89,89,89,89,103,103,103,103,103,103,103,103,103,103,108,108,75,75,75,75,75],"relic_stats":{"Torii":99,"counters":[12,73],"Self Forming Clay":[27],"Juzu Bracelet":0,"obtain_stats":[{"Matryoshka":21,"Torii":7,"Self Forming Clay":19,"Mango":10,"The Courier":24,"Juzu Bracelet":12,"Coffee Dripper":17,"Burning Blood":0,"TungstenRod":9,"Old Coin":23},{"Matryoshka":10,"Torii":5,"Self Forming Clay":10,"Mango":6,"The Courier":11,"Juzu Bracelet":7,"Coffee Dripper":9,"Burning Blood":0,"TungstenRod":5,"Old Coin":11},{"Matryoshka":58,"Torii":21,"Self Forming Clay":58,"Mango":30,"The Courier":68,"Juzu Bracelet":34,"Coffee Dripper":53,"Burning Blood":0,"TungstenRod":21,"Old Coin":68}],"Burning Blood":66,"TungstenRod":51},"card_choices":[{"not_picked":["Infernal Blade","Power Through"],"picked":"Sword Boomerang","floor":1.0},{"not_picked":["Clothesline","Clash"],"picked":"Ghostly Armor","floor":3.0},{"not_picked":["Perfected Strike","True Grit","Warcry"],"picked":"SKIP","floor":4.0},{"not_picked":["Pummel","Perfected Strike"],"picked":"Cleave","floor":5.0},{"not_picked":["Power Through","Perfected Strike"],"picked":"Sword Boomerang","floor":7.0},{"not_picked":["Heavy Blade","Barricade"],"picked":"Intimidate","floor":10.0},{"not_picked":["Headbutt","Feel No Pain","Body Slam"],"picked":"SKIP","floor":12.0},{"not_picked":["Sword Boomerang","Dual Wield","Reckless Charge"],"picked":"SKIP","floor":13.0},{"not_picked":["Berserk","Bludgeon"],"picked":"Fiend Fire","floor":16.0},{"not_picked":["Thunderclap","Warcry","Second Wind"],"picked":"SKIP","floor":18},{"not_picked":["Twin Strike+1","Pommel Strike+1"],"picked":"Ghostly Armor+1","floor":23}],"player_experience":302017,"relics_obtained":[{"floor":7.0,"key":"Torii"},{"floor":9.0,"key":"TungstenRod"},{"floor":10.0,"key":"Mango"},{"floor":12.0,"key":"Juzu Bracelet"},{"floor":23,"key":"Old Coin"}],"event_choices":[{"cards_removed":["Strike_R"],"damage_healed":0.0,"max_hp_gain":0.0,"max_hp_loss":0.0,"gold_gain":0.0,"event_name":"Golden Wing","player_choice":"Card Removal","floor":2.0,"gold_loss":0.0,"damage_taken":7.0},{"damage_healed":0.0,"max_hp_gain":0.0,"max_hp_loss":0.0,"gold_gain":0.0,"event_name":"Upgrade Shrine","player_choice":"Upgraded","floor":14.0,"gold_loss":0.0,"damage_taken":0.0,"cards_upgraded":["Sword Boomerang"]},{"damage_healed":0,"gold_gain":0,"player_choice":"Shed Blood","damage_taken":36,"max_hp_gain":5,"max_hp_loss":0,"event_name":"Forgotten Altar","floor":20,"gold_loss":0},{"damage_healed":0,"gold_gain":0,"player_choice":"Stole Relic","damage_taken":0,"relics_obtained":["Matryoshka"],"max_hp_gain":0,"max_hp_loss":0,"event_name":"Addict","floor":21,"gold_loss":0,"cards_obtained":["Shame"]},{"damage_healed":0,"gold_gain":0,"player_choice":"Became a vampire","damage_taken":0,"max_hp_gain":0,"max_hp_loss":33,"event_name":"Vampires","floor":22,"gold_loss":0,"cards_obtained":["Bite","Bite","Bite","Bite","Bite"]},{"damage_healed":0,"gold_gain":0,"player_choice":"Opened","damage_taken":0,"relics_obtained":["The Courier"],"max_hp_gain":0,"max_hp_loss":0,"event_name":"The Mausoleum","floor":24,"gold_loss":0,"cards_obtained":["Writhe"]}],"is_beta":false,"boss_relics":[{"not_picked":["Empty Cage","Sozu"],"picked":"Coffee Dripper"}],"items_purged_floors":[19],"is_endless":false,"potions_floor_spawned":[3,4,5,13],"killed_by":"Book of Stabbing","ascension_level":16}}