{"host":"fevvm7bbzuh4s1jc","time":1612473722,"event":{"mods":["BaseMod","Highlight Path","Minty Spire (QoL Compilation)","Relic Stats"],"gold_per_floor":[16,28,44,60,75,101,101,101,127,127,141,159,172,205,205,280,280,291,333,347,362,362,362,419,419,491,519,576,588,150,167,167,167,167],"floor_reached":33,"language":"ENG","playtime":2305,"items_purged":["Writhe"],"score":606,"play_id":"4d84fbf5-0425-47f3-bdb5-0399b6e7b73a","local_time":"20210204162202","is_ascension_mode":true,"campfire_choices":[{"data":"EmptyFist","floor":8.0,"key":"SMITH"},{"data":"Eruption","floor":10.0,"key":"SMITH"},{"data":"Tantrum","floor":15.0,"key":"SMITH"},{"data":"WaveOfTheHand","floor":23.0,"key":"SMITH"},{"data":"Wallop","floor":25.0,"key":"SMITH"},{"floor":32.0,"key":"REST"}],"circlet_count":0,"master_deck":["AscendersBane","Strike_P+1","Defend_P+1","Defend_P+1","Eruption+1","Vigilance","Wallop+1","DeceiveReality","EmptyFist+1","Consecrate","Devotion","CutThroughFate","Tantrum+1","Halt","Wireheading","Wish","WindmillStrike+1","CarveReality+1","InnerPeace+1","WaveOfTheHand+1","Weave","Wallop+1","Adaptation","FearNoEvil+1","Secret Technique","Fasting2"],"relics":["PureWater","Gremlin Horn","Strawberry","Happy Flower","Astrolabe","Vajra","Molten Egg 2","MawBank","Art of War"],"acts_visited":["TheCity"],"potions_floor_usage":[],"damage_taken":[{"damage":10.0,"enemies":"2 Louse","floor":1.0,"turns":3.0},{"damage":0.0,"enemies":"Small Slimes","floor":2.0,"turns":3.0},{"damage":0.0,"enemies":"Cultist","floor":3.0,"turns":3.0},{"damage":4.0,"enemies":"Gremlin Gang","floor":4.0,"turns":4.0},{"damage":0.0,"enemies":"Blue Slaver","floor":5.0,"turns":3.0},{"damage":4.0,"enemies":"Gremlin Nob","floor":6.0,"turns":4.0},{"damage":0.0,"enemies":"Exordium Wildlife","floor":11.0,"turns":3.0},{"damage":3.0,"enemies":"3 Louse","floor":12.0,"turns":3.0},{"damage":1.0,"enemies":"Looter","floor":13.0,"turns":2.0},{"damage":12.0,"enemies":"3 Sentries","floor":14.0,"turns":3.0},{"damage":5.0,"enemies":"Hexaghost","floor":16.0,"turns":8.0},{"damage":0.0,"enemies":"Spheric Guardian","floor":18.0,"turns":3.0},{"damage":7.0,"enemies":"3 Byrds","floor":19.0,"turns":5.0},{"damage":12.0,"enemies":"Snake Plant","floor":20.0,"turns":5.0},{"damage":0.0,"enemies":"3 Cultists","floor":21.0,"turns":2.0},{"damage":17.0,"enemies":"Slavers","floor":24.0,"turns":3.0},{"damage":9.0,"enemies":"Book of Stabbing","floor":27.0,"turns":4.0},{"damage":0.0,"enemies":"Cultist and Chosen","floor":28.0,"turns":3.0},{"damage":9.0,"enemies":"Snake Plant","floor":31.0,"turns":5.0},{"damage":0,"enemies":"Collector","floor":33,"turns":1}],"seed_played":"-5763619159936767609","potions_obtained":[{"floor":1.0,"key":"Explosive Potion"},{"floor":3.0,"key":"EssenceOfSteel"},{"floor":4.0,"key":"Block Potion"},{"floor":12.0,"key":"EntropicBrew"},{"floor":13.0,"key":"AttackPotion"},{"floor":19.0,"key":"SteroidPotion"},{"floor":27.0,"key":"FearPotion"}],"is_trial":false,"path_per_floor":["M","M","M","M","M","E","?","R","T","R","M","M","M","E","R","B",null,"M","M","M","M","?","R","E","R","T","E","M","?","$","M","R","B"],"character_chosen":"WATCHER","items_purchased":["FearNoEvil+1","Secret Technique","Fasting2","Strength Potion"],"campfire_rested":1,"item_purchase_floors":[30,30,30,30],"current_hp_per_floor":[51,51,51,47,47,43,43,43,50,50,50,47,46,34,34,29,64,64,57,45,45,45,45,28,28,28,19,19,19,19,10,32,32,32],"gold":167,"neow_bonus":"REMOVE_TWO","is_daily":false,"chose_seed":false,"campfire_upgraded":5,"win_rate":0.0,"timestamp":1612473722,"path_taken":["M","M","M","M","M","E","?","R","T","R","M","M","M","E","R","BOSS","M","M","M","M","?","R","E","R","T","E","M","?","$","M","R","BOSS"],"items_purchased_type":["Card","Card","Card","Potion"],"build_version":"2020-12-22","purchased_purges":1,"victory":false,"max_hp_per_floor":[68,68,68,68,68,68,68,68,75,75,75,75,75,75,75,75,75,75,75,75,75,75,75,75,75,75,75,75,75,75,75,75,75,75],"relic_stats":{"Gremlin Horn":[12,12],"Happy Flower":[13],"counters":[20,69],"Astrolabe":["WindmillStrike","CarveReality","InnerPeace"],"Art of War":[1],"MawBank":36,"obtain_stats":[{"Gremlin Horn":6,"Happy Flower":14,"Strawberry":9,"Astrolabe":17,"Vajra":24,"Molten Egg 2":26,"Art of War":29,"PureWater":0,"MawBank":27},{"Gremlin Horn":6,"Happy Flower":10,"Strawberry":6,"Astrolabe":11,"Vajra":16,"Molten Egg 2":16,"Art of War":18,"PureWater":0,"MawBank":17},{"Gremlin Horn":20,"Happy Flower":31,"Strawberry":20,"Astrolabe":39,"Vajra":57,"Molten Egg 2":57,"Art of War":64,"PureWater":0,"MawBank":61}]},"card_choices":[{"not_picked":["Conclude","MentalFortress"],"picked":"Wallop","floor":1.0},{"not_picked":["Sanctity","ThirdEye"],"picked":"DeceiveReality","floor":2.0},{"not_picked":["ThirdEye","Evaluate","Protect"],"picked":"SKIP","floor":3.0},{"not_picked":["Halt","Worship"],"picked":"EmptyFist","floor":4.0},{"not_picked":["Protect","Prostrate"],"picked":"Consecrate","floor":5.0},{"not_picked":["ForeignInfluence","Sanctity"],"picked":"Devotion","floor":6.0},{"not_picked":["InnerPeace","EmptyMind"],"picked":"CutThroughFate","floor":11.0},{"not_picked":["CutThroughFate","EmptyMind"],"picked":"Tantrum","floor":12.0},{"not_picked":["EmptyFist","Perseverance"],"picked":"Halt","floor":13.0},{"not_picked":["LikeWater","JustLucky"],"picked":"Wireheading","floor":14.0},{"not_picked":["Brilliance","Devotion"],"picked":"Wish","floor":16.0},{"not_picked":["EmptyFist","Halt"],"picked":"WaveOfTheHand","floor":18.0},{"not_picked":["Prostrate","WheelKick"],"picked":"Weave","floor":19.0},{"not_picked":["Prostrate","FlyingSleeves","PathToVictory"],"picked":"SKIP","floor":20.0},{"not_picked":["Pray","SashWhip","Evaluate"],"picked":"SKIP","floor":21.0},{"not_picked":["Pray","SashWhip","Evaluate"],"picked":"SKIP","floor":21.0},{"not_picked":["ForeignInfluence","JustLucky","Perseverance"],"picked":"SKIP","floor":24.0},{"not_picked":["FlurryOfBlows+1","Evaluate"],"picked":"Wallop+1","floor":27.0},{"not_picked":["EmptyFist+1","Vengeance+1"],"picked":"Adaptation","floor":28.0},{"not_picked":["Indignation","Worship","SignatureMove+1"],"picked":"SKIP","floor":31.0}],"player_experience":2767280,"relics_obtained":[{"floor":6.0,"key":"Gremlin Horn"},{"floor":9.0,"key":"Strawberry"},{"floor":14.0,"key":"Happy Flower"},{"floor":24.0,"key":"Vajra"},{"floor":26.0,"key":"Molten Egg 2"},{"floor":27.0,"key":"MawBank"}],"event_choices":[{"damage_healed":0.0,"max_hp_gain":0.0,"max_hp_loss":0.0,"gold_gain":0.0,"event_name":"Liars Game","player_choice":"Ignored","floor":7.0,"gold_loss":0.0,"damage_taken":0.0},{"damage_healed":0.0,"max_hp_gain":0.0,"max_hp_loss":0.0,"gold_gain":0.0,"event_name":"Back to Basics","player_choice":"Simplicity","floor":22.0,"gold_loss":0.0,"damage_taken":0.0,"cards_upgraded":["Strike_P","Defend_P","Defend_P"]},{"damage_healed":0.0,"max_hp_gain":0.0,"max_hp_loss":0.0,"gold_gain":0.0,"event_name":"The Mausoleum","player_choice":"Opened","floor":29.0,"gold_loss":0.0,"damage_taken":0.0,"relics_obtained":["Art of War"],"cards_obtained":["Writhe"]}],"is_beta":false,"boss_relics":[{"not_picked":["Velvet Choker","Snecko Eye"],"picked":"Astrolabe"}],"items_purged_floors":[30],"is_endless":false,"potions_floor_spawned":[1,3,4,12,13,19,21,27,31],"killed_by":"Collector","ascension_level":20}}