{"host":"6p0attdrtjqaih7v","time":1612459183,"event":{"mods":["2.2 Compatiblity","AchievementEnabler","Bard","BaseMod","Better Skull","Better Third Choice","Colored Powertips","Hermit","Highlight Path","Key Reminder","Minty Spire (QoL Compilation)","Permanent Neow","Quick Restart","Random Character Button","Relic Stats","Reliquary","Replay The Spire","Robot Space Explorer","StSLib","The Witch"],"gold_per_floor":[113,188,254,62,76,76,76,76],"floor_reached":7,"language":"ENG","playtime":240,"items_purged":["Strike_B"],"score":78,"play_id":"9617488a-5eea-4bf3-acb4-48943cb4bd57","local_time":"20210204121943","is_ascension_mode":true,"campfire_choices":[{"data":"Fission","floor":6,"key":"SMITH"}],"circlet_count":0,"master_deck":["AscendersBane","Strike_B","Strike_B","Strike_B","Defend_B","Defend_B","Defend_B","Defend_B","Zap","Dualcast","Darkness","Undo","Coolheaded","Fission+1","Static Discharge"],"relics":["Cracked Core","FossilizedHelix","Smiling Mask"],"acts_visited":["Exordium"],"potions_floor_usage":[7,7],"damage_taken":[{"damage":0,"enemies":"2 Louse","floor":1,"turns":3},{"damage":0,"enemies":"Small Slimes","floor":5,"turns":4},{"damage":61,"enemies":"Gremlin Nob","floor":7,"turns":4}],"seed_played":"-5081300245593491494","potions_obtained":[{"floor":3,"key":"ColorlessPotion"},{"floor":3,"key":"GamblersBrew"},{"floor":5,"key":"LifebloodPotion"}],"is_trial":false,"path_per_floor":["M","?","?","$","M","R","E"],"character_chosen":"DEFECT","items_purchased":["Coolheaded","Fission"],"campfire_rested":0,"item_purchase_floors":[4,4],"current_hp_per_floor":[64,53,32,32,32,32,0,0],"gold":76,"neow_bonus":"ONE_RARE_RELIC","is_daily":false,"chose_seed":false,"campfire_upgraded":1,"win_rate":0.0,"timestamp":1612459183,"path_taken":["M","?","?","$","M","R","E"],"items_purchased_type":["Card","Card"],"build_version":"2020-12-22","purchased_purges":1,"victory":false,"max_hp_per_floor":[64,64,64,64,64,64,64,64],"relic_stats":{"counters":[3,11],"Smiling Mask":25,"obtain_stats":[{"Cracked Core":0,"Smiling Mask":3,"FossilizedHelix":0},{"Cracked Core":0,"Smiling Mask":1,"FossilizedHelix":0},{"Cracked Core":0,"Smiling Mask":3,"FossilizedHelix":0}]},"card_choices":[{"not_picked":["Turbo","Streamline"],"picked":"Darkness","floor":1},{"not_picked":["Conserve Battery","Rebound"],"picked":"Undo","floor":3},{"not_picked":["Rebound","ReplayTheSpireMod:System Scan"],"picked":"Static Discharge","floor":5}],"player_experience":992809,"relics_obtained":[{"floor":3,"key":"Smiling Mask"}],"event_choices":[{"damage_healed":0,"gold_gain":75,"player_choice":"Gather Gold","damage_taken":11,"max_hp_gain":0,"max_hp_loss":0,"event_name":"World of Goop","floor":2,"gold_loss":0}],"is_beta":false,"boss_relics":[],"items_purged_floors":[4],"is_endless":false,"potions_floor_spawned":[5],"killed_by":"Gremlin Nob","ascension_level":20}}