{"host":"ji1fk25fd1ga4ji1","time":1612413939,"event":{"mods":["2.2 Compatiblity","BaseMod","Colored Map","DeckTracker","Minty Spire (QoL Compilation)","Permanent Neow","Quick Restart","StSLib","SuperFastMode"],"gold_per_floor":[118,118,8,27,27,27,59,59,84,96,123,136,155,155,155,258,258,248,265,277,277,177,177,210,210,236,236,266,141,141,141,141,238,238,251,267,267,278,278,278,297,315,315,91,91,106,37,47,47,47,47,47,47,82,82],"floor_reached":56,"language":"KOR","playtime":1708,"items_purged":["Strike_G","Parasite","Strike_G","Strike_G"],"score":1292,"play_id":"64692dd0-a13d-411f-8c7d-5bc83fa9f4c6","local_time":"20210204134539","is_ascension_mode":true,"campfire_choices":[{"data":"Noxious Fumes","floor":6,"key":"SMITH"},{"data":"Footwork","floor":8,"key":"SMITH"},{"data":"Acrobatics","floor":15,"key":"SMITH"},{"data":"Bouncing Flask","floor":23,"key":"SMITH"},{"data":"Catalyst","floor":25,"key":"SMITH"},{"data":"Concentrate","floor":27,"key":"SMITH"},{"data":"Venomology","floor":30,"key":"SMITH"},{"floor":32,"key":"RECALL"},{"data":"Neutralize","floor":40,"key":"SMITH"},{"data":"Calculated Gamble","floor":45,"key":"SMITH"},{"data":"Footwork","floor":49,"key":"SMITH"},{"data":"Catalyst","floor":52,"key":"SMITH"}],"circlet_count":0,"master_deck":["Defend_G","Defend_G","Defend_G","Defend_G","Survivor","Neutralize+1","Catalyst+1","Footwork+1","Noxious Fumes+1","Flying Knee","Blur","Acrobatics+1","Concentrate+1","Prepared","Venomology+1","Backflip","Bouncing Flask+1","Writhe","Dodge and Roll+1","PiercingWail","Catalyst+1","Calculated Gamble+1","Tactician+1","Footwork+1","Acrobatics"],"relics":["Ring of the Snake","Tingsha","Regal Pillow","TungstenRod","Cursed Key","Mercury Hourglass","PreservedInsect","Paper Crane","SlaversCollar","Centennial Puzzle"],"acts_visited":["Exordium","TheCity","TheBeyond","TheEnding"],"potions_floor_usage":[18,19,20,24,28,28,33,35,36,38,38,41,42,42,48,50,54,55,55,55],"damage_taken":[{"damage":0,"enemies":"2 Louse","floor":1,"turns":2},{"damage":0,"enemies":"Cultist","floor":4,"turns":4},{"damage":22,"enemies":"3 Sentries","floor":7,"turns":8},{"damage":0,"enemies":"Small Slimes","floor":10,"turns":4},{"damage":2,"enemies":"Lagavulin","floor":11,"turns":9},{"damage":0,"enemies":"Red Slaver","floor":12,"turns":6},{"damage":0,"enemies":"Exordium Thugs","floor":13,"turns":5},{"damage":7,"enemies":"The Guardian","floor":16,"turns":11},{"damage":0,"enemies":"2 Thieves","floor":18,"turns":4},{"damage":0,"enemies":"Chosen","floor":19,"turns":6},{"damage":0,"enemies":"Snecko","floor":20,"turns":6},{"damage":0,"enemies":"Book of Stabbing","floor":24,"turns":5},{"damage":0,"enemies":"Gremlin Leader","floor":28,"turns":5},{"damage":21,"enemies":"Collector","floor":33,"turns":8},{"damage":0,"enemies":"Orb Walker","floor":35,"turns":4},{"damage":0,"enemies":"3 Shapes","floor":36,"turns":4},{"damage":0,"enemies":"3 Darklings","floor":38,"turns":5},{"damage":0,"enemies":"Writhing Mass","floor":41,"turns":5},{"damage":16,"enemies":"Jaw Worm Horde","floor":42,"turns":7},{"damage":2,"enemies":"Maw","floor":46,"turns":5},{"damage":0,"enemies":"Transient","floor":48,"turns":5},{"damage":21,"enemies":"Awakened One","floor":50,"turns":15},{"damage":3,"enemies":"Shield and Spear","floor":54,"turns":8},{"damage":47,"enemies":"The Heart","floor":55,"turns":8}],"seed_played":"-2274423203863028706","potions_obtained":[{"floor":7,"key":"SpeedPotion"},{"floor":11,"key":"SteroidPotion"},{"floor":16,"key":"GamblersBrew"},{"floor":18,"key":"GamblersBrew"},{"floor":24,"key":"Swift Potion"},{"floor":28,"key":"GamblersBrew"},{"floor":38,"key":"LiquidBronze"},{"floor":48,"key":"LiquidBronze"}],"is_trial":false,"path_per_floor":["M","?","$","M","$","R","E","R","T","M","E","M","M","?","R","B",null,"M","M","M","T","$","R","E","R","T","R","E","$","R","T","R","B",null,"M","M","?","M","T","R","M","M","T","$","R","M","$","M","R","B",null,"R","$","E","B",null],"character_chosen":"THE_SILENT","items_purchased":["Noxious Fumes","Calculated Gamble","Footwork"],"campfire_rested":0,"item_purchase_floors":[3,44,47],"current_hp_per_floor":[49,70,70,70,70,70,48,48,48,48,46,46,46,46,46,39,70,70,70,70,70,67,67,67,67,67,67,67,67,67,67,67,46,67,67,67,67,67,67,67,67,51,51,51,51,49,49,49,49,28,67,67,67,64,17],"gold":82,"neow_bonus":"TRANSFORM_TWO_CARDS","is_daily":false,"chose_seed":false,"campfire_upgraded":11,"win_rate":0.0,"timestamp":1612413939,"path_taken":["M","?","$","M","?","R","E","R","T","M","E","M","M","?","R","BOSS","M","M","M","?","$","R","E","R","T","R","E","$","R","?","R","BOSS","M","M","?","?","?","R","?","?","T","?","R","M","$","M","R","BOSS","R","$","E","BOSS"],"items_purchased_type":["Card","Card","Card"],"build_version":"2020-12-22","purchased_purges":4,"victory":true,"max_hp_per_floor":[70,70,70,70,70,70,70,70,70,70,70,70,70,70,70,70,70,70,70,70,70,67,67,67,67,67,67,67,67,67,67,67,67,67,67,67,67,67,67,67,67,67,67,67,67,67,67,67,67,67,67,67,67,67,67],"card_choices":[{"not_picked":["Dagger Throw","Underhanded Strike"],"picked":"Footwork","floor":1},{"not_picked":["Leg Sweep","Accuracy"],"picked":"Flying Knee","floor":4},{"not_picked":["Night Terror","Doppelganger"],"picked":"Blur","floor":7},{"not_picked":["PiercingWail","Outmaneuver"],"picked":"Acrobatics","floor":10},{"not_picked":["Masterful Stab","Cloak And Dagger","Slice"],"picked":"SKIP","floor":11},{"not_picked":["Distraction","Endless Agony"],"picked":"Concentrate","floor":12},{"not_picked":["Backstab","Quick Slash"],"picked":"Prepared","floor":13},{"not_picked":["Die Die Die","Bullet Time"],"picked":"Venomology","floor":16},{"not_picked":["Deflect+1","Acrobatics"],"picked":"Backflip","floor":18},{"not_picked":["Blur","Flechettes+1","Escape Plan"],"picked":"SKIP","floor":19},{"not_picked":["Catalyst","PiercingWail"],"picked":"Bouncing Flask","floor":20},{"not_picked":["Poisoned Stab","Cloak And Dagger","Blade Dance"],"picked":"SKIP","floor":24},{"not_picked":["Noxious Fumes","Doppelganger","Poisoned Stab"],"picked":"SKIP","floor":28},{"not_picked":["Prepared","Endless Agony"],"picked":"Dodge and Roll+1","floor":35},{"not_picked":["Dodge and Roll+1","Quick Slash","Cloak And Dagger"],"picked":"SKIP","floor":36},{"not_picked":["Slice","Cloak And Dagger","PiercingWail"],"picked":"SKIP","floor":38},{"not_picked":["Slice","Cloak And Dagger"],"picked":"PiercingWail","floor":38},{"not_picked":["Blur","Sucker Punch+1"],"picked":"Catalyst","floor":41},{"not_picked":["Tools of the Trade","Slice","Prepared"],"picked":"SKIP","floor":42},{"not_picked":["Bane+1","Dodge and Roll+1"],"picked":"Tactician+1","floor":46},{"not_picked":["Dagger Throw+1","Masterful Stab+1","Prepared+1"],"picked":"SKIP","floor":48},{"not_picked":["Concentrate+1","Distraction+1"],"picked":"Acrobatics","floor":54}],"player_experience":490199,"relics_obtained":[{"floor":7,"key":"Tingsha"},{"floor":9,"key":"Regal Pillow"},{"floor":11,"key":"TungstenRod"},{"floor":24,"key":"Mercury Hourglass"},{"floor":26,"key":"PreservedInsect"},{"floor":28,"key":"Paper Crane"},{"floor":54,"key":"Centennial Puzzle"}],"event_choices":[{"cards_removed":["Caltrops"],"damage_healed":21,"gold_gain":0,"player_choice":"Offered Uncommon","damage_taken":0,"max_hp_gain":0,"max_hp_loss":0,"event_name":"Bonfire Elementals","floor":2,"gold_loss":0},{"cards_removed":["Strike_G"],"damage_healed":0,"gold_gain":0,"player_choice":"Purged","damage_taken":0,"max_hp_gain":0,"max_hp_loss":0,"event_name":"Purifier","floor":14,"gold_loss":0},{"damage_healed":0,"gold_gain":0,"player_choice":"Bought 0 Potions","damage_taken":0,"max_hp_gain":0,"max_hp_loss":0,"event_name":"The Woman in Blue","floor":37,"gold_loss":0}],"is_beta":false,"boss_relics":[{"not_picked":["Runic Pyramid","Pandora\u0027s Box"],"picked":"Cursed Key"},{"not_picked":["Black Star","Philosopher\u0027s Stone"],"picked":"SlaversCollar"}],"items_purged_floors":[3,22,29,44],"is_endless":false,"potions_floor_spawned":[7,11,16,18,24,28,38,48],"ascension_level":1}}