{"host":"osfffw6eu3utmcte","time":1612460951,"event":{"mods":["AchievementEnabler","BaseMod","Downfall","Hermit","Jorbs\u0027s Wanderer Trilogy","Minty Spire (QoL Compilation)","StSLib","The Cursed"],"gold_per_floor":[99,118,134,22,22,33,33,18,31,31,16,16,34,209,219,219,219,219],"floor_reached":16,"language":"ENG","playtime":1082,"items_purged":["bronze:Strike"],"score":97,"play_id":"0ce51157-5f20-47be-a9eb-1b1ff6c42989","local_time":"20210204184911","is_ascension_mode":true,"campfire_choices":[{"data":"bronze:Goto","floor":1,"key":"SMITH"},{"floor":10,"key":"REST"},{"floor":12,"key":"REST"}],"circlet_count":0,"master_deck":["bronze:Strike","bronze:Strike","bronze:Strike","bronze:Defend","bronze:Defend","bronze:Defend","bronze:Defend","bronze:Replicate","bronze:Goto+1","bronze:ChosenStrike","bronze:Invalidate","bronze:CloningBeam","bronze:FineTuning","Regret","bronze:Terminator","Doubt","bronze:Backtrace","bronze:BuggyMess","bronze:Verify","bronze:DelayedSlice","Doubt","bronze:Shield"],"relics":["Cursed Key","Happy Flower","Bird Faced Urn"],"acts_visited":["Exordium"],"potions_floor_usage":[4,9,16],"damage_taken":[{"damage":1,"enemies":"Cultist","floor":2,"turns":3},{"damage":1,"enemies":"Jaw Worm","floor":3,"turns":3},{"damage":5,"enemies":"downfall:FleeingMerchant","floor":4,"turns":4},{"damage":7,"enemies":"2 Louse","floor":6,"turns":2},{"damage":39,"enemies":"downfall:FleeingMerchant","floor":8,"turns":4},{"damage":7,"enemies":"Blue Slaver","floor":9,"turns":2},{"damage":22,"enemies":"downfall:FleeingMerchant","floor":11,"turns":4},{"damage":3,"enemies":"3 Louse","floor":13,"turns":2},{"damage":0,"enemies":"2 Fungi Beasts","floor":15,"turns":1},{"damage":47,"enemies":"IC_STATUS_ARCHETYPE","floor":16,"turns":4}],"seed_played":"-4048675050475428454","potions_obtained":[{"floor":2,"key":"PowerPotion"},{"floor":6,"key":"Explosive Potion"},{"floor":9,"key":"bronze:FreeFunctionsPotion"},{"floor":15,"key":"PowerPotion"}],"is_trial":false,"path_per_floor":["R","M","M","$","?","M","T","$","M","R","$","R","M","?","M","B"],"character_chosen":"THE_AUTOMATON","items_purchased":["bronze:FineTuning"],"campfire_rested":2,"item_purchase_floors":[4],"current_hp_per_floor":[70,69,68,63,63,56,56,17,10,31,9,30,27,27,27,0,0,0],"gold":219,"neow_bonus":"BOSS_RELIC","is_daily":false,"chose_seed":false,"campfire_upgraded":1,"win_rate":0.0,"timestamp":1612460951,"path_taken":["R","M","M","?","?","M","T","$","M","R","$","R","M","?","M","BOSS"],"items_purchased_type":["Card"],"build_version":"2020-12-22","purchased_purges":1,"victory":false,"max_hp_per_floor":[70,70,70,70,70,70,70,70,70,70,70,70,70,70,70,70,70,70],"card_choices":[{"not_picked":["bronze:ForceShield","bronze:Deprecate"],"picked":"bronze:ChosenStrike","floor":2},{"not_picked":["bronze:OilSpill","bronze:Turbo"],"picked":"bronze:Invalidate","floor":3},{"not_picked":["bronze:Turbo","bronze:BugBarrage"],"picked":"bronze:CloningBeam","floor":4},{"not_picked":["bronze:Deprecate","bronze:Invalidate"],"picked":"bronze:Terminator","floor":6},{"not_picked":["bronze:BitShift","bronze:FineTuning"],"picked":"bronze:Backtrace","floor":8},{"not_picked":["bronze:Shield","bronze:WildBeam"],"picked":"bronze:BuggyMess","floor":9},{"not_picked":["bronze:Deprecate","bronze:Shell"],"picked":"bronze:Verify","floor":11},{"not_picked":["bronze:CloningBeam","bronze:CutThrough"],"picked":"bronze:DelayedSlice","floor":13},{"not_picked":["bronze:BitShift","bronze:Invalidate"],"picked":"bronze:Shield","floor":15}],"player_experience":631181,"relics_obtained":[{"floor":7,"key":"Bird Faced Urn"}],"event_choices":[{"damage_healed":0,"gold_gain":0,"player_choice":"Box","damage_taken":0,"relics_obtained":["Happy Flower"],"max_hp_gain":0,"max_hp_loss":0,"event_name":"Big Fish","floor":5,"gold_loss":0,"cards_obtained":["Regret"]}],"is_beta":false,"boss_relics":[],"items_purged_floors":[4],"is_endless":false,"potions_floor_spawned":[2,6,9,15],"killed_by":"IC_STATUS_ARCHETYPE","ascension_level":1}}