{"host":"9rexl4trwadr43zo","time":1612402891,"event":{"mods":["BaseMod","Colored Map","Minty Spire (QoL Compilation)"],"gold_per_floor":[116,116,116,131,142,142,172,192,192,70,70,20,20,20,20,115,115,134,134,233,233,25,25,57,57,132,132,145,157,157,15,15,113,113,127,137,137,137,147,147,159,159,159,209,48,48,65,77,77,77],"floor_reached":51,"language":"ENG","playtime":2436,"items_purged":["Strike_R","Strike_R","Strike_R"],"score":839,"play_id":"92579514-31c7-4524-b4d6-1d9cd4aaeba3","local_time":"20210204014131","is_ascension_mode":true,"campfire_choices":[{"data":"Shrug It Off","floor":6.0,"key":"SMITH"},{"floor":13.0,"key":"REST"},{"data":"Barricade","floor":15.0,"key":"SMITH"},{"data":"Body Slam","floor":23.0,"key":"SMITH"},{"data":"Whirlwind","floor":25.0,"key":"SMITH"},{"data":"Flex","floor":27.0,"key":"SMITH"},{"floor":30.0,"key":"REST"},{"data":"Inflame","floor":32.0,"key":"SMITH"},{"data":"Bloodletting","floor":40.0,"key":"SMITH"},{"floor":42.0,"key":"REST"},{"data":"Inflame","floor":46,"key":"SMITH"},{"floor":49,"key":"REST"}],"circlet_count":0,"master_deck":["Strike_R+1","Defend_R","Defend_R","Defend_R+1","Defend_R","Bash","Shrug It Off+1","Cleave","Shrug It Off","Barricade+1","Heavy Blade","Flex+1","Body Slam+1","Swift Strike","Whirlwind+1","Armaments+1","Inflame+1","Bloodletting+1","Flame Barrier","Body Slam+1","Evolve+1","Inflame+1"],"relics":["Burning Blood","Happy Flower","Peace Pipe","Bottled Tornado","Singing Bowl","Busted Crown","Mercury Hourglass","Letter Opener","Runic Cube","Pantograph","Lizard Tail"],"acts_visited":["Exordium","TheCity","TheBeyond"],"potions_floor_usage":[47,50],"damage_taken":[{"damage":5.0,"enemies":"Jaw Worm","floor":1.0,"turns":5.0},{"damage":2.0,"enemies":"Small Slimes","floor":4.0,"turns":4.0},{"damage":0.0,"enemies":"2 Louse","floor":5.0,"turns":4.0},{"damage":49.0,"enemies":"Lagavulin","floor":7.0,"turns":11.0},{"damage":4.0,"enemies":"Looter","floor":8.0,"turns":4.0},{"damage":18.0,"enemies":"The Guardian","floor":16.0,"turns":21.0},{"damage":20.0,"enemies":"2 Thieves","floor":18.0,"turns":5.0},{"damage":33.0,"enemies":"Gremlin Leader","floor":24.0,"turns":10.0},{"damage":0.0,"enemies":"Chosen","floor":28.0,"turns":3.0},{"damage":14.0,"enemies":"Centurion and Healer","floor":29.0,"turns":2.0},{"damage":38.0,"enemies":"Champ","floor":33.0,"turns":10.0},{"damage":10.0,"enemies":"3 Shapes","floor":35.0,"turns":2.0},{"damage":12.0,"enemies":"Orb Walker","floor":36.0,"turns":3.0},{"damage":19.0,"enemies":"Sphere and 2 Shapes","floor":39.0,"turns":3.0},{"damage":53.0,"enemies":"Transient","floor":41.0,"turns":5.0},{"damage":5.0,"enemies":"Mind Bloom Boss Battle","floor":44.0,"turns":6.0},{"damage":20,"enemies":"4 Shapes","floor":47,"turns":1},{"damage":0,"enemies":"Maw","floor":48,"turns":8},{"damage":76,"enemies":"Awakened One","floor":50,"turns":8}],"seed_played":"7120964163375394454","potions_obtained":[{"floor":1.0,"key":"AttackPotion"},{"floor":16.0,"key":"ColorlessPotion"},{"floor":24.0,"key":"Ancient Potion"},{"floor":28.0,"key":"DuplicationPotion"},{"floor":33.0,"key":"Energy Potion"},{"floor":36.0,"key":"ColorlessPotion"},{"floor":41.0,"key":"Explosive Potion"}],"is_trial":false,"path_per_floor":["M","?","?","M","M","R","E","M","T","$","?","$","R","T","R","B",null,"M","?","?","?","$","R","E","R","T","R","M","M","R","$","R","B",null,"M","M","?","?","M","R","M","R","T","?","$","R","M","M","R","B",null],"character_chosen":"IRONCLAD","items_purchased":["Heavy Blade","Flex","Body Slam","Swift Strike","Inflame","Bloodletting","Inflame"],"campfire_rested":4,"item_purchase_floors":[10,12,22,22,31,31,45],"current_hp_per_floor":[80,73,57,61,67,67,24,26,26,26,26,26,50,50,50,40,72,60,44,44,73,73,73,46,46,46,46,52,46,73,73,73,43,81,77,73,73,73,62,62,17,46,46,72,72,72,60,68,98,33],"gold":77,"neow_bonus":"RANDOM_COMMON_RELIC","is_daily":false,"chose_seed":false,"campfire_upgraded":8,"win_rate":0.0,"timestamp":1612402891,"path_taken":["M","?","?","M","M","R","E","M","T","$","?","$","R","?","R","BOSS","M","?","?","?","$","R","E","R","T","R","?","M","R","$","R","BOSS","M","M","?","?","M","R","?","R","T","?","$","R","M","M","R","BOSS"],"items_purchased_type":["Card","Card","Card","Card","Card","Card","Card"],"build_version":"2020-12-22","purchased_purges":3,"victory":true,"max_hp_per_floor":[80,80,80,80,80,80,80,80,80,80,80,80,80,80,80,82,82,84,89,89,89,89,89,89,89,89,89,89,91,91,91,91,93,93,93,95,95,95,97,97,99,99,99,99,99,99,101,103,103,103],"card_choices":[{"not_picked":["Flame Barrier","True Grit"],"picked":"Shrug It Off","floor":1.0},{"not_picked":["Anger","Perfected Strike","Headbutt"],"picked":"SKIP","floor":4.0},{"not_picked":["Wild Strike","Second Wind"],"picked":"Cleave","floor":5.0},{"not_picked":["Thunderclap","Havoc"],"picked":"Shrug It Off","floor":7.0},{"not_picked":["Entrench","Armaments"],"picked":"Barricade","floor":8.0},{"not_picked":["Feed","Double Tap","Barricade"],"picked":"Singing Bowl","floor":16.0},{"not_picked":["Power Through"],"picked":"Singing Bowl","floor":18.0},{"not_picked":[],"picked":"Whirlwind","floor":24.0},{"not_picked":[],"picked":"Armaments+1","floor":28.0},{"not_picked":["Second Wind"],"picked":"Singing Bowl","floor":29.0},{"not_picked":["Fiend Fire"],"picked":"Singing Bowl","floor":33.0},{"not_picked":[],"picked":"Flame Barrier","floor":35.0},{"not_picked":["Flex+1"],"picked":"Singing Bowl","floor":36.0},{"not_picked":["True Grit"],"picked":"Singing Bowl","floor":39.0},{"not_picked":["Carnage+1"],"picked":"Singing Bowl","floor":41.0},{"not_picked":[],"picked":"Evolve+1","floor":44.0},{"not_picked":["Clothesline+1"],"picked":"Singing Bowl","floor":47},{"not_picked":["Body Slam+1"],"picked":"Singing Bowl","floor":48}],"player_experience":304777,"relics_obtained":[{"floor":7.0,"key":"Peace Pipe"},{"floor":9.0,"key":"Bottled Tornado"},{"floor":14.0,"key":"Singing Bowl"},{"floor":24.0,"key":"Mercury Hourglass"},{"floor":26.0,"key":"Letter Opener"},{"floor":43.0,"key":"Pantograph"},{"floor":44.0,"key":"Lizard Tail"}],"event_choices":[{"cards_removed":["Strike_R"],"damage_healed":0.0,"max_hp_gain":0.0,"max_hp_loss":0.0,"gold_gain":0.0,"event_name":"Golden Wing","player_choice":"Card Removal","floor":2.0,"gold_loss":0.0,"damage_taken":7.0},{"damage_healed":0.0,"max_hp_gain":0.0,"max_hp_loss":0.0,"gold_gain":0.0,"event_name":"Shining Light","player_choice":"Entered Light","floor":3.0,"gold_loss":0.0,"damage_taken":16.0,"cards_upgraded":["Strike_R","Defend_R"]},{"damage_healed":0.0,"max_hp_gain":0.0,"max_hp_loss":0.0,"gold_gain":0.0,"event_name":"Liars Game","player_choice":"Ignored","floor":11.0,"gold_loss":0.0,"damage_taken":0.0},{"damage_healed":0.0,"max_hp_gain":5.0,"max_hp_loss":0.0,"gold_gain":0.0,"event_name":"Forgotten Altar","player_choice":"Shed Blood","floor":19.0,"gold_loss":0.0,"damage_taken":21.0},{"damage_healed":0.0,"max_hp_gain":0.0,"max_hp_loss":0.0,"gold_gain":99.0,"event_name":"Nest","player_choice":"Stole From Cult","floor":20.0,"gold_loss":0.0,"damage_taken":0.0},{"damage_healed":29.0,"max_hp_gain":0.0,"max_hp_loss":0.0,"gold_gain":0.0,"event_name":"The Library","player_choice":"Heal","floor":21.0,"gold_loss":0.0,"damage_taken":0.0},{"damage_healed":0.0,"max_hp_gain":0.0,"max_hp_loss":0.0,"gold_gain":0.0,"event_name":"Mysterious Sphere","player_choice":"Ignored","floor":37.0,"gold_loss":0.0,"damage_taken":0.0},{"damage_healed":0.0,"max_hp_gain":0.0,"max_hp_loss":0.0,"gold_gain":0.0,"event_name":"Duplicator","player_choice":"Copied","floor":38.0,"gold_loss":0.0,"damage_taken":0.0,"cards_obtained":["Body Slam"]},{"damage_healed":0.0,"max_hp_gain":0.0,"max_hp_loss":0.0,"gold_gain":0.0,"event_name":"MindBloom","player_choice":"Fight","floor":44.0,"gold_loss":0.0,"damage_taken":0.0}],"is_beta":false,"boss_relics":[{"not_picked":["Fusion Hammer","SacredBark"],"picked":"Busted Crown"},{"not_picked":["Velvet Choker","Astrolabe"],"picked":"Runic Cube"}],"items_purged_floors":[10,22,45],"is_endless":false,"potions_floor_spawned":[1,16,24,28,33,36,41],"ascension_level":5}}