{"host":"Doisman","time":1612474519,"event":{"mods":["AchievementEnabler","BaseMod","Better Note","Curses Come First","Minty Spire (QoL Compilation)","Permanent Neow","Relic Stats","Replay The Spire","StSLib"],"gold_per_floor":[115,133,308,328,56,56,84,84,111,111,111,111,111,127,127,256,256,276,291,291,291,77,112,137,137,137,158,158,173,173,188,188,309,309,325,325,325,384,409,442,442,442,442,442,494,577,577,90,90,116],"floor_reached":51,"language":"ENG","playtime":2214,"items_purged":["Doubt","Writhe"],"score":858,"play_id":"3e43eed8-55ef-4b01-8137-00e3e75524ef","local_time":"20210204153519","is_ascension_mode":true,"campfire_choices":[{"data":"Neutralize","floor":6,"key":"SMITH"},{"data":"Poisoned Stab","floor":8,"key":"SMITH"},{"data":"Replay:Poison Smokescreen","floor":10,"key":"SMITH"},{"data":"Replay:Poison Smokescreen","floor":12,"key":"SMITH"},{"data":"Dagger Spray","floor":15,"key":"SMITH"},{"data":"Blade Dance","floor":25,"key":"SMITH"},{"data":"Noxious Fumes","floor":28,"key":"SMITH"},{"data":"Blade Dance","floor":32,"key":"SMITH"},{"data":"Replay:Poison Smokescreen","floor":44,"key":"SMITH"},{"data":"Infinite Blades","floor":44,"key":"SMITH"},{"data":"Prepared","floor":47,"key":"SMITH"},{"data":"PiercingWail","floor":47,"key":"SMITH"},{"data":"Crippling Poison","floor":49,"key":"SMITH"},{"data":"Prepared","floor":49,"key":"SMITH"}],"circlet_count":0,"master_deck":["Strike_G","Strike_G","Defend_G","Defend_G","Defend_G","Defend_G","Defend_G","Survivor","Neutralize+1","Poisoned Stab+1","Backflip","Replay:Poison Smokescreen+1","Replay:Poison Smokescreen+1","Backflip","Dagger Spray+1","Corpse Explosion+1","PiercingWail+1","Noxious Fumes+1","Die Die Die","Blade Dance+1","Prepared+1","Replay:Poison Smokescreen+1","Blade Dance+1","Bullet Time","Hidden Blade+1","Cloak And Dagger+1","Blade Dance+1","Infinite Blades+1","ReplayTheSpireMod:Scrap Shanks+1","Crippling Poison+1","Prepared+1","Prepared+1","Escape Plan","Deflect+1","Backstab+1"],"relics":["Replay:Bronze Core","DollysMirror","Pantograph","Orichalcum","Golden Idol","Replay:Drink Me","TwistedFunnel","Snake Skull","Tingsha","Cursed Key","Replay:Arrowhead","Replay:Bandana","Tough Bandages","Replay:Baseball","Orrery"],"acts_visited":["Exordium","TheCity","TheBeyond"],"potions_floor_usage":[16,23,33,38,40,50,50],"damage_taken":[{"damage":0,"enemies":"Small Slimes","floor":1,"turns":4},{"damage":0,"enemies":"2 Louse","floor":2,"turns":3},{"damage":0,"enemies":"Jaw Worm","floor":4,"turns":5},{"damage":15,"enemies":"3 Sentries","floor":7,"turns":10},{"damage":0,"enemies":"2 Fungi Beasts","floor":14,"turns":4},{"damage":32,"enemies":"Slime Boss","floor":16,"turns":11},{"damage":11,"enemies":"3 Byrds","floor":18,"turns":3},{"damage":6,"enemies":"Spheric Guardian","floor":19,"turns":7},{"damage":0,"enemies":"Gremlin Leader","floor":23,"turns":6},{"damage":2,"enemies":"Snake Plant","floor":24,"turns":3},{"damage":1,"enemies":"Chosen and Byrds","floor":27,"turns":5},{"damage":0,"enemies":"Snecko","floor":29,"turns":5},{"damage":2,"enemies":"Centurion and Healer","floor":31,"turns":5},{"damage":31,"enemies":"Collector","floor":33,"turns":8},{"damage":0,"enemies":"Orb Walker","floor":35,"turns":3},{"damage":0,"enemies":"2 Orb Walkers","floor":38,"turns":2},{"damage":0,"enemies":"3 Shapes","floor":39,"turns":4},{"damage":27,"enemies":"Nemesis","floor":40,"turns":6},{"damage":0,"enemies":"Sphere and 2 Shapes","floor":45,"turns":4},{"damage":2,"enemies":"Reptomancer","floor":46,"turns":6},{"damage":8,"enemies":"Donu and Deca","floor":50,"turns":6}],"seed_played":"8814117629688645200","potions_obtained":[{"floor":1,"key":"Milkshake"},{"floor":4,"key":"SpeedPotion"},{"floor":14,"key":"Fire Potion"},{"floor":19,"key":"Explosive Potion"},{"floor":20,"key":"Energy Potion"},{"floor":20,"key":"Weak Potion"},{"floor":29,"key":"Milkshake"},{"floor":35,"key":"PowerPotion"},{"floor":39,"key":"Toxic Potion"},{"floor":45,"key":"SmokeBomb"}],"is_trial":false,"path_per_floor":["M","M","?","M","$","R","E","R","T","R","?","R","?","M","R","B",null,"M","M","?","?","$","E","M","R","T","M","R","M","?","M","R","B",null,"M","?","?","?","M","E","T","?","T","R","M","E","R","$","R","B",null],"character_chosen":"THE_SILENT","items_purchased":["DollysMirror","Backflip","TwistedFunnel","Noxious Fumes","Crippling Poison","Replay:Baseball","Prepared","Orrery"],"campfire_rested":0,"item_purchase_floors":[5,5,22,22,48,48,48,48],"current_hp_per_floor":[70,70,70,70,70,70,55,55,55,55,38,38,61,61,61,38,53,42,36,36,36,36,36,34,34,34,33,33,33,33,31,31,22,53,53,53,53,53,53,26,26,39,39,39,39,37,37,37,37,45],"gold":116,"neow_bonus":"BOSS_RELIC","is_daily":false,"chose_seed":false,"campfire_upgraded":14,"win_rate":0.0,"timestamp":1612474519,"path_taken":["M","M","?","M","$","R","E","R","T","R","?","R","?","M","R","BOSS","M","M","?","?","$","E","M","R","T","?","R","M","?","?","R","BOSS","M","?","?","?","M","E","?","?","T","R","M","E","R","?","R","BOSS"],"items_purchased_type":["Relic","Card","Relic","Card","Card","Relic","Card","Relic"],"build_version":"2020-12-18","purchased_purges":2,"victory":true,"max_hp_per_floor":[70,70,70,70,70,70,70,70,70,70,70,70,70,70,70,70,53,53,53,53,53,53,53,53,53,53,53,53,53,53,53,53,53,53,53,53,53,53,53,53,53,53,53,53,53,53,53,53,53,53],"relic_stats":{"Tough Bandages":[18],"counters":[21,110],"Golden Idol":146,"Pantograph":47,"Tingsha":[63],"Snake Skull":[186],"Orichalcum":[102],"Cursed Key":0,"obtain_stats":[{"TwistedFunnel":22,"Golden Idol":11,"Tingsha":26,"Snake Skull":23,"Orichalcum":9,"Cursed Key":34,"Replay:Arrowhead":38,"Replay:Bandana":40,"Tough Bandages":46,"Replay:Baseball":48,"DollysMirror":5,"Replay:Bronze Core":0,"Pantograph":7,"Orrery":48,"Replay:Drink Me":17,"Ring of the Snake":0},{"TwistedFunnel":8,"Golden Idol":4,"Tingsha":10,"Snake Skull":9,"Orichalcum":4,"Cursed Key":14,"Replay:Arrowhead":16,"Replay:Bandana":18,"Tough Bandages":20,"Replay:Baseball":20,"DollysMirror":3,"Replay:Bronze Core":0,"Pantograph":4,"Orrery":20,"Replay:Drink Me":6,"Ring of the Snake":0},{"TwistedFunnel":47,"Golden Idol":22,"Tingsha":56,"Snake Skull":53,"Orichalcum":22,"Cursed Key":79,"Replay:Arrowhead":84,"Replay:Bandana":94,"Tough Bandages":104,"Replay:Baseball":104,"DollysMirror":12,"Replay:Bronze Core":0,"Pantograph":22,"Orrery":104,"Replay:Drink Me":37,"Ring of the Snake":0}]},"card_choices":[{"not_picked":["Flechettes","Blur"],"picked":"Poisoned Stab","floor":1},{"not_picked":["Sucker Punch","ReplayTheSpireMod:Tripwire"],"picked":"Backflip","floor":2},{"not_picked":["Heel Hook","Underhanded Strike"],"picked":"Replay:Poison Smokescreen","floor":4},{"not_picked":["Sucker Punch","Accuracy"],"picked":"Dagger Spray","floor":7},{"not_picked":["Cloak And Dagger","Bane","Flying Knee"],"picked":"SKIP","floor":14},{"not_picked":["Burst","ReplayTheSpireMod:From All Sides"],"picked":"Corpse Explosion","floor":16},{"not_picked":["ReplayTheSpireMod:Shiv Toss+1","Quick Slash","Flying Knee"],"picked":"SKIP","floor":18},{"not_picked":["Poisoned Stab","Tactician"],"picked":"PiercingWail","floor":19},{"not_picked":["Tools of the Trade","ReplayTheSpireMod:The Works"],"picked":"Die Die Die","floor":23},{"not_picked":["Infinite Blades","Deflect"],"picked":"Blade Dance","floor":24},{"not_picked":["Acrobatics+1","ReplayTheSpireMod:Shiv Toss"],"picked":"Prepared","floor":27},{"not_picked":["Cloak And Dagger","Poisoned Stab"],"picked":"Replay:Poison Smokescreen","floor":29},{"not_picked":["Blur","Acrobatics"],"picked":"Blade Dance","floor":31},{"not_picked":["Phantasmal Killer","Atom Bomb"],"picked":"Bullet Time","floor":33},{"not_picked":["Acrobatics","Slice"],"picked":"Hidden Blade+1","floor":35},{"not_picked":["Distraction+1","Backflip"],"picked":"Cloak And Dagger+1","floor":38},{"not_picked":["Quick Slash","ReplayTheSpireMod:The Works"],"picked":"Blade Dance+1","floor":39},{"not_picked":["Slice","Dagger Throw"],"picked":"Infinite Blades","floor":40},{"not_picked":["Deflect+1","Dagger Throw+1"],"picked":"ReplayTheSpireMod:Scrap Shanks+1","floor":45},{"not_picked":["Grand Finale","Sucker Punch","Blade Dance"],"picked":"SKIP","floor":46},{"not_picked":["Riddle With Holes+1","Sucker Punch"],"picked":"Prepared+1","floor":48},{"not_picked":["ReplayTheSpireMod:Scrap Shanks","Eviscerate+1"],"picked":"Escape Plan","floor":48},{"not_picked":["Poisoned Stab","Acrobatics+1"],"picked":"Deflect+1","floor":48},{"not_picked":["PiercingWail","Eviscerate"],"picked":"Backstab+1","floor":48}],"player_experience":1077311,"relics_obtained":[{"floor":7,"key":"Pantograph"},{"floor":9,"key":"Orichalcum"},{"floor":23,"key":"Snake Skull"},{"floor":26,"key":"Tingsha"},{"floor":38,"key":"Replay:Arrowhead"},{"floor":40,"key":"Replay:Bandana"},{"floor":46,"key":"Tough Bandages"}],"event_choices":[{"damage_healed":0,"gold_gain":175,"player_choice":"AGREE","damage_taken":0,"max_hp_gain":0,"max_hp_loss":0,"event_name":"Liars Game","floor":3,"gold_loss":0,"cards_obtained":["Doubt"]},{"damage_healed":0,"gold_gain":0,"player_choice":"Take Damage","damage_taken":17,"relics_obtained":["Golden Idol"],"max_hp_gain":0,"max_hp_loss":0,"event_name":"Golden Idol","floor":11,"gold_loss":0},{"damage_healed":23,"gold_gain":0,"player_choice":"Banana","damage_taken":0,"max_hp_gain":0,"max_hp_loss":0,"event_name":"Big Fish","floor":13,"gold_loss":0},{"damage_healed":0,"gold_gain":0,"player_choice":"Got Potions","damage_taken":0,"max_hp_gain":0,"max_hp_loss":0,"event_name":"Lab","floor":20,"gold_loss":0},{"damage_healed":0,"gold_gain":0,"player_choice":"Upgraded","damage_taken":0,"max_hp_gain":0,"max_hp_loss":0,"event_name":"Upgrade Shrine","floor":21,"gold_loss":0,"cards_upgraded":["Corpse Explosion"]},{"damage_healed":0,"gold_gain":0,"player_choice":"Bought 0 Potions","damage_taken":0,"max_hp_gain":0,"max_hp_loss":0,"event_name":"The Woman in Blue","floor":30,"gold_loss":0},{"damage_healed":0,"gold_gain":0,"player_choice":"Ignored","damage_taken":0,"max_hp_gain":0,"max_hp_loss":0,"event_name":"Tomb of Lord Red Mask","floor":36,"gold_loss":0},{"damage_healed":0,"gold_gain":0,"player_choice":"Fight","damage_taken":0,"max_hp_gain":0,"max_hp_loss":0,"event_name":"Mysterious Sphere","floor":38,"gold_loss":0},{"damage_healed":13,"gold_gain":0,"player_choice":"Writhe","damage_taken":0,"max_hp_gain":0,"max_hp_loss":0,"event_name":"Winding Halls","floor":42,"gold_loss":0,"cards_obtained":["Writhe"]}],"is_beta":true,"boss_relics":[{"not_picked":["Kintsugi","Replay:Ancient Bell"],"picked":"Replay:Drink Me"},{"not_picked":["ReplayTheSpireMod:DimensionalGlitch","Coffee Dripper"],"picked":"Cursed Key"}],"items_purged_floors":[5,48],"is_endless":false,"potions_floor_spawned":[1,4,14,19,29,35,39,45],"ascension_level":1}}