{"host":"yq2wmfr0u0wuvxc0","time":1612479765,"event":{"mods":["Act Like it!","Aspiration","BaseMod","Colored Powertips","Curses Come First","Defuse TimeMaze Blight","Downfall","Friendly Minions","Gensokyo","Gremlin Mod","Hallownest","Hubris","Infinite Spire","Koishi","Marisa????????","Minty Spire (QoL Compilation)","Pale of the Ancients","Quick Restart","Rare Cards Sparkle","Remilia??????","Shop Mod","Smile Girya","Spicy Shops","StSLib","The Servant 0.9.4","Wide Potions","Youmu??????"],"gold_per_floor":[99,116,134,134,134,146,171,203,216,234,248,264,264,280,299,397,397,397,411,426,426,438,438,464,564,364,395,545,558,197,216,229,325,325,225,243,225,238,238,263,263,277,277,302,302,319,319,339,388,388,388,445,78,78,78,78],"floor_reached":57,"language":"ZHS","playtime":4436,"items_purged":["sneckomod:Strike","sneckomod:Defend","sneckomod:Defend","Injury"],"score":1417,"play_id":"d026bb8c-8ce9-4328-90be-f79011ce46a5","local_time":"20210204150245","is_ascension_mode":false,"campfire_choices":[{"floor":23.0,"key":"RECALL"},{"data":"sneckomod:SnekBite","floor":26.0,"key":"SMITH"},{"data":"expansioncontent:StudyTheSpire","floor":35.0,"key":"SMITH"},{"data":"Pray","floor":43.0,"key":"SMITH"},{"data":"sneckomod:Unknown3Cost","floor":47.0,"key":"SMITH"},{"data":"sneckomod:SoulRoll","floor":54.0,"key":"SMITH"}],"circlet_count":0,"master_deck":["sneckomod:Defend","sneckomod:TailWhip","sneckomod:SnekBite+1","sneckomod:Unknown","sneckomod:Nope","Pray+1","sneckomod:SoulDraw","sneckomod:QuickBite","sneckomod:UnknownClassPURPLE","sneckomod:QuickMove","sneckomod:SerpentIdol","sneckomod:MasterEye+1","sneckomod:SoulRoll+1","sneckomod:Restock","sneckomod:TrashToTreasure+1","sneckomod:UnknownVulnerable","sneckomod:SerpentMind","sneckomod:QuickMove+1","sneckomod:SoulRoll+1","sneckomod:SoulRoll+1","sneckomod:UnknownClassPURPLE","sneckomod:UnknownUncommonPower","sneckomod:UnlimitedRolls","expansioncontent:StudyTheSpire+1","sneckomod:Unknown3Cost+1","sneckomod:UnknownDraw","sneckomod:QuickBite+1","sneckomod:QuickBite+1","sneckomod:SoulDraw+1","sneckomod:SoulDraw","sneckomod:SnakeSap","sneckomod:UnknownClassPURPLE+1"],"relics":["sneckomod:SneckoSoul","aspiration:ArtOfWarUpgrade","aspiration:PoetsPen","Pocketwatch","hubris:PeanutButter","downfall:HeartBlessingRed","downfall:HeartBlessingBlue","sneckomod:SneckoCommon","Snecko Eye","downfall:HeartBlessingGreen","OrangePellets","Slimebound:StickyStick","aspiration:TomeofQuesting","Bottled Tornado","hubris:MobiusCoin","War Paint"],"acts_visited":["Exordium","TheCity","Hallownest:KingdomsEdge","TheEnding"],"potions_floor_usage":[56,56],"damage_taken":[{"damage":0.0,"enemies":"Cultist","floor":2.0,"turns":3.0},{"damage":0.0,"enemies":"Small Slimes","floor":3.0,"turns":3.0},{"damage":2.0,"enemies":"Jaw Worm","floor":6.0,"turns":4.0},{"damage":27.0,"enemies":"Gremlin Nob","floor":8.0,"turns":5.0},{"damage":16.0,"enemies":"3 Louse","floor":9.0,"turns":3.0},{"damage":7.0,"enemies":"Exordium Thugs","floor":10.0,"turns":4.0},{"damage":0.0,"enemies":"Large Slime","floor":11.0,"turns":3.0},{"damage":8.0,"enemies":"Gremlin Gang","floor":12.0,"turns":4.0},{"damage":0.0,"enemies":"Blue Slaver","floor":14.0,"turns":4.0},{"damage":0.0,"enemies":"Gremlin Gang","floor":15.0,"turns":3.0},{"damage":19.0,"enemies":"DF_ARCHETYPE_STREAMLINE","floor":16.0,"turns":6.0},{"damage":21.0,"enemies":"Spheric Guardian","floor":19.0,"turns":4.0},{"damage":20.0,"enemies":"3 Byrds","floor":20.0,"turns":7.0},{"damage":7.0,"enemies":"Cultist and Chosen","floor":22.0,"turns":3.0},{"damage":0.0,"enemies":"WA_ARCHETYPE_RETAIN","floor":25.0,"turns":2.0},{"damage":0.0,"enemies":"Slavers","floor":27.0,"turns":1.0},{"damage":0.0,"enemies":"Snecko","floor":29.0,"turns":2.0},{"damage":0.0,"enemies":"downfall:FleeingMerchant","floor":30.0,"turns":4.0},{"damage":0.0,"enemies":"Shelled Parasite and Fungi","floor":31.0,"turns":2.0},{"damage":0.0,"enemies":"Cultist and Chosen","floor":32.0,"turns":3.0},{"damage":10.0,"enemies":"SI_MIRROR_ARCHETYPE","floor":33.0,"turns":4.0},{"damage":24.0,"enemies":"Hallownest:2_Littles","floor":36.0,"turns":3.0},{"damage":0.0,"enemies":"downfall:FleeingMerchant","floor":37.0,"turns":2.0},{"damage":0.0,"enemies":"Hallownest:Shield_Heavy","floor":38.0,"turns":2.0},{"damage":0.0,"enemies":"Nightmare","floor":40.0,"turns":1.0},{"damage":0.0,"enemies":"Hallownest:2_Wing_and_1_Kings","floor":42.0,"turns":2.0},{"damage":0.0,"enemies":"Hallownest:eliteCollector","floor":44.0,"turns":2.0},{"damage":0.0,"enemies":"Hallownest:2_Great","floor":46.0,"turns":1.0},{"damage":1.0,"enemies":"Hallownest:Slobbering_and_Violent","floor":48.0,"turns":4.0},{"damage":0.0,"enemies":"Hallownest:Xero_Hu_Marmu","floor":49.0,"turns":1.0},{"damage":0.0,"enemies":"IC_BLOCK_ARCHETYPE","floor":50.0,"turns":3.0},{"damage":5.0,"enemies":"downfall:CharBossMerchant","floor":52.0,"turns":4.0},{"damage":0.0,"enemies":"downfall:NeowBoss","floor":55.0,"turns":4.0},{"damage":0,"enemies":"downfall:NeowBossFinal","floor":56,"turns":4}],"seed_played":"4651200864453895229","potions_obtained":[{"floor":6.0,"key":"Block Potion"},{"floor":8.0,"key":"SpeedPotion"},{"floor":9.0,"key":"ColorlessPotion"},{"floor":12.0,"key":"sneckomod:DiceRollPotion"},{"floor":16.0,"key":"Swift Potion"},{"floor":22.0,"key":"Slimebound:ThreeZeroPotion"},{"floor":27.0,"key":"Guardian:BlockOnCardUsePotion"},{"floor":31.0,"key":"PowerPotion"},{"floor":32.0,"key":"Energy Potion"},{"floor":33.0,"key":"Guardian:BlockOnCardUsePotion"},{"floor":36.0,"key":"GamblersBrew"},{"floor":42.0,"key":"Explosive Potion"},{"floor":46.0,"key":"SteroidPotion"},{"floor":48.0,"key":"LiquidMemories"},{"floor":52.0,"key":"Guardian:BlockOnCardUsePotion"}],"is_trial":false,"path_per_floor":["R","M","M","?","?","M","T","E","M","M","M","M","R","M","M","B",null,"R","M","M","?","M","R","T","?","R","E","?","M","$","M","M","B",null,"R","M","$","M","?","NM","T","M","R","E","?","M","R","M","M","B",null,"E","$","R","B","B",null],"character_chosen":"THE_SNECKO","items_purchased":["expansioncontent:StudyTheSpire","OrangePellets","Slimebound:StickyStick","War Paint","GamblersBrew"],"campfire_rested":0,"item_purchase_floors":[30,37,37,53,53],"current_hp_per_floor":[90,90,90,90,90,88,88,61,45,42,42,34,34,34,34,15,90,90,69,49,49,42,42,42,42,52,52,52,52,52,52,52,42,100,100,83,83,83,83,83,83,83,83,83,93,93,93,92,92,92,100,95,95,95,95,95],"gold":78,"neow_bonus":"TRANSFORM_CARD","is_daily":false,"chose_seed":false,"campfire_upgraded":5,"win_rate":0.0,"timestamp":1612479765,"path_taken":["R","M","?","?","?","M","T","E","M","M","?","M","R","M","M","BOSS","R","M","M","?","M","R","T","?","R","E","?","M","$","?","M","BOSS","R","M","$","M","?","NM","T","M","R","E","?","?","R","M","M","BOSS","E","$","R","BOSS","BOSS"],"items_purchased_type":["Card","Relic","Relic","Relic","Potion"],"build_version":"2020-12-22","purchased_purges":4,"victory":true,"max_hp_per_floor":[90,90,90,90,90,90,90,90,90,90,90,90,90,90,90,90,90,90,90,90,90,90,90,90,90,100,100,100,100,100,100,100,100,100,100,100,100,100,100,100,100,100,100,100,100,100,100,100,100,100,100,100,100,100,100,100],"card_choices":[{"not_picked":["sneckomod:UnknownX","sneckomod:DiceBoulder"],"picked":"sneckomod:SoulDraw","floor":2.0},{"not_picked":["sneckomod:UnknownCommonSkill","sneckomod:DiceCrush"],"picked":"sneckomod:QuickBite","floor":3.0},{"not_picked":["sneckomod:UnknownWeak","sneckomod:DiceBlock"],"picked":"sneckomod:UnknownClassPURPLE","floor":6.0},{"not_picked":["sneckomod:Unknown1Cost","sneckomod:Unknown2Cost"],"picked":"sneckomod:QuickMove","floor":8.0},{"not_picked":["sneckomod:UnknownCommonSkill","sneckomod:RainOfDice"],"picked":"sneckomod:SerpentIdol","floor":9.0},{"not_picked":["sneckomod:UnknownUncommonPower","sneckomod:SerpentMind"],"picked":"sneckomod:MasterEye","floor":10.0},{"not_picked":["sneckomod:MasterEye","sneckomod:RainOfDice"],"picked":"sneckomod:SoulRoll","floor":11.0},{"not_picked":["sneckomod:QuickBite","sneckomod:DiceBlock"],"picked":"sneckomod:Restock","floor":12.0},{"not_picked":["sneckomod:UnknownCommonSkill","sneckomod:DiceCrush"],"picked":"sneckomod:TrashToTreasure","floor":14.0},{"not_picked":["sneckomod:MasterEye","sneckomod:UnknownClassSLIMEBOUND"],"picked":"sneckomod:UnknownVulnerable","floor":15.0},{"not_picked":["sneckomod:Unknown3Cost","sneckomod:DangerNoodle"],"picked":"sneckomod:SerpentMind","floor":16.0},{"not_picked":["sneckomod:DiceCrush","sneckomod:Nope+1"],"picked":"sneckomod:QuickMove+1","floor":19.0},{"not_picked":["sneckomod:QuickMove","sneckomod:UnknownCommonAttack"],"picked":"sneckomod:SoulRoll+1","floor":20.0},{"not_picked":["sneckomod:UnknownClassRED","sneckomod:SoulDraw","sneckomod:DiceBoulder"],"picked":"SKIP","floor":22.0},{"not_picked":["sneckomod:IronFang","sneckomod:QuickBite"],"picked":"sneckomod:SoulRoll+1","floor":27.0},{"not_picked":["sneckomod:QuickMove","sneckomod:UnknownDraw+1"],"picked":"sneckomod:UnknownUncommonPower","floor":29.0},{"not_picked":["sneckomod:UnknownCommonSkill","sneckomod:RainOfDice"],"picked":"sneckomod:UnlimitedRolls","floor":30.0},{"not_picked":["sneckomod:UnknownCommonSkill","sneckomod:UnknownDraw","sneckomod:QuickMove"],"picked":"SKIP","floor":31.0},{"not_picked":["sneckomod:QuickMove","sneckomod:UnknownCommonAttack+1","sneckomod:UnknownVulnerable"],"picked":"SKIP","floor":32.0},{"not_picked":["sneckomod:MorePower","sneckomod:UnknownRareAttack"],"picked":"sneckomod:Unknown3Cost","floor":33.0},{"not_picked":["sneckomod:QuickMove","sneckomod:UnknownClassRED","sneckomod:TrashToTreasure"],"picked":"SKIP","floor":36.0},{"not_picked":["sneckomod:UnknownStrike","sneckomod:SoulRoll+1"],"picked":"sneckomod:UnknownDraw","floor":37.0},{"not_picked":["sneckomod:UnknownStrike","sneckomod:SlitherStrike+1"],"picked":"sneckomod:QuickBite+1","floor":38.0},{"not_picked":["sneckomod:RainOfDice+1","sneckomod:UnknownClassRED+1"],"picked":"sneckomod:QuickBite+1","floor":40.0},{"not_picked":["sneckomod:UnknownDraw+1","sneckomod:UnknownClassRED+1"],"picked":"sneckomod:SoulDraw","floor":42.0},{"not_picked":["sneckomod:IronFang+1","sneckomod:DefensiveFlair"],"picked":"sneckomod:SoulDraw","floor":44.0},{"not_picked":["sneckomod:Unknown0Cost","sneckomod:Unknown2Cost","sneckomod:IronFang+1"],"picked":"SKIP","floor":46.0},{"not_picked":["sneckomod:MasterEye","sneckomod:UnknownBlock"],"picked":"sneckomod:SnakeSap","floor":48.0},{"not_picked":["sneckomod:SerpentMind","sneckomod:UnknownClassRED+1"],"picked":"sneckomod:UnknownClassPURPLE+1","floor":49.0},{"not_picked":["sneckomod:WideSting+1","sneckomod:UnknownDraw","sneckomod:DiceBoulder"],"picked":"SKIP","floor":52.0}],"player_experience":330126,"relics_obtained":[{"floor":7.0,"key":"Art of War"},{"floor":8.0,"key":"hexamod:BolsterEngine"},{"floor":25.0,"key":"Pocketwatch"},{"floor":25.0,"key":"hubris:PeanutButter"},{"floor":27.0,"key":"sneckomod:SneckoCommon"},{"floor":40.0,"key":"aspiration:TomeofQuesting"},{"floor":41.0,"key":"Bottled Tornado"},{"floor":52.0,"key":"hubris:MobiusCoin"}],"event_choices":[{"cards_removed":["sneckomod:Strike"],"damage_healed":0.0,"max_hp_gain":0.0,"max_hp_loss":0.0,"gold_gain":0.0,"event_name":"Bonfire Elementals","player_choice":"Offered Basic","floor":5.0,"gold_loss":0.0,"damage_taken":0.0}],"is_beta":false,"boss_relics":[{"not_picked":["aspiration:FutureDiary","aspiration:RitualDagger"],"picked":"aspiration:PoetsPen"},{"not_picked":["aspiration:WatcherSkillbook","hubris:TerracottaHorce"],"picked":"Snecko Eye"}],"items_purged_floors":[30,30,37,53],"is_endless":false,"potions_floor_spawned":[6,8,9,12,16,22,27,31,32,33,36,42,46,48,52],"ascension_level":0}}