{"host":"5p9hybygolzp0efr","time":1612418464,"event":{"mods":["AchievementEnabler","BaseMod","Bestiary","Colored Map","Minty Spire (QoL Compilation)","Permanent Neow","Relic Stats"],"gold_per_floor":[20,31,31,50,61,94,94,105,105,105,105],"floor_reached":10,"language":"ENG","playtime":605,"items_purged":[],"score":105,"play_id":"2b79e71f-133f-4d8e-8233-2db15ad673ba","local_time":"20210204140104","is_ascension_mode":true,"campfire_choices":[{"floor":7.0,"key":"REST"}],"circlet_count":0,"master_deck":["AscendersBane","Strike_P","Strike_P","Defend_P","Defend_P","Defend_P","Eruption","Vigilance","ForeignInfluence","SpiritShield","FlurryOfBlows","ThirdEye","CutThroughFate","BowlingBash","Devotion","FearNoEvil"],"relics":["PureWater","Ancient Tea Set","Bronze Scales"],"acts_visited":["Exordium"],"potions_floor_usage":[10],"damage_taken":[{"damage":2.0,"enemies":"2 Louse","floor":1.0,"turns":2.0},{"damage":0.0,"enemies":"Jaw Worm","floor":2.0,"turns":1.0},{"damage":0.0,"enemies":"Small Slimes","floor":4.0,"turns":1.0},{"damage":18.0,"enemies":"Exordium Thugs","floor":5.0,"turns":4.0},{"damage":32.0,"enemies":"3 Sentries","floor":6.0,"turns":10.0},{"damage":5.0,"enemies":"Exordium Wildlife","floor":8.0,"turns":4.0},{"damage":30,"enemies":"Gremlin Nob","floor":10,"turns":2}],"seed_played":"3116759066601828455","potions_obtained":[{"floor":4.0,"key":"LiquidBronze"},{"floor":5.0,"key":"ColorlessPotion"},{"floor":6.0,"key":"Strength Potion"}],"is_trial":false,"path_per_floor":["M","M","?","M","M","E","R","M","T","E"],"character_chosen":"WATCHER","items_purchased":[],"campfire_rested":1,"item_purchase_floors":[],"current_hp_per_floor":[63,63,63,63,45,13,34,29,29,0,0],"gold":105,"neow_bonus":"TRANSFORM_TWO_CARDS","is_daily":false,"chose_seed":false,"campfire_upgraded":0,"win_rate":0.0,"timestamp":1612418464,"path_taken":["M","M","?","M","M","E","R","M","T","E"],"items_purchased_type":[],"build_version":"2020-12-22","purchased_purges":0,"victory":false,"max_hp_per_floor":[72,72,72,72,72,72,72,72,72,72,72],"relic_stats":{"counters":[7,24],"Bronze Scales":[0],"obtain_stats":[{"Bronze Scales":9,"PureWater":0,"Ancient Tea Set":6},{"Bronze Scales":6,"PureWater":0,"Ancient Tea Set":5},{"Bronze Scales":22,"PureWater":0,"Ancient Tea Set":18}]},"card_choices":[{"not_picked":["Evaluate","Swivel"],"picked":"FlurryOfBlows","floor":1.0},{"not_picked":["Sanctity","EmptyBody"],"picked":"ThirdEye","floor":2.0},{"not_picked":["FlyingSleeves","Halt"],"picked":"BowlingBash","floor":4.0},{"not_picked":["Conclude","LikeWater"],"picked":"Devotion","floor":5.0},{"not_picked":["Blasphemy","Wireheading"],"picked":"FearNoEvil","floor":6.0},{"not_picked":["Sanctity","FollowUp","SashWhip"],"picked":"SKIP","floor":8.0}],"player_experience":589290,"relics_obtained":[{"floor":6.0,"key":"Ancient Tea Set"},{"floor":9.0,"key":"Bronze Scales"}],"event_choices":[{"damage_healed":0.0,"max_hp_gain":0.0,"max_hp_loss":0.0,"gold_gain":0.0,"cards_transformed":["Strike_P"],"event_name":"Living Wall","player_choice":"Change","floor":3.0,"gold_loss":0.0,"damage_taken":0.0,"cards_obtained":["CutThroughFate"]}],"is_beta":false,"boss_relics":[],"items_purged_floors":[],"is_endless":false,"potions_floor_spawned":[4,5,6],"killed_by":"Gremlin Nob","ascension_level":10}}