{"host":"neeznpvpgo0qgfkd","time":1612432478,"event":{"mods":["AchievementEnabler","BaseMod","BetterRewards","Colored Map","Colored Powertips","Exacting","Minty Spire (QoL Compilation)","Permanent Neow","Quick Restart","Shop Mod"],"gold_per_floor":[116,142,142,142,142,176,200,200,227,288,313,357,382,423,423,554,554,578,599,599,637,656,656,656],"floor_reached":23,"language":"ENG","playtime":1084,"items_purged":[],"score":542,"play_id":"25e0c0f3-25ad-4aec-b44d-46a208216f33","local_time":"20210204045438","is_ascension_mode":true,"campfire_choices":[{"floor":8.0,"key":"REST"},{"data":"Apotheosis","floor":15,"key":"SMITH"}],"circlet_count":0,"master_deck":["Strike_G","Strike_G","Strike_G","Strike_G","Strike_G","Defend_G","Defend_G","Defend_G","Defend_G","Defend_G","Survivor","Neutralize","Apotheosis+1","Accuracy","Envenom","Dodge and Roll","Dagger Spray","Quick Slash","Flying Knee","Regret","Injury","Pain","Infinite Blades","Poisoned Stab","Flying Knee","Slice","Terror","Envenom","Blade Dance","Infinite Blades","Infinite Blades","Terror","Necronomicurse","Slice","Caltrops+1","Noxious Fumes","Cloak And Dagger+1"],"relics":["Ring of the Serpent","Prayer Wheel","Matryoshka","Incense Burner","Ornamental Fan","FossilizedHelix","Bag of Marbles","Golden Idol","WarpedTongs","Pocketwatch","Anchor","Ancient Tea Set","Meat on the Bone","Bottled Flame","Bottled Lightning","Necronomicon"],"acts_visited":["Exordium","TheCity"],"potions_floor_usage":[13,14,14,14,23,23,23,23],"damage_taken":[{"damage":0.0,"enemies":"Jaw Worm","floor":1.0,"turns":4.0},{"damage":0.0,"enemies":"2 Louse","floor":2.0,"turns":3.0},{"damage":39.0,"enemies":"Lagavulin","floor":6.0,"turns":5.0},{"damage":0.0,"enemies":"Cultist","floor":7.0,"turns":2.0},{"damage":24.0,"enemies":"3 Sentries","floor":10.0,"turns":4.0},{"damage":12.0,"enemies":"Large Slime","floor":11.0,"turns":5.0},{"damage":9.0,"enemies":"Gremlin Nob","floor":12.0,"turns":4.0},{"damage":0,"enemies":"Exordium Thugs","floor":13,"turns":1},{"damage":2,"enemies":"Lagavulin","floor":14,"turns":5},{"damage":3,"enemies":"The Guardian","floor":16,"turns":6},{"damage":20,"enemies":"2 Thieves","floor":18,"turns":2},{"damage":8,"enemies":"Shell Parasite","floor":19,"turns":3},{"damage":4,"enemies":"Chosen and Byrds","floor":21,"turns":6},{"damage":2,"enemies":"Cultist and Chosen","floor":22,"turns":4},{"damage":49,"enemies":"Slavers","floor":23,"turns":4}],"seed_played":"6599126159602614461","potions_obtained":[{"floor":2.0,"key":"SkillPotion"},{"floor":7.0,"key":"SteroidPotion"},{"floor":11.0,"key":"Block Potion"},{"floor":12.0,"key":"Weak Potion"},{"floor":13,"key":"DistilledChaos"},{"floor":18,"key":"EntropicBrew"}],"is_trial":false,"path_per_floor":["M","M","?","?","?","E","M","R","T","E","M","E","M","E","R","B",null,"M","M","?","M","M","E"],"character_chosen":"THE_SILENT","items_purchased":["Apotheosis","Matryoshka","Accuracy","Ornamental Fan","Envenom","Dodge and Roll"],"campfire_rested":1,"item_purchase_floors":[0,0,0,0,0,0],"current_hp_per_floor":[63,63,63,63,63,24,24,45,45,21,21,24,36,46,46,43,63,43,47,31,39,37,0,0],"gold":656,"neow_bonus":"","is_daily":false,"chose_seed":false,"campfire_upgraded":1,"win_rate":0.0,"timestamp":1612432478,"path_taken":["M","M","?","?","?","E","?","R","T","E","M","E","M","E","R","BOSS","M","M","?","M","M","E"],"items_purchased_type":["Card","Relic","Card","Relic","Card","Card"],"build_version":"2020-12-22","purchased_purges":0,"victory":false,"max_hp_per_floor":[70,70,70,70,70,70,70,70,70,70,70,70,70,70,70,70,70,70,70,70,70,70,70,70],"card_choices":[{"not_picked":["Slice","Escape Plan"],"picked":"Dagger Spray","floor":1.0},{"not_picked":["Night Terror","Catalyst"],"picked":"Quick Slash","floor":1.0},{"not_picked":["Prepared","All Out Attack"],"picked":"Flying Knee","floor":2.0},{"not_picked":["Prepared","Dagger Throw","Quick Slash"],"picked":"SKIP","floor":2.0},{"not_picked":["Footwork","Catalyst"],"picked":"Infinite Blades","floor":6.0},{"not_picked":["Acrobatics","Deadly Poison"],"picked":"Poisoned Stab","floor":7.0},{"not_picked":["Outmaneuver","Prepared"],"picked":"Flying Knee","floor":7.0},{"not_picked":["Deflect","Calculated Gamble","Underhanded Strike"],"picked":"SKIP","floor":10.0},{"not_picked":["Quick Slash","Blur"],"picked":"Slice","floor":11.0},{"not_picked":["Deadly Poison","Malaise","Cloak And Dagger"],"picked":"SKIP","floor":11.0},{"not_picked":["Concentrate","Eviscerate","All Out Attack"],"picked":"SKIP","floor":12.0},{"not_picked":["Deadly Poison","Distraction"],"picked":"Terror","floor":13},{"not_picked":["Calculated Gamble","Outmaneuver","Well Laid Plans"],"picked":"SKIP","floor":13},{"not_picked":["Doppelganger","Tactician","Prepared"],"picked":"SKIP","floor":14},{"not_picked":["Grand Finale","Storm of Steel"],"picked":"Envenom","floor":16},{"not_picked":["Leg Sweep+1","Expertise"],"picked":"Blade Dance","floor":18},{"not_picked":["Riddle With Holes","Bouncing Flask"],"picked":"Infinite Blades","floor":18},{"not_picked":["Prepared","Bane+1"],"picked":"Infinite Blades","floor":19},{"not_picked":["Slice","Dodge and Roll"],"picked":"Terror","floor":19},{"not_picked":["Backflip+1","Leg Sweep"],"picked":"Slice","floor":21},{"not_picked":["Distraction","Concentrate+1"],"picked":"Caltrops+1","floor":21},{"not_picked":["Skewer","PiercingWail+1"],"picked":"Noxious Fumes","floor":22},{"not_picked":["Backflip+1","Cloak And Dagger+1","Blade Dance"],"picked":"SKIP","floor":22},{"not_picked":["Backflip+1","Blade Dance"],"picked":"Cloak And Dagger+1","floor":22}],"player_experience":1304315,"relics_obtained":[{"floor":6.0,"key":"Pocketwatch"},{"floor":9.0,"key":"Anchor"},{"floor":9.0,"key":"Ancient Tea Set"},{"floor":10.0,"key":"Meat on the Bone"},{"floor":12.0,"key":"Bottled Flame"},{"floor":14,"key":"Bottled Lightning"},{"floor":20,"key":"Necronomicon"}],"event_choices":[{"damage_healed":0.0,"max_hp_gain":0.0,"max_hp_loss":0.0,"gold_gain":0.0,"event_name":"Big Fish","player_choice":"Box","floor":3.0,"gold_loss":0.0,"damage_taken":0.0,"relics_obtained":["Bag of Marbles"],"cards_obtained":["Regret"]},{"damage_healed":0.0,"max_hp_gain":0.0,"max_hp_loss":0.0,"gold_gain":0.0,"event_name":"Golden Idol","player_choice":"Take Wound","floor":4.0,"gold_loss":0.0,"damage_taken":0.0,"relics_obtained":["Golden Idol"],"cards_obtained":["Injury"]},{"damage_healed":0.0,"max_hp_gain":0.0,"max_hp_loss":0.0,"gold_gain":0.0,"event_name":"Accursed Blacksmith","player_choice":"Rummage","floor":5.0,"gold_loss":0.0,"damage_taken":0.0,"relics_obtained":["WarpedTongs"],"cards_obtained":["Pain"]},{"damage_healed":0,"gold_gain":0,"player_choice":"Obtained Book","damage_taken":16,"max_hp_gain":0,"max_hp_loss":0,"event_name":"Cursed Tome","floor":20,"gold_loss":0}],"is_beta":false,"boss_relics":[{"not_picked":["Ectoplasm","HoveringKite"],"picked":"Ring of the Serpent"}],"items_purged_floors":[],"is_endless":false,"potions_floor_spawned":[2,7,11,12,13,18],"killed_by":"Slavers","ascension_level":6}}