{"host":"q6r63elxu27obe7v","time":1612425063,"event":{"mods":["2.2 Compatiblity","AchievementEnabler","BaseMod","CapriCore","Colored Map","DeckTracker","KOR Keyword Fix","Keyboard Shortcuts","Marisa£¨Ùöéë¡¡Øª×âÞÞ£©","Minty Spire (QoL Compilation)","Permanent Neow","Quick Restart","Replay The Spire","StSLib","SuperFastMode","everything is the same but u backflip on backflip","¡¼?Úª?ø«¡½REMEMod"],"gold_per_floor":[118,118,129,129,148,148,73,83,83,53,70,86,36,73,73,175,175,210,210,17,17,53,63,114,134,159,159,177,177,177,177],"floor_reached":30,"language":"KOR","playtime":1008,"items_purged":["Strike_P"],"score":244,"play_id":"58f4709f-1c27-4591-8bca-27565b58fd44","local_time":"20210204165103","is_ascension_mode":false,"campfire_choices":[{"data":"Eruption","floor":6.0,"key":"SMITH"},{"data":"REME_Repentance","floor":15.0,"key":"SMITH"},{"floor":27,"key":"RECALL"},{"data":"WaveOfTheHand","floor":29,"key":"SMITH"}],"circlet_count":0,"master_deck":["Strike_P+1","Strike_P+1","Defend_P+1","Defend_P+1","Defend_P+1","Defend_P+1","Eruption+1","Vigilance","REME_Repentance+1","Perseverance","EmptyBody","Wish","REME_Repentance+1","Consecrate","REME_Repentance","LessonLearned","WaveOfTheHand+1","JustLucky","ThirdEye+1","Protect+1"],"relics":["PureWater","REME_ComplimentaryCards","Quantum Egg","Vajra","Coffee Dripper","ReplayTheSpireMod:Lightbulb","Smiling Mask"],"acts_visited":["Exordium","TheCity"],"potions_floor_usage":[24,24,24,24,28,30],"damage_taken":[{"damage":0.0,"enemies":"Cultist","floor":1.0,"turns":2.0},{"damage":3.0,"enemies":"Small Slimes","floor":3.0,"turns":5.0},{"damage":0.0,"enemies":"Jaw Worm","floor":5.0,"turns":2.0},{"damage":0.0,"enemies":"2 Fungi Beasts","floor":8.0,"turns":5.0},{"damage":0.0,"enemies":"Looter","floor":10.0,"turns":4.0},{"damage":9.0,"enemies":"Blue Slaver","floor":11.0,"turns":3.0},{"damage":10.0,"enemies":"Large Slime","floor":12.0,"turns":5.0},{"damage":2.0,"enemies":"Looter","floor":14.0,"turns":4.0},{"damage":24.0,"enemies":"The Guardian","floor":16.0,"turns":12.0},{"damage":33.0,"enemies":"2 Thieves","floor":18.0,"turns":4.0},{"damage":2,"enemies":"Chosen","floor":22,"turns":5},{"damage":27,"enemies":"Snake Plant","floor":23,"turns":6},{"damage":33,"enemies":"Slavers","floor":24,"turns":6},{"damage":2,"enemies":"Shelled Parasite and Fungi","floor":25,"turns":10},{"damage":5,"enemies":"Centurion and Healer","floor":28,"turns":8},{"damage":10,"enemies":"Colosseum Slavers","floor":30,"turns":4}],"seed_played":"-3262257740563460977","potions_obtained":[{"floor":5.0,"key":"StancePotion"},{"floor":8.0,"key":"Strength Potion"},{"floor":11.0,"key":"BlessingOfTheForge"},{"floor":14.0,"key":"EntropicBrew"},{"floor":18.0,"key":"Dexterity Potion"},{"floor":28,"key":"Fire Potion"}],"is_trial":false,"path_per_floor":["M","?","M","?","M","R","$","M","T","M","M","M","?","M","R","B",null,"M","?","$","?","M","M","E","M","T","R","M","R","?"],"character_chosen":"WATCHER","items_purchased":["ReplayTheSpireMod:Lightbulb"],"campfire_rested":0,"item_purchase_floors":[20],"current_hp_per_floor":[72,69,66,66,66,66,66,66,66,66,57,47,47,45,45,21,72,39,39,39,63,61,34,16,14,14,14,9,9,0,0],"gold":177,"neow_bonus":"THREE_CARDS","is_daily":false,"chose_seed":false,"campfire_upgraded":3,"win_rate":0.0,"timestamp":1612425063,"path_taken":["M","?","M","?","M","R","$","M","T","?","M","M","?","M","R","BOSS","M","?","$","?","M","M","E","M","T","R","M","R","?"],"items_purchased_type":["Relic"],"build_version":"2020-12-22","purchased_purges":1,"victory":false,"max_hp_per_floor":[72,72,72,72,72,72,72,72,72,72,72,72,72,72,72,72,72,72,72,72,72,72,72,72,72,72,72,72,72,72,72],"card_choices":[{"not_picked":["FlyingSleeves","FollowUp"],"picked":"REME_Repentance","floor":0.0},{"not_picked":["JustLucky","BowlingBash"],"picked":"Perseverance","floor":1.0},{"not_picked":["Worship","Replay:Hum"],"picked":"EmptyBody","floor":3.0},{"not_picked":["Replay:BluntJabs","Crescendo"],"picked":"Wish","floor":5.0},{"not_picked":["EmptyBody","Replay:ManipulateFuture"],"picked":"REME_Repentance","floor":8.0},{"not_picked":["CrushJoints","WreathOfFlame","ClearTheMind"],"picked":"SKIP","floor":10.0},{"not_picked":["Replay:BluntJabs","Crescendo"],"picked":"Consecrate","floor":11.0},{"not_picked":["Wallop","WreathOfFlame"],"picked":"REME_Repentance","floor":12.0},{"not_picked":["BowlingBash","ClearTheMind"],"picked":"LessonLearned","floor":14.0},{"not_picked":["EmptyMind","BowlingBash","ReachHeaven+1"],"picked":"SKIP","floor":18.0},{"not_picked":["FlurryOfBlows","Prostrate","FollowUp"],"picked":"SKIP","floor":22},{"not_picked":["Wireheading","WheelKick+1"],"picked":"WaveOfTheHand","floor":23},{"not_picked":["Alpha","SashWhip"],"picked":"JustLucky","floor":24},{"not_picked":["FollowUp","CutThroughFate+1"],"picked":"ThirdEye+1","floor":25},{"not_picked":["FlyingSleeves","Replay:Anticipation"],"picked":"Protect+1","floor":28}],"player_experience":144443,"relics_obtained":[{"floor":9.0,"key":"Vajra"},{"floor":24,"key":"Smiling Mask"}],"event_choices":[{"damage_healed":0.0,"max_hp_gain":0.0,"max_hp_loss":0.0,"gold_gain":0.0,"event_name":"Scrap Ooze","player_choice":"Success","floor":2.0,"gold_loss":0.0,"damage_taken":3.0,"relics_obtained":["Quantum Egg"]},{"damage_healed":0.0,"max_hp_gain":0.0,"max_hp_loss":0.0,"gold_gain":0.0,"event_name":"Accursed Blacksmith","player_choice":"Forge","floor":4.0,"gold_loss":0.0,"damage_taken":0.0,"cards_upgraded":["REME_Repentance"]},{"cards_removed":["Strike_P"],"damage_healed":0.0,"max_hp_gain":0.0,"max_hp_loss":0.0,"gold_gain":0.0,"event_name":"The Cleric","player_choice":"Card Removal","floor":13.0,"gold_loss":50.0,"damage_taken":0.0},{"damage_healed":0,"gold_gain":0,"player_choice":"Simplicity","damage_taken":0,"max_hp_gain":0,"max_hp_loss":0,"event_name":"Back to Basics","floor":19,"gold_loss":0,"cards_upgraded":["Strike_P","Strike_P","Defend_P","Defend_P","Defend_P","Defend_P"]},{"damage_healed":24,"gold_gain":0,"player_choice":"Heal","damage_taken":0,"max_hp_gain":0,"max_hp_loss":0,"event_name":"The Library","floor":21,"gold_loss":0},{"damage_healed":0,"gold_gain":0,"player_choice":"Fight","damage_taken":0,"max_hp_gain":0,"max_hp_loss":0,"event_name":"Colosseum","floor":30,"gold_loss":0}],"is_beta":false,"boss_relics":[{"not_picked":["Cursed Key","ReplayTheSpireMod:DimensionalGlitch"],"picked":"Coffee Dripper"}],"items_purged_floors":[7],"is_endless":false,"potions_floor_spawned":[5,8,11,14,18,23,28],"killed_by":"Colosseum Slavers","ascension_level":0}}