{"host":"x5w9zppki4gdwvc7","time":1612442340,"event":{"mods":["AchievementEnabler","BaseMod","Colored Powertips","DeckTracker","Minty Spire (QoL Compilation)"],"gold_per_floor":[109,124,124,142,161,161,178,178,178,178,178,192,205,205,205,303,303,322,41,54,54,68,68,68,68,68,68,68,68,80,92,92,195,195,205,205,220,233,233,233,263,263,287,45,145,145,165,165,165],"floor_reached":48,"language":"ENG","playtime":2605,"items_purged":["Strike_G"],"score":556,"play_id":"8da358fc-2135-4642-98b8-b928e9e436e0","local_time":"20210204133900","is_ascension_mode":true,"campfire_choices":[{"data":"Neutralize","floor":6,"key":"SMITH"},{"data":"Dagger Spray","floor":8,"key":"SMITH"},{"data":"Footwork","floor":10,"key":"SMITH"},{"data":"Deadly Poison","floor":15,"key":"SMITH"},{"floor":23,"key":"REST"},{"data":"Burst","floor":25,"key":"SMITH"},{"data":"A Thousand Cuts","floor":28,"key":"SMITH"},{"floor":32,"key":"REST"},{"data":"Backflip","floor":40,"key":"SMITH"}],"circlet_count":0,"master_deck":["Strike_G","Strike_G","Defend_G","Defend_G+1","Defend_G","Defend_G","Defend_G+1","Survivor","Neutralize+1","Dagger Spray+1","Escape Plan","Quick Slash","Footwork+1","A Thousand Cuts+1","Deadly Poison+1","Burst+1","Footwork","Underhanded Strike","Crippling Poison","PiercingWail","Tools of the Trade","Die Die Die","Prepared+1","Backflip+1","Slice+1","Leg Sweep"],"relics":["Ring of the Serpent","NeowsBlessing","StoneCalendar","Paper Crane","SlaversCollar","Mummified Hand","White Beast Statue","Matryoshka","Spirit Poop","The Courier","Bag of Marbles","War Paint","Blood Vial"],"acts_visited":["Exordium","TheCity","TheBeyond"],"potions_floor_usage":[16,16,20,31,33,35,38,41,42,46],"damage_taken":[{"damage":0,"enemies":"Jaw Worm","floor":1,"turns":1},{"damage":0,"enemies":"2 Louse","floor":2,"turns":1},{"damage":0,"enemies":"Cultist","floor":4,"turns":1},{"damage":10,"enemies":"Exordium Wildlife","floor":5,"turns":4},{"damage":6,"enemies":"Lots of Slimes","floor":7,"turns":3},{"damage":0,"enemies":"Red Slaver","floor":12,"turns":4},{"damage":8,"enemies":"2 Fungi Beasts","floor":13,"turns":4},{"damage":12,"enemies":"Hexaghost","floor":16,"turns":8},{"damage":26,"enemies":"Shell Parasite","floor":18,"turns":7},{"damage":1,"enemies":"3 Byrds","floor":20,"turns":3},{"damage":22,"enemies":"Snake Plant","floor":22,"turns":6},{"damage":16,"enemies":"Cultist and Chosen","floor":30,"turns":7},{"damage":3,"enemies":"Snecko","floor":31,"turns":6},{"damage":32,"enemies":"Champ","floor":33,"turns":11},{"damage":20,"enemies":"3 Darklings","floor":35,"turns":6},{"damage":3,"enemies":"Orb Walker","floor":37,"turns":5},{"damage":12,"enemies":"Maw","floor":38,"turns":9},{"damage":3,"enemies":"Giant Head","floor":41,"turns":10},{"damage":9,"enemies":"Writhing Mass","floor":42,"turns":2},{"damage":0,"enemies":"Reptomancer","floor":46,"turns":1},{"damage":13,"enemies":"3 Darklings","floor":47,"turns":6},{"damage":27,"enemies":"Transient","floor":48,"turns":3}],"seed_played":"3149893551083297193","potions_obtained":[{"floor":1,"key":"CultistPotion"},{"floor":4,"key":"AttackPotion"},{"floor":7,"key":"EssenceOfSteel"},{"floor":18,"key":"PowerPotion"},{"floor":30,"key":"Weak Potion"},{"floor":31,"key":"SmokeBomb"},{"floor":33,"key":"Energy Potion"},{"floor":35,"key":"Weak Potion"},{"floor":37,"key":"CunningPotion"},{"floor":38,"key":"EssenceOfSteel"},{"floor":41,"key":"SmokeBomb"},{"floor":47,"key":"Strength Potion"}],"is_trial":false,"path_per_floor":["M","M","?","M","M","R","M","R","T","R","?","M","M","?","R","B",null,"M","$","M","?","M","R","$","R","T","?","R","?","M","M","R","B",null,"M","?","M","M","?","R","E","M","T","$","?","E","M","M"],"character_chosen":"THE_SILENT","items_purchased":["Footwork","Mummified Hand","Leg Sweep","Blood Vial"],"campfire_rested":2,"item_purchase_floors":[19,19,44,44],"current_hp_per_floor":[70,70,67,67,57,57,51,51,51,51,51,51,43,43,43,31,70,44,44,43,43,21,42,42,42,42,42,42,42,26,23,44,12,70,50,50,47,35,35,35,32,23,23,23,23,25,14,0,0],"gold":165,"neow_bonus":"THREE_ENEMY_KILL","is_daily":false,"chose_seed":false,"campfire_upgraded":7,"win_rate":0.0,"timestamp":1612442340,"path_taken":["M","M","?","M","M","R","M","R","T","R","?","M","?","?","R","BOSS","M","?","?","?","M","R","$","R","T","?","R","?","M","M","R","BOSS","M","?","M","M","?","R","E","?","T","$","?","E","?","M"],"items_purchased_type":["Card","Relic","Card","Relic"],"build_version":"2020-12-22","purchased_purges":1,"victory":false,"max_hp_per_floor":[70,70,70,70,70,70,70,70,70,70,70,70,70,70,70,70,70,70,70,70,70,70,70,70,70,70,70,70,70,70,70,70,70,70,70,70,70,70,70,70,70,70,70,70,70,70,70,70,70],"card_choices":[{"not_picked":["Masterful Stab","Endless Agony"],"picked":"Dagger Spray","floor":1},{"not_picked":["Dagger Throw","Quick Slash"],"picked":"Escape Plan","floor":2},{"not_picked":["Envenom","Calculated Gamble"],"picked":"Quick Slash","floor":4},{"not_picked":["Dodge and Roll","Setup"],"picked":"Footwork","floor":5},{"not_picked":["Finisher","Dash","Sucker Punch"],"picked":"SKIP","floor":7},{"not_picked":["Terror","Poisoned Stab"],"picked":"Deadly Poison","floor":12},{"not_picked":["Infinite Blades","Outmaneuver","Underhanded Strike"],"picked":"SKIP","floor":13},{"not_picked":["Malaise","Glass Knife"],"picked":"Burst","floor":16},{"not_picked":["Poisoned Stab","Concentrate","Acrobatics"],"picked":"SKIP","floor":18},{"not_picked":["Quick Slash+1","Crippling Poison","Expertise"],"picked":"SKIP","floor":20},{"not_picked":["Deflect+1","Deadly Poison"],"picked":"PiercingWail","floor":22},{"not_picked":["Dodge and Roll","Outmaneuver"],"picked":"Tools of the Trade","floor":30},{"not_picked":["Sucker Punch","Eviscerate","Underhanded Strike"],"picked":"SKIP","floor":31},{"not_picked":["Tools of the Trade","Storm of Steel"],"picked":"Die Die Die","floor":33},{"not_picked":["Concentrate","Deadly Poison"],"picked":"Prepared+1","floor":35},{"not_picked":["All Out Attack","Predator","Outmaneuver"],"picked":"SKIP","floor":37},{"not_picked":["Distraction","Bane"],"picked":"Backflip","floor":38},{"not_picked":["Prepared","Deflect"],"picked":"Slice+1","floor":41},{"not_picked":["Night Terror","Flying Knee","PiercingWail"],"picked":"SKIP","floor":47}],"player_experience":465644,"relics_obtained":[{"floor":9,"key":"Paper Crane"},{"floor":26,"key":"White Beast Statue"},{"floor":41,"key":"The Courier"},{"floor":43,"key":"Bag of Marbles"},{"floor":43,"key":"War Paint"}],"event_choices":[{"damage_healed":0,"gold_gain":0,"player_choice":"Success","damage_taken":3,"relics_obtained":["StoneCalendar"],"max_hp_gain":0,"max_hp_loss":0,"event_name":"Scrap Ooze","floor":3,"gold_loss":0},{"damage_healed":0,"gold_gain":0,"player_choice":"1 cards matched","damage_taken":0,"max_hp_gain":0,"max_hp_loss":0,"event_name":"Match and Keep!","floor":11,"gold_loss":0,"cards_obtained":["A Thousand Cuts"]},{"damage_healed":0,"gold_gain":0,"player_choice":"Cursed","damage_taken":0,"max_hp_gain":0,"max_hp_loss":0,"event_name":"Wheel of Change","floor":14,"gold_loss":0,"cards_obtained":["Decay"]},{"damage_healed":0,"gold_gain":0,"cards_transformed":["Strike_G","Strike_G"],"player_choice":"Became Test Subject","damage_taken":0,"max_hp_gain":0,"max_hp_loss":0,"event_name":"Drug Dealer","floor":21,"gold_loss":0,"cards_obtained":["Underhanded Strike","Crippling Poison"]},{"damage_healed":0,"gold_gain":0,"player_choice":"Opened","damage_taken":0,"relics_obtained":["Matryoshka"],"max_hp_gain":0,"max_hp_loss":0,"event_name":"The Mausoleum","floor":27,"gold_loss":0},{"damage_healed":0,"gold_gain":0,"player_choice":"Memory 1","damage_taken":0,"max_hp_gain":0,"max_hp_loss":0,"event_name":"SensoryStone","floor":36,"gold_loss":0},{"cards_removed":["Decay"],"damage_healed":0,"gold_gain":0,"player_choice":"Offered Curse","damage_taken":0,"relics_obtained":["Spirit Poop"],"max_hp_gain":0,"max_hp_loss":0,"event_name":"Bonfire Elementals","floor":39,"gold_loss":0},{"damage_healed":0,"gold_gain":100,"player_choice":"Pray","damage_taken":0,"max_hp_gain":0,"max_hp_loss":0,"event_name":"Golden Shrine","floor":45,"gold_loss":0}],"is_beta":false,"boss_relics":[{"not_picked":["Velvet Choker","Astrolabe"],"picked":"SlaversCollar"},{"not_picked":["Snecko Eye","Runic Pyramid"],"picked":"Ring of the Serpent"}],"items_purged_floors":[44],"is_endless":false,"potions_floor_spawned":[1,4,7,12,18,30,31,33,35,37,38,41,42,46,47],"killed_by":"Transient","ascension_level":3}}