{"host":"1y3caoxlf2txzqg0","time":1612470725,"event":{"mods":["Alarm Clock","BaseMod","Clockwork Mod","Colored Map","DeckTracker","GifTheSpireLib","Minty Spire (QoL Compilation)","Rare Cards Sparkle","Relic Stats","Spire Birthday Party","StSLib"],"gold_per_floor":[112,187,206,218,235,261,279,291,360,370,370,370,370,398,398,501,501,426,426,426,426,426,426,426,426],"floor_reached":24,"language":"DEU","playtime":4731,"items_purged":[],"score":262,"play_id":"3c80f84f-db3a-4c33-b811-afd1c6377052","local_time":"20210204213205","is_ascension_mode":false,"campfire_choices":[{"floor":13.0,"key":"REST"},{"floor":15.0,"key":"REST"},{"floor":23,"key":"REST"}],"circlet_count":0,"master_deck":["Clockwork:Strike","Clockwork:Strike","Clockwork:Strike","Clockwork:Strike","Clockwork:Shield","Clockwork:Shield","Clockwork:Shield","Clockwork:Shield","Clockwork:Tinker","Clockwork:WarmUp","Clockwork:ForgeStrike","Clockwork:Roundhouse","Clockwork:CogShield","Clockwork:Roundhouse+1","Clockwork:WoundupStrike","Clockwork:Redundancy","Clockwork:TimeWalk+1","Clockwork:ForgeStrike","Clockwork:CogShield+1","Clockwork:KaliMa","Clockwork:QuantumStrike","Clockwork:CogShield","Clockwork:AdaptiveCannon+1","Clockwork:SpurOn"],"relics":["Clockwork:MomentumEngine","Dream Catcher","Ectoplasm","Nloth\u0027s Gift"],"acts_visited":["Exordium","TheCity"],"potions_floor_usage":[19,24],"damage_taken":[{"damage":6.0,"enemies":"Small Slimes","floor":1.0,"turns":6.0},{"damage":1.0,"enemies":"2 Louse","floor":3.0,"turns":3.0},{"damage":6.0,"enemies":"Jaw Worm","floor":4.0,"turns":7.0},{"damage":18.0,"enemies":"Lots of Slimes","floor":5.0,"turns":7.0},{"damage":0.0,"enemies":"3 Sentries","floor":6.0,"turns":7.0},{"damage":31.0,"enemies":"Large Slime","floor":7.0,"turns":11.0},{"damage":14.0,"enemies":"Looter","floor":8.0,"turns":5.0},{"damage":4.0,"enemies":"Blue Slaver","floor":10.0,"turns":4.0},{"damage":0.0,"enemies":"Gremlin Nob","floor":14.0,"turns":4.0},{"damage":40.0,"enemies":"The Guardian","floor":16.0,"turns":14.0},{"damage":23,"enemies":"2 Thieves","floor":18,"turns":5},{"damage":7,"enemies":"3 Byrds","floor":19,"turns":6},{"damage":17,"enemies":"Centurion and Healer","floor":21,"turns":7},{"damage":43,"enemies":"Snake Plant","floor":22,"turns":6},{"damage":38,"enemies":"Gremlin Leader","floor":24,"turns":8}],"seed_played":"-4901624188410831214","potions_obtained":[{"floor":3.0,"key":"EssenceOfSteel"},{"floor":5.0,"key":"CultistPotion"},{"floor":7.0,"key":"Dexterity Potion"},{"floor":10.0,"key":"SteroidPotion"},{"floor":14.0,"key":"LiquidBronze"},{"floor":18,"key":"Block Potion"},{"floor":21,"key":"BlessingOfTheForge"}],"is_trial":false,"path_per_floor":["M","?","M","M","M","E","M","M","T","M","?","?","R","E","R","B",null,"M","M","?","M","M","R","E"],"character_chosen":"CLOCKWORK","items_purchased":[],"campfire_rested":3,"item_purchase_floors":[],"current_hp_per_floor":[87,76,75,69,51,51,20,6,6,2,2,2,29,29,56,16,93,70,63,63,46,3,30,0,0],"gold":426,"neow_bonus":"TEN_PERCENT_HP_BONUS","is_daily":false,"chose_seed":false,"campfire_upgraded":0,"win_rate":0.0,"timestamp":1612470725,"path_taken":["M","?","M","M","M","E","M","M","T","M","?","?","R","E","R","BOSS","M","M","?","M","?","R","E"],"items_purchased_type":[],"build_version":"2020-12-22","purchased_purges":0,"victory":false,"max_hp_per_floor":[93,93,93,93,93,93,93,93,93,93,93,93,93,93,93,93,93,93,93,93,93,93,93,93,93],"relic_stats":{"Dream Catcher":2,"counters":[15,100],"Ectoplasm":84,"Nloth\u0027s Gift":0,"obtain_stats":[{"Clockwork:MomentumEngine":0,"Dream Catcher":14,"Gambling Chip":6,"Ectoplasm":17,"Nloth\u0027s Gift":20},{"Clockwork:MomentumEngine":0,"Dream Catcher":9,"Gambling Chip":5,"Ectoplasm":10,"Nloth\u0027s Gift":12},{"Clockwork:MomentumEngine":0,"Dream Catcher":54,"Gambling Chip":30,"Ectoplasm":68,"Nloth\u0027s Gift":79}]},"card_choices":[{"not_picked":["Clockwork:ChargingBlade","Clockwork:Pluck"],"picked":"Clockwork:ForgeStrike","floor":1.0},{"not_picked":["Clockwork:Redundancy","Clockwork:Efficiency"],"picked":"Clockwork:Roundhouse","floor":3.0},{"not_picked":["Clockwork:Minimalism","Clockwork:FalseStart"],"picked":"Clockwork:CogShield","floor":4.0},{"not_picked":["Clockwork:SearchingStrike","Clockwork:ForgeStrike"],"picked":"Clockwork:Roundhouse","floor":5.0},{"not_picked":["Clockwork:Improve","Clockwork:ForgeStrike"],"picked":"Clockwork:WindupStrike","floor":6.0},{"not_picked":["Clockwork:ForgeStrike","Clockwork:ChargingShield"],"picked":"Clockwork:Redundancy","floor":7.0},{"not_picked":["Clockwork:SnapKeep","Clockwork:CogShield"],"picked":"Clockwork:TimeWalk","floor":8.0},{"not_picked":["Clockwork:Improve","Clockwork:ChargingShield"],"picked":"Clockwork:ForgeStrike","floor":10.0},{"not_picked":["Clockwork:SystemScan","Clockwork:ChargingShield","Clockwork:Roundhouse"],"picked":"SKIP","floor":14.0},{"not_picked":["Clockwork:CraftVarja","Clockwork:EnthusiasticStrike"],"picked":"Clockwork:CogShield","floor":15.0},{"not_picked":["Clockwork:CraftMomentumEngine","Clockwork:Halt"],"picked":"Clockwork:KaliMa","floor":16.0},{"not_picked":["Clockwork:SearchingStrike+1","Clockwork:Enhance"],"picked":"Clockwork:SmithsMallet+1","floor":18},{"not_picked":["Clockwork:Minimalism","Clockwork:PerfectedStrike"],"picked":"Clockwork:QuantumStrike","floor":19},{"not_picked":["Clockwork:Downsize","Clockwork:Friction"],"picked":"Clockwork:CogShield","floor":21},{"not_picked":["Clockwork:ChargingBlade","Clockwork:Clone+1"],"picked":"Clockwork:AdaptiveCannon+1","floor":22},{"not_picked":["Clockwork:HoardingStrike","Clockwork:CogBarrier"],"picked":"Clockwork:SpurOn","floor":23}],"player_experience":937319,"relics_obtained":[{"floor":6.0,"key":"Gambling Chip"},{"floor":14.0,"key":"Dream Catcher"}],"event_choices":[{"damage_healed":0.0,"max_hp_gain":0.0,"max_hp_loss":0.0,"gold_gain":75.0,"event_name":"World of Goop","player_choice":"Gather Gold","floor":2.0,"gold_loss":0.0,"damage_taken":11.0},{"damage_healed":0.0,"max_hp_gain":0.0,"max_hp_loss":0.0,"gold_gain":0.0,"event_name":"Shining Light","player_choice":"Ignored","floor":11.0,"gold_loss":0.0,"damage_taken":0.0},{"damage_healed":0.0,"max_hp_gain":0.0,"max_hp_loss":0.0,"gold_gain":0.0,"event_name":"Scrap Ooze","player_choice":"Fled","floor":12.0,"gold_loss":0.0,"damage_taken":0.0},{"damage_healed":0,"gold_gain":0,"player_choice":"Traded Relic","damage_taken":0,"relics_obtained":["Nloth\u0027s Gift"],"max_hp_gain":0,"max_hp_loss":0,"event_name":"N\u0027loth","floor":20,"relics_lost":["Gambling Chip"],"gold_loss":0}],"is_beta":false,"boss_relics":[{"not_picked":["Velvet Choker","Clockwork:PerpetualMotionMachine"],"picked":"Ectoplasm"}],"items_purged_floors":[],"is_endless":false,"potions_floor_spawned":[3,5,7,10,14,18,21],"killed_by":"Gremlin Leader","ascension_level":0}}