{"host":"nwavcs7i011ziyjx","time":1612464038,"event":{"mods":["AchievementEnabler","BaseMod","Colored Map","Colored Powertips","Marisa（F雨　魔理沙）","Minty Spire (QoL Compilation)","MostiFishMod","Quick Restart","Rare Cards Sparkle","Remilia（蕾米莉亚）","Replay The Spire","Spicy Shops","StSLib","TestMod","The Servant 0.9.4","Uncapped","UnlockEverythingMod","WarShipGirlsR/战舰少女R mod","noobMod"],"gold_per_floor":[80000,80000,79504,79504,79524,79557,79557,79577,79577,79577,79908,79920,79920,78647,78647,78752,78752,78785,77580,77595,77608,77523,77523,77543,77574,77600,77613,76946,76946,76960,76960,76960,77065,77065,77080,77080,76714,76731,76750,76778,75956,75966,75966,75978,75978,76007,76023,76021,76021,76021],"floor_reached":51,"language":"ZHS","playtime":1456,"items_purged":["Strike_RM","Strike_RM","Strike_RM","Injury"],"score":1228,"play_id":"d4227e7a-6325-4446-b2a3-4b5b360b7ade","local_time":"20210205024038","is_ascension_mode":true,"campfire_choices":[{"data":"TricksterDevil","floor":7,"key":"SMITH"},{"data":"RedMoon","floor":10,"key":"SMITH"},{"data":"ScarletImprint","floor":13,"key":"SMITH"},{"data":"Stigmanizer","floor":15,"key":"SMITH"},{"data":"BloodySeventeenLaser","floor":23,"key":"SMITH"},{"data":"DiffusionOfMisfortune","floor":32,"key":"SMITH"},{"data":"DemonKingCradle","floor":49,"key":"SMITH"}],"circlet_count":0,"master_deck":["Defend_RM+1","Defend_RM+1","Defend_RM+1","RedMoon+1","ScarletShoot","TricksterDevil+1","ScarletImprint+1","BloodyHallows+1","testmod-SunMoon","UnstableMagic+1","Stigmanizer+1","BloodySeventeenLaser+1","DiffusionOfMisfortune+1","DiffusionOfMisfortune+1","HellCatastrophe","BloodySeventeenLaser+1","ScarletImprint+1","BombardNight+1","DemonKingCradle+1","CeilingFear+1"],"relics":["ScarletHat","ice","DaveBox","testmod-TestBox","ShadowXiaoBlade","testmod-IntensifyImprint","NeowsBlessing","SynthV:TestCard","testmod-Justice","testmod-RainbowHikingShoes","Shuriken","Replay:Bottled Eggs","Old Coin","Medical Kit","testmod-IWantAll","StrikeDummy","Gremlin Food","testmod-CardMagician","BargainBundle","Frozen Eye","InkBottle","ReplayTheSpireMod:Lightbulb","Ornamental Fan","Replay:Towering Pillar of Hats","ImprovedEquipment","Blood Vial","testmod-LifeArmor","Iron Hammer","Replay:Bottled Steam","War Paint","Anchor","RhineSuit","Strange Spoon","Replay:Kaleidoscope","Gremlin Horn","Blue Doll","Whetstone","Bag of Marbles","Vajra","Toolbox","TimeFreeze","Replay:Mystery Machine","Quantum Egg","Toxic Egg 2"],"acts_visited":["Exordium","TheCity","TheBeyond"],"potions_floor_usage":[],"damage_taken":[{"damage":0,"enemies":"Small Slimes","floor":1,"turns":1},{"damage":0,"enemies":"Jaw Worm","floor":5,"turns":1},{"damage":0,"enemies":"Gremlin Nob","floor":6,"turns":1},{"damage":0,"enemies":"2 Louse","floor":8,"turns":2},{"damage":0,"enemies":"Lagavulin","floor":11,"turns":6},{"damage":2,"enemies":"Exordium Thugs","floor":12,"turns":5},{"damage":8,"enemies":"Slime Boss","floor":16,"turns":2},{"damage":10,"enemies":"3 Byrds","floor":18,"turns":3},{"damage":0,"enemies":"Chosen","floor":20,"turns":2},{"damage":0,"enemies":"Shelled Parasite and Fungi","floor":21,"turns":2},{"damage":0,"enemies":"Snake Plant","floor":24,"turns":1},{"damage":0,"enemies":"Gremlin Leader","floor":25,"turns":1},{"damage":0,"enemies":"Snecko","floor":27,"turns":1},{"damage":10,"enemies":"Centurion and Healer","floor":30,"turns":2},{"damage":0,"enemies":"Collector","floor":33,"turns":2},{"damage":0,"enemies":"3 Shapes","floor":35,"turns":2},{"damage":0,"enemies":"3 Darklings","floor":38,"turns":2},{"damage":2,"enemies":"Sphere and 2 Shapes","floor":39,"turns":2},{"damage":0,"enemies":"Giant Head","floor":40,"turns":2},{"damage":0,"enemies":"4 Shapes","floor":42,"turns":1},{"damage":8,"enemies":"Transient","floor":44,"turns":2},{"damage":0,"enemies":"Reptomancer","floor":46,"turns":1},{"damage":0,"enemies":"Spire Growth","floor":47,"turns":1},{"damage":0,"enemies":"R_Hoarder","floor":48,"turns":2},{"damage":0,"enemies":"Replay:Hell Engine","floor":50,"turns":2}],"seed_played":"-2849959032137364121","potions_obtained":[{"floor":8,"key":"Strength Potion"},{"floor":12,"key":"Energy Potion"},{"floor":44,"key":"DuplicationPotion"}],"is_trial":false,"path_per_floor":["M","?","$","?","M","E","R","M","T","R","E","M","R","$","R","B",null,"M","$","M","M","?","R","M","E","T","M","$","?","M","?","R","B",null,"M","?","$","M","M","E","$","M","T","M","?","E","M","E","R","B",null],"character_chosen":"REMILIA","items_purchased":["testmod-Justice","testmod-RainbowHikingShoes","CultistPotion","Medical Kit","testmod-IWantAll","BloodyHallows","testmod-SunMoon","StrikeDummy","Gremlin Food","UnstableMagic","Stigmanizer","BargainBundle","Frozen Eye","InkBottle","ReplayTheSpireMod:Lightbulb","Ornamental Fan","Replay:Towering Pillar of Hats","Iron Hammer","Replay:Bottled Steam","War Paint","Strange Spoon","Replay:Kaleidoscope","Blue Doll","Whetstone","Bag of Marbles","Vajra","Toolbox","TimeFreeze"],"campfire_rested":0,"item_purchase_floors":[3,3,3,14,14,14,14,14,14,14,14,19,19,19,19,19,19,28,28,28,37,37,41,41,41,41,41,41],"current_hp_per_floor":[68,61,61,61,61,61,61,61,61,61,68,67,67,67,67,59,71,62,62,63,63,63,63,63,63,63,65,65,65,57,57,57,59,71,73,71,71,71,69,71,71,71,71,71,71,71,71,71,71,71],"gold":76021,"neow_bonus":"THREE_ENEMY_KILL","is_daily":false,"chose_seed":false,"campfire_upgraded":7,"win_rate":0.0,"timestamp":1612464038,"path_taken":["M","?","$","?","M","E","R","M","T","R","E","M","R","$","R","BOSS","M","$","M","M","?","R","M","E","T","M","$","?","M","?","R","BOSS","M","?","$","M","M","E","$","M","T","M","?","E","M","E","R","BOSS"],"items_purchased_type":["Relic","Relic","Potion","Relic","Relic","Card","Card","Relic","Relic","Card","Card","Relic","Relic","Relic","Relic","Relic","Relic","Relic","Relic","Relic","Relic","Relic","Relic","Relic","Relic","Relic","Relic","Relic"],"build_version":"2020-12-22","purchased_purges":4,"victory":true,"max_hp_per_floor":[75,75,75,75,75,75,75,75,75,75,75,75,75,75,75,75,75,75,75,75,75,75,75,75,75,75,75,75,75,75,75,75,75,75,75,71,71,71,71,71,71,71,71,71,71,71,71,71,71,71],"card_choices":[{"not_picked":["VampireKiss","ScarletImprint","BlasphemousPunishment"],"picked":"SKIP","floor":1},{"not_picked":["VampirishNight","NightDance","RedNightlessCastle","Ultimatum","RedRainbow"],"picked":"SKIP","floor":5},{"not_picked":["ScarletDevil","BombardNight","UltimateOffering","UnderTheZenith"],"picked":"TricksterDevil","floor":6},{"not_picked":["UnstableMagic","Stigmanizer","ScarletImprint","NightDance","UnderTheZenith"],"picked":"SKIP","floor":8},{"not_picked":["VampireFantasy","MiserableFate","VampireClaw","EmergencyRegeneration","UnstableMagic"],"picked":"SKIP","floor":11},{"not_picked":["EndlessAdversity","ChainGang","MastersStateliness","BloodHunter"],"picked":"ScarletImprint","floor":12},{"not_picked":["QueenOfMidnight","ScarletCoffin","CurseOfVladTepes","DemonKingCradle"],"picked":"BloodySeventeenLaser","floor":16},{"not_picked":["EndlessAdversity","RedMagic","VampireSweep+1","CharismaGuard"],"picked":"DiffusionOfMisfortune","floor":18},{"not_picked":["EndlessAdversity","FavorOfDestiny","StarOfDavid","EmergencyRegeneration"],"picked":"DiffusionOfMisfortune+1","floor":20},{"not_picked":["UnderTheZenith","BloodHunter","VampireClaw","CharismaGuard","UltimateOffering"],"picked":"SKIP","floor":21},{"not_picked":["BombardNight","ReincarnationDial","SuperhumanBloodyKnife+1","Maim+1"],"picked":"HellCatastrophe","floor":24},{"not_picked":["MiserableFate+1","BloodAndWine+1","FavorOfDestiny","EternalNight","ScarletNetherworld"],"picked":"SKIP","floor":25},{"not_picked":["BlasphemousPunishment","RedRainbow","ScarletDevil+1","Maim","MastersStateliness+1"],"picked":"SKIP","floor":27},{"not_picked":["RedRainbow","ScarletImprint","BlasphemousPunishment+1","FavorOfDestiny+1","Ultimatum"],"picked":"SKIP","floor":30},{"not_picked":["DemonKingCradle","HellCatastrophe","BloodyHallows","ForecastOfChange"],"picked":"BloodySeventeenLaser","floor":33},{"not_picked":["CharismaGuard+1","BlasphemousPunishment+1","RedMagic+1","UnderTheZenith+1"],"picked":"ScarletImprint","floor":35},{"not_picked":["VampireKiss+1","BloodHunter","RedRainbow","UnderTheZenith+1","RedMagic+1"],"picked":"SKIP","floor":38},{"not_picked":["CharismaGuard+1","EndlessAdversity+1","ScarletDevil","NightDance"],"picked":"BombardNight+1","floor":39},{"not_picked":["VampireKiss+1","BloodRain","NightLord+1","StarOfDavid+1","RedMagic+1"],"picked":"SKIP","floor":40},{"not_picked":["BloodHunter+1","Stigmanizer","UnderTheZenith","StarOfDavid","ScarletImprint"],"picked":"SKIP","floor":42},{"not_picked":["StarOfDavid+1","VampireKiss+1","BombardNight","EndlessAdversity","CharismaGuard+1"],"picked":"SKIP","floor":44},{"not_picked":["MastersStateliness+1","RedMagic+1","FavorOfDestiny","BloodyMagicSquare"],"picked":"DemonKingCradle","floor":46},{"not_picked":["BloodAndWine","DevilSight+1","FitfulNightmare+1","CharismaGuard+1","StarOfDavid+1"],"picked":"SKIP","floor":47},{"not_picked":["RedNightlessCastle+1","MiserableFate+1","BombardNight+1","RedMagic+1"],"picked":"CeilingFear+1","floor":48}],"player_experience":249133,"relics_obtained":[{"floor":1,"key":"SynthV:TestCard"},{"floor":6,"key":"Shuriken"},{"floor":9,"key":"Replay:Bottled Eggs"},{"floor":11,"key":"Old Coin"},{"floor":25,"key":"Blood Vial"},{"floor":26,"key":"testmod-LifeArmor"},{"floor":40,"key":"Gremlin Horn"},{"floor":43,"key":"Replay:Mystery Machine"},{"floor":46,"key":"Quantum Egg"},{"floor":48,"key":"Toxic Egg 2"}],"event_choices":[{"cards_removed":["Strike_RM"],"damage_healed":0,"gold_gain":0,"player_choice":"Card Removal","damage_taken":7,"max_hp_gain":0,"max_hp_loss":0,"event_name":"Golden Wing","floor":2,"gold_loss":0},{"cards_removed":["Defend_RM"],"damage_healed":0,"gold_gain":0,"player_choice":"Forget","damage_taken":0,"max_hp_gain":0,"max_hp_loss":0,"event_name":"Living Wall","floor":4,"gold_loss":0},{"damage_healed":0,"gold_gain":0,"player_choice":"Obtained Relic","damage_taken":0,"relics_obtained":["ImprovedEquipment"],"max_hp_gain":0,"max_hp_loss":0,"event_name":"Addict","floor":22,"gold_loss":85},{"damage_healed":0,"gold_gain":0,"player_choice":"Max HP","damage_taken":0,"max_hp_gain":0,"max_hp_loss":4,"event_name":"Winding Halls","floor":36,"gold_loss":0},{"damage_healed":0,"gold_gain":0,"player_choice":"Ignored","damage_taken":0,"max_hp_gain":0,"max_hp_loss":0,"event_name":"Transmorgrifier","floor":45,"gold_loss":0}],"is_beta":false,"boss_relics":[{"not_picked":["testmod-Prudence","ReplayTheSpireMod:DimensionalGlitch"],"picked":"testmod-CardMagician"},{"not_picked":["Replay:Ancient Bell","ChewingGum"],"picked":"RhineSuit"}],"items_purged_floors":[3,14,19,19],"is_endless":false,"potions_floor_spawned":[8,11,12,20,21,24,25,27,35,38,42,44],"ascension_level":7}}