{"host":"9kesdg97wkrx2bva","time":1612476557,"event":{"mods":["AchievementEnabler","BaseMod","Colored Map","GifTheSpireLib","Infinite Spire","Minty Spire (QoL Compilation)","Replay The Spire","StSLib"],"gold_per_floor":[109,8,83,83,83,83,114,138,161,61,79,110,110,110,110,209,209,222,112,112,112],"floor_reached":20,"language":"ENG","playtime":501,"items_purged":["Strike_B","Strike_B"],"score":338,"play_id":"453f7146-59a0-40fd-b76d-4b899e4320bb","local_time":"20210204160917","is_ascension_mode":true,"campfire_choices":[{"data":"Zap","floor":6,"key":"SMITH"},{"floor":13,"key":"REST"},{"data":"ReplayTheSpireMod:Calculation Training","floor":15,"key":"SMITH"}],"circlet_count":0,"master_deck":["AscendersBane","Strike_B","Defend_B","Defend_B","Defend_B","Zap+1","Dualcast","Reboot+1","Beam Cell","Go for the Eyes","infinitespire:NeuralNetwork","ReplayTheSpireMod:Calculation Training+1","Streamline","Streamline","ReplayTheSpireMod:Calculation Training","Echo Form","AbeCurse"],"relics":["Cracked Core","Golden Idol","Carrot","Pet Ghost","Gremlin Horn","Abe\u0027s Treasure"],"acts_visited":["Exordium","TheCity"],"potions_floor_usage":[16,16,18,20],"damage_taken":[{"damage":2,"enemies":"Jaw Worm","floor":1,"turns":3},{"damage":5,"enemies":"Lagavulin","floor":7,"turns":6},{"damage":0,"enemies":"Small Slimes","floor":8,"turns":2},{"damage":0,"enemies":"2 Louse","floor":11,"turns":1},{"damage":26,"enemies":"Replay:BlueRogue","floor":12,"turns":5},{"damage":11,"enemies":"Slime Boss","floor":16,"turns":6},{"damage":19,"enemies":"2 Thieves","floor":18,"turns":3},{"damage":38,"enemies":"3 Byrds","floor":20,"turns":3}],"seed_played":"5810699524004365284","potions_obtained":[{"floor":8,"key":"Block Potion"},{"floor":11,"key":"Strength Potion"},{"floor":16,"key":"BlessingOfTheForge"},{"floor":18,"key":"AttackPotion"}],"is_trial":false,"path_per_floor":["M","$","?","?","?","R","E","M","T","$","M","E","R","?","R","B",null,"M","?","M"],"character_chosen":"DEFECT","items_purchased":["Go for the Eyes"],"campfire_rested":1,"item_purchase_floors":[2],"current_hp_per_floor":[62,62,51,51,34,34,29,29,29,29,29,3,22,43,43,32,56,37,37,0,0],"gold":112,"neow_bonus":"TRANSFORM_CARD","is_daily":false,"chose_seed":false,"campfire_upgraded":2,"win_rate":0.0,"timestamp":1612476557,"path_taken":["M","$","?","?","?","R","E","M","T","$","M","E","R","?","R","BOSS","M","?","?"],"items_purchased_type":["Card"],"build_version":"2020-12-22","purchased_purges":2,"victory":false,"max_hp_per_floor":[71,71,71,64,64,64,64,64,64,64,64,64,64,64,64,64,64,64,64,64,64],"card_choices":[{"not_picked":["Doom and Gloom","ReplaySolidLightProjector"],"picked":"Beam Cell","floor":1},{"not_picked":["infinitespire:FutureSight","infinitespire:Collect"],"picked":"infinitespire:NeuralNetwork","floor":5},{"not_picked":["Hello World","Streamline"],"picked":"ReplayTheSpireMod:Calculation Training","floor":7},{"not_picked":["Sweeping Beam","Turbo"],"picked":"Streamline","floor":8},{"not_picked":["Sweeping Beam","Barrage"],"picked":"Streamline","floor":11},{"not_picked":["Redo","Leap"],"picked":"ReplayTheSpireMod:Calculation Training","floor":12},{"not_picked":["Rainbow","Multi-Cast"],"picked":"Echo Form","floor":16},{"not_picked":["Ball Lightning","Sweeping Beam","Genetic Algorithm"],"picked":"SKIP","floor":18}],"player_experience":1007756,"relics_obtained":[{"floor":7,"key":"Carrot"},{"floor":9,"key":"Pet Ghost"},{"floor":12,"key":"Gremlin Horn"}],"event_choices":[{"damage_healed":0,"gold_gain":75,"player_choice":"Gather Gold","damage_taken":11,"max_hp_gain":0,"max_hp_loss":0,"event_name":"World of Goop","floor":3,"gold_loss":0},{"damage_healed":0,"gold_gain":0,"player_choice":"Lose Max HP","damage_taken":0,"relics_obtained":["Golden Idol"],"max_hp_gain":0,"max_hp_loss":7,"event_name":"Golden Idol","floor":4,"gold_loss":0},{"damage_healed":21,"gold_gain":0,"player_choice":"Banana","damage_taken":0,"max_hp_gain":0,"max_hp_loss":0,"event_name":"Big Fish","floor":14,"gold_loss":0},{"cards_removed":["Strike_B"],"damage_healed":0,"gold_gain":0,"player_choice":"Upgrade and Remove","damage_taken":0,"max_hp_gain":0,"max_hp_loss":0,"event_name":"Designer","floor":19,"gold_loss":110,"cards_upgraded":["Reboot"]}],"is_beta":false,"boss_relics":[{"not_picked":["Snecko Heart","Tiny House"],"picked":"Abe\u0027s Treasure"}],"items_purged_floors":[2,10],"is_endless":false,"potions_floor_spawned":[8,11,12,16,18],"killed_by":"3 Byrds","ascension_level":18}}