{"host":"t9zjxed0utvsfjwc","time":1612415058,"event":{"mods":["2.2 Compatiblity","Aspiration","BaseMod","Better Altar","Better Match","Better Note","Better Sensory Stone","Better Skull","Better Third Choice","Block Reminder","Colored Map","Colored Powertips","Custom Start","Downfall","Hermit","Highlight Path","Hubris","Infinite Spire","Marisa????????","Minty Spire (QoL Compilation)","Quick Restart","Rare Cards Sparkle","Reliquary","Replay The Spire","StSLib","The Cursed","The Marked","The Runesmith","Unceasing Turn Reminder","everything is the same but u backflip on backflip"],"gold_per_floor":[112,112,37,51,63,92,92,23,23,23,23,23,40,50,50,50,50],"floor_reached":16,"language":"ENG","playtime":455,"items_purged":["Defend_R"],"score":100,"play_id":"6227d553-9c5f-435b-94a5-749f7d2829d9","local_time":"20210204050418","is_ascension_mode":false,"campfire_choices":[{"floor":10,"key":"REST"},{"data":"Infernal Blade","floor":15,"key":"SMITH"}],"circlet_count":0,"master_deck":["Strike_R+1","Strike_R+1","Strike_R+1","Strike_R+1","Strike_R+1","Defend_R","Defend_R","Defend_R","Dropkick+1","Clothesline+1","Massacre+1","Eruption+1","Infernal Blade+1","Flex"],"relics":["aspiration:RitualDagger","infinitespire:Cubic Diamond","reliquary:IridiumChain","reliquary:TridentHead"],"acts_visited":["Exordium"],"potions_floor_usage":[14,16],"damage_taken":[{"damage":87,"enemies":"Jaw Worm","floor":1,"turns":9},{"damage":23,"enemies":"2 Louse","floor":4,"turns":3},{"damage":19,"enemies":"Small Slimes","floor":5,"turns":3},{"damage":22,"enemies":"Gremlin Nob","floor":6,"turns":4},{"damage":11,"enemies":"3 Louse","floor":13,"turns":2},{"damage":9,"enemies":"Large Slime","floor":14,"turns":3},{"damage":75,"enemies":"Hexaghost","floor":16,"turns":7}],"seed_played":"5480440065673824253","potions_obtained":[{"floor":13,"key":"AttackPotion"},{"floor":14,"key":"Block Potion"}],"is_trial":false,"path_per_floor":["M","?","$","M","M","E","?","$","T","R","?","?","M","M","R","B"],"character_chosen":"IRONCLAD","items_purchased":["Infernal Blade"],"campfire_rested":1,"item_purchase_floors":[8],"current_hp_per_floor":[78,78,78,59,48,37,37,37,37,61,49,49,44,47,47,0,0],"gold":50,"neow_bonus":"BOSS_RELIC","is_daily":false,"chose_seed":false,"campfire_upgraded":1,"win_rate":0.0,"timestamp":1612415058,"path_taken":["M","?","$","M","M","E","?","$","T","R","?","?","M","M","R","BOSS"],"items_purchased_type":["Card"],"build_version":"2020-12-22","purchased_purges":1,"victory":false,"max_hp_per_floor":[80,80,80,80,80,80,80,80,80,80,80,80,80,80,80,80,80],"card_choices":[{"not_picked":["Hemokinesis","Run Through"],"picked":"Dropkick","floor":1},{"not_picked":["Bloodletting","Thunderclap"],"picked":"Clothesline","floor":4},{"not_picked":["Shockwave","Thunderclap"],"picked":"Massacre","floor":5},{"not_picked":["Thunderclap","ReplayTheSpireMod:Strike From Hell","ReplayTheSpireMod:Corrosion Curse"],"picked":"SKIP","floor":6},{"not_picked":["Sword Boomerang","Eclipse"],"picked":"Flex","floor":13},{"not_picked":["Abandon","Pommel Strike","Body Slam"],"picked":"SKIP","floor":14}],"player_experience":474347,"relics_obtained":[{"floor":6,"key":"reliquary:IridiumChain"},{"floor":9,"key":"reliquary:TridentHead"}],"event_choices":[{"damage_healed":0,"gold_gain":0,"player_choice":"Relic ","damage_taken":12,"max_hp_gain":0,"max_hp_loss":0,"event_name":"betterThird:BetterScrap","floor":11,"gold_loss":0,"cards_obtained":["A Thousand Cuts"]}],"is_beta":false,"boss_relics":[],"items_purged_floors":[3],"is_endless":false,"potions_floor_spawned":[13,14],"killed_by":"Hexaghost","ascension_level":0}}