{"host":"4eao2pkwlmv012cz","time":1612422005,"event":{"mods":["BaseMod","Colored Powertips","Minty Spire (QoL Compilation)","Permanent Neow","Quick Restart","Random Character Button","StSLib"],"gold_per_floor":[13,13,88,263,263,263,291,291,344,344,344,3,33,8,8,123,123,129,129,129,43,82,110,110,144,144,144,144,154,67,102,102,102,102],"floor_reached":33,"language":"ENG","playtime":893,"items_purged":["Strike_G","Strike_G"],"score":594,"play_id":"cc2b89de-fa7e-4106-9055-8c02f91c47d4","local_time":"20210204020005","is_ascension_mode":true,"campfire_choices":[{"data":"Deadly Poison","floor":6.0,"key":"SMITH"},{"floor":8.0,"key":"REST"},{"data":"Predator","floor":11.0,"key":"SMITH"},{"data":"Unload","floor":15.0,"key":"SMITH"},{"floor":24.0,"key":"REST"},{"data":"Burst","floor":27.0,"key":"SMITH"},{"data":"Dash","floor":32.0,"key":"SMITH"}],"circlet_count":0,"master_deck":["AscendersBane","Strike_G","Strike_G","Defend_G","Defend_G","Defend_G","Defend_G","Survivor","Neutralize","Deadly Poison","Corpse Explosion+1","Deadly Poison+1","Predator+1","HandOfGreed","Backstab","Unload+1","Crippling Poison","Poisoned Stab","Die Die Die","Dash+1","Escape Plan","Blade Dance+1","Burst+1","Flying Knee","Burst+1","A Thousand Cuts+1","Footwork+1"],"relics":["Ring of the Snake","MealTicket","PreservedInsect","Omamori","TungstenRod","Black Star","Smiling Mask","Unceasing Top","Lantern","Frozen Egg 2","Potion Belt","Akabeko"],"acts_visited":["Exordium","TheCity"],"potions_floor_usage":[33],"damage_taken":[{"damage":2.0,"enemies":"Jaw Worm","floor":1.0,"turns":4.0},{"damage":19.0,"enemies":"3 Sentries","floor":7.0,"turns":3.0},{"damage":0.0,"enemies":"Gremlin Nob","floor":13.0,"turns":2.0},{"damage":33.0,"enemies":"Slime Boss","floor":16.0,"turns":11.0},{"damage":20.0,"enemies":"2 Thieves","floor":18.0,"turns":4.0},{"damage":18.0,"enemies":"Spheric Guardian","floor":22.0,"turns":5.0},{"damage":9.0,"enemies":"Gremlin Leader","floor":23.0,"turns":5.0},{"damage":0.0,"enemies":"Slavers","floor":25.0,"turns":1.0},{"damage":21.0,"enemies":"Snake Plant","floor":29.0,"turns":3.0},{"damage":3.0,"enemies":"3 Cultists","floor":31.0,"turns":3.0},{"damage":41,"enemies":"Collector","floor":33,"turns":6}],"seed_played":"143971393835569392","potions_obtained":[{"floor":7.0,"key":"SteroidPotion"},{"floor":23.0,"key":"SneckoOil"},{"floor":25.0,"key":"Weak Potion"},{"floor":31.0,"key":"LiquidBronze"}],"is_trial":false,"path_per_floor":["M","?","?","?","?","R","E","R","T","?","R","$","E","$","R","B",null,"M","?","?","$","M","E","R","E","T","R","?","M","$","M","R","B"],"character_chosen":"THE_SILENT","items_purchased":["HandOfGreed","Backstab","Unload","Poisoned Stab","Escape Plan","Footwork+1"],"campfire_rested":2,"item_purchase_floors":[12,12,12,14,21,30],"current_hp_per_floor":[61,61,50,50,43,43,24,45,45,27,27,42,42,57,57,24,59,39,39,39,54,36,27,48,48,48,48,48,27,42,39,39,0,0],"gold":102,"neow_bonus":"TRANSFORM_TWO_CARDS","is_daily":false,"chose_seed":false,"campfire_upgraded":5,"win_rate":0.0,"timestamp":1612422005,"path_taken":["M","?","?","?","?","R","E","R","T","?","R","$","E","?","R","BOSS","M","?","?","$","M","E","R","E","T","R","?","?","$","M","R","BOSS"],"items_purchased_type":["Card","Card","Card","Card","Card","Card"],"build_version":"2020-12-22","purchased_purges":2,"victory":false,"max_hp_per_floor":[70,70,70,70,70,70,70,70,70,70,70,70,70,70,70,70,70,70,70,70,70,70,70,70,70,70,70,70,70,70,70,70,70,70],"card_choices":[{"not_picked":["Blade Dance","Outmaneuver"],"picked":"Deadly Poison","floor":1.0},{"not_picked":["Dodge and Roll","Blade Dance"],"picked":"Predator","floor":7.0},{"not_picked":["Endless Agony","All Out Attack"],"picked":"Crippling Poison","floor":13.0},{"not_picked":["Glass Knife","Storm of Steel"],"picked":"Die Die Die","floor":16.0},{"not_picked":["Predator","Expertise"],"picked":"Dash","floor":18.0},{"not_picked":["Heel Hook","Poisoned Stab"],"picked":"Blade Dance+1","floor":22.0},{"not_picked":["Well Laid Plans+1","Finisher"],"picked":"Burst","floor":23.0},{"not_picked":["Endless Agony","Dagger Throw"],"picked":"Flying Knee","floor":25.0},{"not_picked":["Dodge and Roll","Outmaneuver"],"picked":"A Thousand Cuts+1","floor":29.0},{"not_picked":["Calculated Gamble","Endless Agony","Choke"],"picked":"SKIP","floor":31.0}],"player_experience":2871572,"relics_obtained":[{"floor":7.0,"key":"MealTicket"},{"floor":9.0,"key":"PreservedInsect"},{"floor":13.0,"key":"TungstenRod"},{"floor":23.0,"key":"Unceasing Top"},{"floor":23.0,"key":"Lantern"},{"floor":25.0,"key":"Frozen Egg 2"},{"floor":25.0,"key":"Potion Belt"},{"floor":26.0,"key":"Akabeko"}],"event_choices":[{"damage_healed":0.0,"max_hp_gain":0.0,"max_hp_loss":0.0,"gold_gain":0.0,"event_name":"Living Wall","player_choice":"Grow","floor":2.0,"gold_loss":0.0,"damage_taken":0.0,"cards_upgraded":["Corpse Explosion"]},{"damage_healed":0.0,"max_hp_gain":0.0,"max_hp_loss":0.0,"gold_gain":75.0,"event_name":"World of Goop","player_choice":"Gather Gold","floor":3.0,"gold_loss":0.0,"damage_taken":11.0},{"damage_healed":0.0,"max_hp_gain":0.0,"max_hp_loss":0.0,"gold_gain":175.0,"event_name":"Liars Game","player_choice":"AGREE","floor":4.0,"gold_loss":0.0,"damage_taken":0.0,"cards_obtained":["Doubt"]},{"cards_removed":["Doubt"],"damage_healed":0.0,"max_hp_gain":0.0,"max_hp_loss":0.0,"gold_gain":0.0,"event_name":"Golden Wing","player_choice":"Card Removal","floor":5.0,"gold_loss":0.0,"damage_taken":7.0},{"damage_healed":0.0,"max_hp_gain":0.0,"max_hp_loss":0.0,"gold_gain":0.0,"event_name":"Scrap Ooze","player_choice":"Success","floor":10.0,"gold_loss":0.0,"damage_taken":18.0,"relics_obtained":["Omamori"]},{"damage_healed":0.0,"max_hp_gain":0.0,"max_hp_loss":0.0,"gold_gain":0.0,"event_name":"Cursed Tome","player_choice":"Ignored","floor":19.0,"gold_loss":0.0,"damage_taken":0.0},{"damage_healed":0.0,"max_hp_gain":0.0,"max_hp_loss":0.0,"gold_gain":0.0,"event_name":"The Mausoleum","player_choice":"Opened","floor":20.0,"gold_loss":0.0,"damage_taken":0.0,"relics_obtained":["Smiling Mask"]},{"damage_healed":0.0,"max_hp_gain":0.0,"max_hp_loss":0.0,"gold_gain":0.0,"event_name":"Duplicator","player_choice":"Copied","floor":28.0,"gold_loss":0.0,"damage_taken":0.0,"cards_obtained":["Burst"]}],"is_beta":false,"boss_relics":[{"not_picked":["Velvet Choker","Fusion Hammer"],"picked":"Black Star"}],"items_purged_floors":[21,30],"is_endless":false,"potions_floor_spawned":[7,23,25,31],"killed_by":"Collector","ascension_level":13}}