{"host":"i73ch23exsqar74a","time":1612429563,"event":{"mods":["AchievementEnabler","Arknights","Aspiration","Astrologer","Bard","Bartender","BaseMod","Beaked The Cultist","Better Sensory Stone","CCEM2","CapriCore","Challenge The Spire","ChefMod","Chen","Colored Map","Colored Powertips","Conjunction","Conspire","Downfall","Fireblade Mod","FutureSeer","GifTheSpireLib","Glutton Mod","Gremlin Mod","Halation","Hermit","Highlight Path","HololiveMod","Hubris","Infinite Spire","Jedi Mod","Lobotomy","LobotomyExtend","Luminous","Marked Mod","Minty Spire (QoL Compilation)","Prisma Mod","Quarter Circle Forward PUNCH!","Quick Restart","Random Character Button","RatMod","Relic Sorter","Reliquary","Replay The Spire","SOS???????","Shade Mod","Spicy Shops","Spikes Relics","Spire Arcade","StSLib","Stuff the Spire","The Alterego","The Animator","The Bug Knight","The Construct","The Cursed","The Druid","The Exalted","The Immortal","The Judge","The Poker Player","The Sage","The Wild Card","TheHero","TheSwordswoman","TheVacant","TheVelvet","Thieving Mod","Yuri Mod","???Mod??????Boss","???mod?????"],"gold_per_floor":[110,110,120,120,28,28,28,28,28,28,28,53,67,77,96,112,112,212,212,227,245,17,17,36,71,71,81,81,81,98,111,111,137,137,235,235,248,265,265,282,293,293,108,137,163,163,180,180,234,245,245,245,245,245,245,545,1123,1123],"floor_reached":59,"language":"ENG","playtime":2690,"items_purged":["jedi:frostbite"],"score":1211,"play_id":"1ce16f19-e23c-4a1d-a8a8-6473fd220f71","local_time":"20210204130603","is_ascension_mode":false,"campfire_choices":[{"data":"Trip","floor":6.0,"key":"SMITH"},{"data":"Sadistic Nature","floor":8.0,"key":"SMITH"},{"data":"infinitespire:Punishment","floor":17.0,"key":"SMITH"},{"data":"ats:Mental Burst","floor":26.0,"key":"SMITH"},{"data":"ats:Ignite","floor":29.0,"key":"SMITH"},{"floor":32.0,"key":"REST"},{"data":"ats:Roar Of Ursus","floor":34.0,"key":"SMITH"},{"floor":42.0,"key":"REST"},{"data":"Secret Weapon","floor":46.0,"key":"SMITH"},{"floor":51.0,"key":"REST"},{"data":"ats:Wolf Pack","floor":55,"key":"SMITH"}],"circlet_count":0,"master_deck":["ats:Strike C","ats:Strike G","ats:Strike S","ats:Strike V","ats:Armor Crushing Shot","ats:Defend","ats:Defend","ats:Defend","ats:Defend","ats:Emotion Absorption+1","ats:Leaping Hammer","Sadistic Nature+1","infinitespire:Punishment+1","Trip+1","ats:Curse Doll","ats:Chain Hook","ats:Calcification","ats:Volcano","Pride","ats:Ignite+1","ats:Sword Rain","ats:Roar Of Ursus+1","ats:Healing Drone","ats:Wolf Pack","ats:Very Hot Blade","infinitespire:Gouge","Injury","bard:Inspire","ats:Calcification","Flash of Steel","hubris:Fate+1","ats:Curse Doll+1","ats:Part Time Job+1","Secret Weapon+1","ats:Cat Scratch+1","ats:Ignite+1","ats:Wolf Pack+1","ats:Mental Burst+1","ats:Ignite","ats:Phantom","Deep Breath","Crow Ritual","ats:Healing Strengthening"],"relics":["ats:Sanity","reliquary:FerryPass","LetterFromLob","infinitespire:FocusingShard","ats:Originium","Meat on the Bone","hubris:RunicObelisk","Guardian:PocketSentry","ReplayTheSpireMod:CursedCoin","reliquary:BrokenClock","infinitespire:Beetle Shell","StuffTheSpire:RubySignet","Silver_Glasses","ReplayTheSpireMod:SealedPack","ats:Remnant Ash","Bromod:ArcanePistoleer","Replay:Wax Seal","sagemod:Creepy_Carousel","hubris:NiceRug","StuffTheSpire:SapphireSignet","reliquary:Stiletto","Lee\u0027s Waffle","Bronze Scales","halation:Komachan","StuffTheSpire:Mouthbags","conspire:BottledYoYo"],"acts_visited":["Exordium","TheCity","TheBeyond","TheEnding"],"potions_floor_usage":[52,56,58,58,58],"damage_taken":[{"damage":5.0,"enemies":"conspire:RoseBush","floor":1.0,"turns":4.0},{"damage":0.0,"enemies":"2 Louse","floor":3.0,"turns":3.0},{"damage":16.0,"enemies":"Replay:BlueRogue","floor":12.0,"turns":3.0},{"damage":1.0,"enemies":"Jaw Worm","floor":13.0,"turns":2.0},{"damage":2.0,"enemies":"Exordium Thugs","floor":14.0,"turns":2.0},{"damage":0.0,"enemies":"3 Louse","floor":15.0,"turns":2.0},{"damage":0.0,"enemies":"2 Fungi Beasts","floor":16.0,"turns":2.0},{"damage":0.0,"enemies":"Slime Boss","floor":18.0,"turns":2.0},{"damage":2.0,"enemies":"2 Thieves","floor":20.0,"turns":2.0},{"damage":5.0,"enemies":"3 Byrds","floor":21.0,"turns":4.0},{"damage":0.0,"enemies":"Snake Plant","floor":24.0,"turns":2.0},{"damage":16.0,"enemies":"HollowMod:Nosk","floor":25.0,"turns":3.0},{"damage":0.0,"enemies":"Shelled Parasite and Fungi","floor":27.0,"turns":2.0},{"damage":14.0,"enemies":"conspire:HollyBat","floor":30.0,"turns":7.0},{"damage":1.0,"enemies":"Cultist and Chosen","floor":31.0,"turns":4.0},{"damage":33.0,"enemies":"Nightmare","floor":33.0,"turns":5.0},{"damage":22.0,"enemies":"hubris:MusketHawk","floor":35.0,"turns":6.0},{"damage":23.0,"enemies":"3 Darklings","floor":37.0,"turns":4.0},{"damage":0.0,"enemies":"3 Shapes","floor":38.0,"turns":2.0},{"damage":27.0,"enemies":"Jaw Worm Horde","floor":40.0,"turns":5.0},{"damage":21.0,"enemies":"Transient","floor":41.0,"turns":5.0},{"damage":36.0,"enemies":"beaked:SuperParasite","floor":44.0,"turns":7.0},{"damage":20.0,"enemies":"3 Darklings","floor":47.0,"turns":5.0},{"damage":13.0,"enemies":"2 Orb Walkers","floor":49.0,"turns":4.0},{"damage":18.0,"enemies":"Maw","floor":50.0,"turns":5.0},{"damage":52,"enemies":"Replay:Hell Engine","floor":52,"turns":6},{"damage":25,"enemies":"hubris:Merchant","floor":56,"turns":7},{"damage":2,"enemies":"Shield and Spear","floor":57,"turns":6},{"damage":87,"enemies":"The Heart","floor":58,"turns":9}],"seed_played":"8463010210303921219","potions_obtained":[{"floor":1.0,"key":"Explosive Potion"},{"floor":12.0,"key":"PowerPotion"},{"floor":13.0,"key":"Energy Potion"},{"floor":15.0,"key":"SkillPotion"},{"floor":20.0,"key":"Block Potion"},{"floor":23.0,"key":"jedi:holywater"},{"floor":23.0,"key":"Block Potion"},{"floor":35.0,"key":"Block Potion"},{"floor":41.0,"key":"hexamod:SoulburnPotion"},{"floor":50.0,"key":"DistilledChaos"},{"floor":56,"key":"LifebloodPotion"},{"floor":56,"key":"Fire Potion"}],"is_trial":false,"path_per_floor":["M","?","M","?","$","R","E","R","T","PTL","PTL","E","M","M","M","M","R","B",null,"M","M","$","?","M","E","R","M","T","R","M","M","R","NM","R","B",null,"M","M","AVR","M","M","R","$","E","T","R","M","?","?","M","R","B",null,null,"R","$","E","B",null],"character_chosen":"DOCTOR_CLASS","items_purchased":["Trip","Guardian:PocketSentry","ReplayTheSpireMod:CursedCoin","reliquary:BrokenClock","Secret Weapon"],"campfire_rested":3,"item_purchase_floors":[5,22,22,22,43],"current_hp_per_floor":[67,67,67,50,50,50,72,72,72,72,72,56,55,53,53,53,53,53,72,70,66,66,66,66,51,51,51,51,51,38,37,58,38,38,35,72,55,55,55,38,37,58,58,37,37,37,42,42,48,39,60,30,30,72,72,79,78,20],"gold":1123,"neow_bonus":"UPGRADE_CARD","is_daily":false,"chose_seed":false,"campfire_upgraded":8,"win_rate":0.0,"timestamp":1612429563,"path_taken":["M","?","M","?","$","R","E","R","T","PTL","PTL","E","M","?","M","M","R","BOSS","M","M","$","?","M","E","R","?","T","R","M","M","R","NM","R","BOSS","M","M","AVR","M","M","R","$","E","T","R","M","?","?","M","R","BOSS","R","$","E","BOSS"],"items_purchased_type":["Card","Relic","Relic","Relic","Card"],"build_version":"2020-12-22","purchased_purges":1,"victory":true,"max_hp_per_floor":[72,72,72,72,72,72,72,72,72,72,72,72,72,72,72,72,72,72,72,72,72,72,72,72,72,72,72,72,72,72,72,72,72,72,72,72,72,72,72,72,72,72,72,72,72,72,72,72,72,72,72,72,72,72,72,79,79,79],"card_choices":[{"not_picked":["ats:Assault Order","ats:Serious Mode"],"picked":"ats:Leaping Hammer","floor":1.0},{"not_picked":["Transmutation","Dramatic Entrance"],"picked":"Sadistic Nature","floor":2.0},{"not_picked":["ats:Directed Diagnosis","ats:Defend Order"],"picked":"ats:Mental Burst","floor":3.0},{"not_picked":["infinitespire:Execution","infinitespire:Menacing"],"picked":"infinitespire:Punishment","floor":4.0},{"not_picked":["ats:Overload","ats:Absolute Focus","ats:Charging Defense"],"picked":"SKIP","floor":12.0},{"not_picked":["ats:Support Order","ats:Consecutive Shot Auto","ats:Assault Order"],"picked":"SKIP","floor":13.0},{"not_picked":["ats:Closed Bolt Burst Fire","ats:Explosion Area Strengthen"],"picked":"ats:Curse Doll","floor":14.0},{"not_picked":["ats:Demon Strength","ats:Powerful Strike"],"picked":"ats:Chain Hook","floor":15.0},{"not_picked":["ats:Closed Bolt Burst Fire","ats:Assault Order"],"picked":"ats:Calcification","floor":16.0},{"not_picked":["ats:Dogmatic Field","ats:Calcification"],"picked":"ats:Volcano","floor":18.0},{"not_picked":["ats:LN2 Cannon","ats:Assault Order","ats:Serious Mode"],"picked":"SKIP","floor":20.0},{"not_picked":["ats:Phantom","ats:Collapsing Strike","ats:Composite Medical Shells"],"picked":"SKIP","floor":21.0},{"not_picked":["ats:Powerful Strike","ats:Automatic Cover","ats:Flexible Camouflage"],"picked":"SKIP","floor":24.0},{"not_picked":["ats:Sunburst","ats:Directed Diagnosis+1"],"picked":"ats:Ignite","floor":25.0},{"not_picked":["ats:Collapsing Strike+1","ats:Leaping Hammer"],"picked":"ats:Sword Rain","floor":27.0},{"not_picked":["ats:Guard Mode","ats:Literary Storm","ats:Chain Hook+1"],"picked":"SKIP","floor":30.0},{"not_picked":["ats:Closed Bolt Burst Fire","ats:Soul Absorption"],"picked":"ats:Roar Of Ursus","floor":31.0},{"not_picked":["ats:Assault Order+1","ats:Ambush"],"picked":"ats:Healing Drone","floor":33.0},{"not_picked":["ats:Rat Pack","ats:True Silver Slash"],"picked":"ats:Wolf Pack","floor":35.0},{"not_picked":["ats:Automatic Cover+1","ats:Thermite Blade+1","ats:Powerful Strike"],"picked":"SKIP","floor":37.0},{"not_picked":["ats:Closed Bolt Burst Fire+1","ats:Apocalypse+1"],"picked":"ats:Very Hot Blade","floor":38.0},{"not_picked":["theDruid:Strike_O","alterego_mod:BigMeatyClaws"],"picked":"bard:Inspire","floor":39.0},{"not_picked":["ats:Ambush","ats:True Silver Slash"],"picked":"ats:Calcification","floor":39.0},{"not_picked":["StuffTheSpire:FreeRealEstate","ReplayTheSpireMod:Trickstab"],"picked":"Flash of Steel","floor":39.0},{"not_picked":["infinitespire:DeathsTouch","hubris:InfiniteBlow"],"picked":"hubris:Fate","floor":39.0},{"not_picked":["ats:Apocalypse","ats:Echo Reverb"],"picked":"ats:Curse Doll+1","floor":40.0},{"not_picked":["ats:Leaping Hammer+1","ats:Powerful Strike+1"],"picked":"ats:Part Time Job+1","floor":41.0},{"not_picked":["ats:Ignite","ats:Part Time Job+1"],"picked":"ats:Cat Scratch+1","floor":44.0},{"not_picked":["ats:Explosion Area Strengthen+1","ats:Magnetic Hammer","ats:Closed Bolt Burst Fire"],"picked":"SKIP","floor":47.0},{"not_picked":["ats:Flexible Camouflage","ats:Assault Order"],"picked":"ats:Ignite+1","floor":49.0},{"not_picked":["ats:Encircling Forest+1","ats:Mental Burst"],"picked":"ats:Wolf Pack","floor":50.0},{"not_picked":[],"picked":"ats:Ignite","floor":56},{"not_picked":[],"picked":"ats:Phantom","floor":56},{"not_picked":[],"picked":"Deep Breath","floor":56},{"not_picked":[],"picked":"Crow Ritual","floor":56},{"not_picked":["ats:Powerful Strike"],"picked":"SKIP","floor":56},{"not_picked":["ats:Guard Mode"],"picked":"SKIP","floor":56},{"not_picked":["ats:Shell Defense"],"picked":"SKIP","floor":56},{"not_picked":["ats:Assault Order+1","ats:Closed Bolt Burst Fire+1"],"picked":"ats:Healing Strengthening","floor":57}],"player_experience":1398059,"relics_obtained":[{"floor":1.0,"key":"LetterFromLob"},{"floor":9.0,"key":"infinitespire:FocusingShard"},{"floor":12.0,"key":"ats:Originium"},{"floor":12.0,"key":"Meat on the Bone"},{"floor":25.0,"key":"ats:Originium"},{"floor":25.0,"key":"infinitespire:Beetle Shell"},{"floor":28.0,"key":"StuffTheSpire:RubySignet"},{"floor":33.0,"key":"ats:Originium"},{"floor":33.0,"key":"reliquary:FerryPass"},{"floor":44.0,"key":"ats:Originium"},{"floor":44.0,"key":"Bromod:ArcanePistoleer"},{"floor":45.0,"key":"Replay:Wax Seal"},{"floor":49.0,"key":"sagemod:Creepy_Carousel"},{"floor":56,"key":"StuffTheSpire:SapphireSignet"},{"floor":56,"key":"reliquary:Stiletto"},{"floor":56,"key":"Lee\u0027s Waffle"},{"floor":56,"key":"Bronze Scales"},{"floor":56,"key":"halation:Komachan"},{"floor":56,"key":"StuffTheSpire:Mouthbags"},{"floor":57,"key":"conspire:BottledYoYo"}],"event_choices":[{"damage_healed":0.0,"max_hp_gain":0.0,"max_hp_loss":0.0,"gold_gain":1.0,"event_name":"betterStone:BetterStone","player_choice":"1","floor":2.0,"gold_loss":0.0,"damage_taken":0.0},{"damage_healed":0.0,"max_hp_gain":0.0,"max_hp_loss":0.0,"gold_gain":0.0,"event_name":"Lab","player_choice":"Got Potions","floor":23.0,"gold_loss":0.0,"damage_taken":0.0},{"damage_healed":0.0,"max_hp_gain":0.0,"max_hp_loss":0.0,"gold_gain":0.0,"event_name":"Mysterious Sphere","player_choice":"Fight","floor":49.0,"gold_loss":0.0,"damage_taken":0.0}],"is_beta":false,"boss_relics":[{"not_picked":["CCEMRelics:ReaperScythe","halation:LoveArrow"],"picked":"hubris:RunicObelisk"},{"not_picked":["Tiny House","reliquary:KinkedSpring"],"picked":"Silver_Glasses"}],"items_purged_floors":[22],"is_endless":false,"potions_floor_spawned":[1,12,13,15,16,20,24,25,35,41,44,49,50,57],"ascension_level":0}}