{"host":"osfffw6eu3utmcte","time":1612457428,"event":{"mods":["AchievementEnabler","BaseMod","Downfall","Hermit","Jorbs\u0027s Wanderer Trilogy","Minty Spire (QoL Compilation)","StSLib","The Cursed"],"gold_per_floor":[99,199,217,22,33,46,72,72,88,119,133,133,133,152,167,262,262,262,277,277,287,298,14,14,14,38,51,78,178,78,93,103,208,208,208,224,96,96,96,96,96,96,126,139,151,161,178,209,227,227],"floor_reached":51,"language":"ENG","playtime":7546,"items_purged":["Writhe","bronze:Strike"],"score":783,"play_id":"6a878e01-c82c-4fba-9423-96d793939275","local_time":"20210204175028","is_ascension_mode":false,"campfire_choices":[{"data":"bronze:Goto","floor":1.0,"key":"SMITH"},{"data":"bronze:Repulsor","floor":13.0,"key":"SMITH"},{"data":"bronze:Optimize","floor":18.0,"key":"SMITH"},{"data":"bronze:Flail","floor":25.0,"key":"SMITH"},{"data":"bronze:BuggyMess","floor":30.0,"key":"SMITH"},{"data":"expansioncontent:StudyTheSpire","floor":35.0,"key":"SMITH"},{"data":"bronze:FineTuning","floor":40.0,"key":"SMITH"},{"data":"bronze:Allocate","floor":42.0,"key":"SMITH"}],"circlet_count":0,"master_deck":["bronze:Strike","bronze:Defend","bronze:Defend","bronze:Defend","bronze:Defend","bronze:Replicate","bronze:Goto+1","bronze:BuggyMess+1","bronze:Repulsor+1","bronze:FineTuning+1","bronze:ChosenStrike","bronze:Optimize+1","bronze:DelayedGuard","bronze:Fortify","bronze:OilSpill","bronze:CutThrough","bronze:Allocate+1","bronze:ForLoop","bronze:ThunderWave","bronze:BitShift+1","bronze:Overload+1","bronze:Frontload+1","bronze:Flail+1","expansioncontent:StudyTheSpire+1","bronze:Shell","bronze:ForceShield+1","bronze:DecaBeam","bronze:GetLatest+1","bronze:Format","bronze:Repair+1","bronze:BronzeOrb","bronze:MaxOutput","bronze:SpaghettiCode","bronze:BuggyMess+1","bronze:Shell+1","bronze:ItsAFeature"],"relics":["bronze:PlatinumCore","bronze:SilverBullet","Tiny Chest","Vajra","bronze:MakeshiftBattery","Eternal Feather","Strawberry","Mummified Hand","downfall:HeartBlessingBlue","White Beast Statue","Bottled Tornado","Bottled Lightning","Molten Egg 2","HornCleat"],"acts_visited":["Exordium","TheCity","TheBeyond"],"potions_floor_usage":[49,50,50],"damage_taken":[{"damage":0.0,"enemies":"Cultist","floor":3.0,"turns":5.0},{"damage":0.0,"enemies":"downfall:FleeingMerchant","floor":4.0,"turns":4.0},{"damage":0.0,"enemies":"Small Slimes","floor":5.0,"turns":4.0},{"damage":2.0,"enemies":"2 Louse","floor":6.0,"turns":2.0},{"damage":0.0,"enemies":"Large Slime","floor":9.0,"turns":5.0},{"damage":20.0,"enemies":"Lagavulin","floor":10.0,"turns":9.0},{"damage":0.0,"enemies":"2 Fungi Beasts","floor":11.0,"turns":2.0},{"damage":0.0,"enemies":"3 Louse","floor":14.0,"turns":3.0},{"damage":0.0,"enemies":"Lots of Slimes","floor":15.0,"turns":1.0},{"damage":18.0,"enemies":"WA_ARCHETYPE_RETAIN","floor":16.0,"turns":6.0},{"damage":8.0,"enemies":"Shell Parasite","floor":19.0,"turns":3.0},{"damage":5.0,"enemies":"Chosen","floor":21.0,"turns":3.0},{"damage":13.0,"enemies":"3 Cultists","floor":22.0,"turns":5.0},{"damage":0.0,"enemies":"downfall:FleeingMerchant","floor":23.0,"turns":4.0},{"damage":0.0,"enemies":"Snake Plant","floor":27.0,"turns":2.0},{"damage":44.0,"enemies":"Book of Stabbing","floor":28.0,"turns":5.0},{"damage":0.0,"enemies":"Book of Stabbing","floor":29.0,"turns":5.0},{"damage":3.0,"enemies":"Centurion and Healer","floor":31.0,"turns":3.0},{"damage":0.0,"enemies":"Snecko","floor":32.0,"turns":5.0},{"damage":20.0,"enemies":"DF_ARCHETYPE_CLAW","floor":33.0,"turns":7.0},{"damage":0.0,"enemies":"3 Shapes","floor":36.0,"turns":6.0},{"damage":4.0,"enemies":"downfall:FleeingMerchant","floor":37.0,"turns":4.0},{"damage":7.0,"enemies":"Nemesis","floor":43.0,"turns":7.0},{"damage":0.0,"enemies":"Orb Walker","floor":44.0,"turns":2.0},{"damage":1.0,"enemies":"4 Shapes","floor":45.0,"turns":4.0},{"damage":0.0,"enemies":"Jaw Worm Horde","floor":46.0,"turns":4.0},{"damage":4.0,"enemies":"Sphere and 2 Shapes","floor":47.0,"turns":7.0},{"damage":0.0,"enemies":"Giant Head","floor":48.0,"turns":8.0},{"damage":0,"enemies":"Writhing Mass","floor":49,"turns":4},{"damage":62,"enemies":"IC_BLOCK_ARCHETYPE","floor":50,"turns":10}],"seed_played":"-4791757177728445893","potions_obtained":[{"floor":5.0,"key":"ColorlessPotion"},{"floor":11.0,"key":"PowerPotion"},{"floor":14.0,"key":"PowerPotion"},{"floor":15.0,"key":"SkillPotion"},{"floor":21.0,"key":"AttackPotion"},{"floor":22.0,"key":"LiquidMemories"},{"floor":27.0,"key":"SmokeBomb"},{"floor":28.0,"key":"FearPotion"},{"floor":31.0,"key":"Fire Potion"},{"floor":33.0,"key":"FearPotion"},{"floor":45.0,"key":"ColorlessPotion"},{"floor":47.0,"key":"DuplicationPotion"},{"floor":48.0,"key":"LiquidBronze"},{"floor":49,"key":"Fire Potion"}],"is_trial":false,"path_per_floor":["R","?","M","$","M","M","T","?","M","E","M","?","R","M","M","B",null,"R","M","?","M","M","$","T","R","T","M","E","?","R","M","M","B",null,"R","M","?","?","T","R","T","R","E","M","M","M","M","E","M","B",null],"character_chosen":"THE_AUTOMATON","items_purchased":["bronze:SilverBullet","bronze:FineTuning","expansioncontent:StudyTheSpire","White Beast Statue","bronze:BronzeOrb","bronze:MaxOutput"],"campfire_rested":0,"item_purchase_floors":[4,4,23,37,37,37],"current_hp_per_floor":[77,77,77,77,77,75,75,75,75,55,55,55,55,55,55,37,77,77,69,69,64,51,51,51,66,73,73,29,29,54,51,51,31,94,94,94,90,94,94,94,94,94,94,94,93,94,90,94,94,32],"gold":227,"neow_bonus":"TEN_PERCENT_HP_BONUS","is_daily":false,"chose_seed":false,"campfire_upgraded":8,"win_rate":0.0,"timestamp":1612457428,"path_taken":["R","?","M","$","M","M","T","?","M","E","M","?","R","M","M","BOSS","R","M","?","M","M","$","T","R","?","M","E","?","R","M","M","BOSS","R","M","?","?","?","R","T","R","E","M","M","M","?","E","M","BOSS"],"items_purchased_type":["Relic","Card","Card","Relic","Card","Card"],"build_version":"2020-12-22","purchased_purges":2,"victory":true,"max_hp_per_floor":[77,77,77,77,77,77,77,77,77,77,77,77,77,77,77,77,77,77,77,77,77,77,77,77,77,84,84,84,84,94,94,94,94,94,94,94,94,94,94,94,94,94,94,94,94,94,94,94,94,94],"card_choices":[{"not_picked":["bronze:Invalidate","bronze:CloningBeam"],"picked":"bronze:BuggyMess","floor":3.0},{"not_picked":["bronze:Overheat","bronze:Invalidate"],"picked":"bronze:Repulsor","floor":4.0},{"not_picked":["bronze:GetLatest","bronze:Deprecate"],"picked":"bronze:ChosenStrike","floor":5.0},{"not_picked":["bronze:DelayedGuard","bronze:WhirlingStrike"],"picked":"bronze:Optimize","floor":6.0},{"not_picked":["bronze:ChildClass","bronze:RecursiveStrike"],"picked":"bronze:DelayedGuard","floor":9.0},{"not_picked":["bronze:NullPointer","bronze:Shield"],"picked":"bronze:Fortify","floor":10.0},{"not_picked":["bronze:Return","bronze:Fortify"],"picked":"bronze:OilSpill","floor":11.0},{"not_picked":["bronze:BitShift","bronze:BronzeOrb"],"picked":"bronze:Allocate","floor":14.0},{"not_picked":["bronze:Invalidate","bronze:Turbo"],"picked":"bronze:ForLoop","floor":15.0},{"not_picked":["bronze:BurnOut","bronze:CleanCode"],"picked":"bronze:ThunderWave","floor":16.0},{"not_picked":["bronze:Turbo","bronze:Shield"],"picked":"bronze:BitShift+1","floor":19.0},{"not_picked":["bronze:Shield+1","bronze:BitShift"],"picked":"bronze:Overload+1","floor":21.0},{"not_picked":["bronze:ChosenStrike","bronze:Optimize"],"picked":"bronze:Frontload+1","floor":22.0},{"not_picked":["bronze:Iterate","bronze:Branch+1"],"picked":"bronze:Flail","floor":23.0},{"not_picked":["bronze:DarkDash","bronze:Philosophize+1"],"picked":"bronze:Shell","floor":27.0},{"not_picked":["bronze:BugBarrage+1","bronze:FollowUp"],"picked":"bronze:ForceShield+1","floor":28.0},{"not_picked":[],"picked":"bronze:DecaBeam","floor":29.0},{"not_picked":["bronze:BronzeOrb","bronze:Allocate"],"picked":"bronze:GetLatest+1","floor":29.0},{"not_picked":["bronze:ChosenStrike","bronze:OilSpill","bronze:WildBeam+1"],"picked":"SKIP","floor":31.0},{"not_picked":["bronze:WildBeam","bronze:Shield+1","bronze:Frontload"],"picked":"SKIP","floor":32.0},{"not_picked":["bronze:ThunderWave","bronze:Assembly"],"picked":"bronze:Format","floor":33.0},{"not_picked":["bronze:Boost","bronze:WildBeam+1"],"picked":"bronze:Repair+1","floor":36.0},{"not_picked":["bronze:Invalidate","bronze:ShipIt"],"picked":"bronze:Repair","floor":37.0},{"not_picked":["bronze:WildBeam+1","bronze:OilSpill+1","bronze:BugBarrage+1"],"picked":"SKIP","floor":43.0},{"not_picked":["bronze:FineTuning","bronze:Deprecate+1"],"picked":"bronze:SpaghettiCode","floor":44.0},{"not_picked":["bronze:Iterate+1","bronze:Safeguard"],"picked":"bronze:BuggyMess+1","floor":45.0},{"not_picked":["bronze:Repair+1","bronze:BronzeArmor","bronze:Deprecate"],"picked":"SKIP","floor":46.0},{"not_picked":["bronze:Repair","bronze:OilSpill+1","bronze:Turbo"],"picked":"SKIP","floor":47.0},{"not_picked":["bronze:ClassDefault+1","bronze:ThunderWave+1"],"picked":"bronze:Shell+1","floor":48.0},{"not_picked":["bronze:Shell+1","bronze:DelayedGuard+1"],"picked":"bronze:ItsAFeature","floor":49}],"player_experience":623635,"relics_obtained":[{"floor":7.0,"key":"Tiny Chest"},{"floor":10.0,"key":"Vajra"},{"floor":26.0,"key":"Strawberry"},{"floor":28.0,"key":"Mummified Hand"},{"floor":39.0,"key":"Bottled Tornado"},{"floor":41.0,"key":"Bottled Lightning"},{"floor":43.0,"key":"Molten Egg 2"},{"floor":48.0,"key":"HornCleat"}],"event_choices":[{"cards_removed":["bronze:Strike"],"damage_healed":0.0,"max_hp_gain":0.0,"max_hp_loss":0.0,"gold_gain":0.0,"event_name":"The Cleric","player_choice":"Card Removal","floor":8.0,"gold_loss":0.0,"damage_taken":0.0},{"cards_removed":["bronze:Repair"],"damage_healed":4.0,"max_hp_gain":0.0,"max_hp_loss":0.0,"gold_gain":0.0,"event_name":"Bonfire Elementals","player_choice":"Offered Uncommon","floor":38.0,"gold_loss":0.0,"damage_taken":0.0}],"is_beta":false,"boss_relics":[{"not_picked":["Pandora\u0027s Box","Fusion Hammer"],"picked":"bronze:MakeshiftBattery"},{"not_picked":["Sozu","SacredBark"],"picked":"bronze:PlatinumCore"}],"items_purged_floors":[23,37],"is_endless":false,"potions_floor_spawned":[5,11,14,15,21,22,27,28,31,33,43,44,45,46,47,48,49],"ascension_level":0}}