{"host":"yp2ga117svxnbcen","time":1612426195,"event":{"mods":["Act Like it!","Aspiration","BaseMod","BetterRewards","ChefMod","Colored Map","Conspire","Custom Start","Downfall","Elementarium","Gensokyo","GifTheSpireLib","Gold Saver","GungeonMod","Halation","Hallownest","Hermit","HornydragonMod","Hubris","Menagerie","Minty Spire (QoL Compilation)","Quick Restart","Remove Card Discount Mod","Replay The Spire","Shop Mod","Spicy Shops","StSLib","Stuff the Spire","The Blue Laboratory","The IronCluck","egg","slay the spire mod where everything is the same but ironclad has a cowboy hat","??????REMEMod"],"gold_per_floor":[5541,5559,5559,5834,5844,5844,5869,5881,5326,5326,5326,4868,4887,4902,4922,5021,5021,5021,5021,5053,5064,5249,5249,5276,5291,5304,5338,5338,5338,5389,5404,5418,5523,5523,5523,5533,5533,5137,5237,5249,5297,5316,5262,4549,4549,4549,4561,4581,4592,4592],"floor_reached":51,"language":"ENG","playtime":1053,"items_purged":["Regret","Secret Weapon","bronze:Defend","bronze:Goto","bronze:Defend","bronze:Defend","bronze:Defend","bronze:Overheat","Dramatic Entrance"],"score":913,"play_id":"82fdee5f-7726-4662-b270-eefe04ca3f1a","local_time":"20210204000955","is_ascension_mode":false,"campfire_choices":[{"data":"bronze:Replicate","floor":1.0,"key":"SMITH"},{"floor":6.0,"key":"RECALL"},{"data":"bronze:Backtrace","floor":11.0,"key":"SMITH"},{"data":"bronze:RecursiveStrike","floor":18.0,"key":"SMITH"},{"data":"HandOfGreed","floor":29,"key":"SMITH"},{"data":"bronze:Backtrace","floor":35,"key":"SMITH"},{"data":"StuffTheSpire:BrainWave","floor":46,"key":"SMITH"}],"circlet_count":0,"master_deck":["bronze:Strike","bronze:Strike","bronze:Strike","bronze:Replicate+1","bronze:Backtrace+1","bronze:DelayedSlice","bronze:RecursiveStrike+1","HandOfGreed+1","REME_MawOfCthun","bronze:InfiniteLoop","bronze:Mutator","bronze:Iterate+1","bronze:Iterate","bronze:Backtrace+1","bronze:Overheat+1","bronze:ThunderWave","StuffTheSpire:BrainWave+1"],"relics":["bronze:BronzeCore","REME_ComplimentaryCards","halation:RedSoulGem","StuffTheSpire:ForceGauntlet","ReplayTheSpireMod:ShopPack","Onion Ring","hubris:EmptyBottle","hubris:HollowSoul","hubris:Towel","ClockworkSouvenir","Centennial Puzzle","hubris:Icosahedron","hubris:ToyBattleship","SlaversCollar","DemoMod:MeatBun","Pet Ghost","downfall:GremlinWheel","MealTicket","halation:TrafficLight","HornCleat"],"acts_visited":["Exordium","TheCity","TheBeyond"],"potions_floor_usage":[30,30,30,30,33,42,42,50,50,50,50,50],"damage_taken":[{"damage":5.0,"enemies":"conspire:RoseBush","floor":2.0,"turns":3.0},{"damage":2.0,"enemies":"2 Louse","floor":5.0,"turns":3.0},{"damage":0.0,"enemies":"Cultist","floor":8.0,"turns":2.0},{"damage":12.0,"enemies":"downfall:FleeingMerchant","floor":9.0,"turns":4.0},{"damage":15.0,"enemies":"downfall:FleeingMerchant","floor":12.0,"turns":4.0},{"damage":0.0,"enemies":"Exordium Wildlife","floor":13.0,"turns":1.0},{"damage":0.0,"enemies":"2 Fungi Beasts","floor":14.0,"turns":1.0},{"damage":0.0,"enemies":"Large Slime","floor":15.0,"turns":2.0},{"damage":0.0,"enemies":"SI_SHIV_ARCHETYPE","floor":16.0,"turns":3.0},{"damage":0,"enemies":"Spheric Guardian","floor":20,"turns":1},{"damage":0,"enemies":"Snake Plant","floor":21,"turns":2},{"damage":0,"enemies":"downfall:FleeingMerchant","floor":22,"turns":1},{"damage":0,"enemies":"Centurion and Healer","floor":25,"turns":1},{"damage":0,"enemies":"3 Cultists","floor":26,"turns":2},{"damage":0,"enemies":"Snake Plant","floor":27,"turns":1},{"damage":0,"enemies":"Book of Stabbing","floor":30,"turns":1},{"damage":20,"enemies":"conspire:HollyBat","floor":31,"turns":5},{"damage":0,"enemies":"Snecko","floor":32,"turns":1},{"damage":0,"enemies":"WA_ARCHETYPE_CALM","floor":33,"turns":2},{"damage":9,"enemies":"3 Shapes","floor":36,"turns":1},{"damage":0,"enemies":"3 Shapes","floor":39,"turns":1},{"damage":0,"enemies":"Orb Walker","floor":40,"turns":1},{"damage":0,"enemies":"Writhing Mass","floor":42,"turns":1},{"damage":18,"enemies":"4 Shapes","floor":47,"turns":1},{"damage":32,"enemies":"3 Darklings","floor":48,"turns":2},{"damage":0,"enemies":"Transient","floor":49,"turns":4},{"damage":0,"enemies":"IC_BLOCK_ARCHETYPE","floor":50,"turns":1}],"seed_played":"-5972954169990451449","potions_obtained":[{"floor":2.0,"key":"blueLaboratory:FruitPunch"},{"floor":13.0,"key":"PowerPotion"},{"floor":25,"key":"blueLaboratory:HorrorPotion"},{"floor":31,"key":"Strength Potion"},{"floor":33,"key":"Explosive Potion"}],"is_trial":false,"path_per_floor":["R","M","?","?","M","R","T","M","$","?","R","$","M","M","M","B",null,"R","?","M","M","$","?","T","M","M","M","?","R","E","M","M","B",null,"R","M","?","$","?","M","T","M","$","?","?","R","M","M","M","B",null],"character_chosen":"THE_AUTOMATON","items_purchased":["StuffTheSpire:ForceGauntlet","ReplayTheSpireMod:ShopPack","LifebloodPotion","bronze:Overheat","Onion Ring","hubris:EmptyBottle","blueLaboratory:FruitPunch","ClockworkSouvenir","DemoMod:MeatBun","Pet Ghost","DistilledChaos","Dramatic Entrance","blueLaboratory:FruitPunch","halation:TrafficLight","HornCleat","Adrenaline Potion"],"campfire_rested":0,"item_purchase_floors":[9,9,9,9,12,12,12,22,38,38,38,38,43,44,44,44],"current_hp_per_floor":[77,72,72,72,70,70,70,70,60,65,65,50,50,50,50,54,88,88,88,88,88,88,88,88,88,88,88,88,88,88,68,68,68,88,88,79,79,80,80,80,80,80,80,80,80,80,62,30,30,30],"gold":4592,"neow_bonus":"TEN_PERCENT_HP_BONUS","is_daily":false,"chose_seed":false,"campfire_upgraded":6,"win_rate":0.0,"timestamp":1612426195,"path_taken":["R","M","?","?","?","R","T","M","$","?","R","$","M","M","M","BOSS","R","?","M","M","$","?","T","M","M","M","?","R","E","?","M","BOSS","R","M","?","$","?","?","T","M","$","?","?","R","M","M","M","BOSS"],"items_purchased_type":["Relic","Relic","Potion","Card","Relic","Relic","Potion","Relic","Relic","Relic","Potion","Card","Potion","Relic","Relic","Potion"],"build_version":"2020-12-22","purchased_purges":9,"victory":true,"max_hp_per_floor":[77,77,77,77,77,77,77,77,79,84,84,84,84,84,84,88,88,88,88,88,88,88,88,88,88,88,88,88,88,88,88,88,88,88,88,88,80,80,80,80,80,80,80,80,80,80,80,80,80,80],"card_choices":[{"not_picked":["bronze:BugBarrage","bronze:MaxOutput"],"picked":"bronze:Backtrace","floor":2.0},{"not_picked":["bronze:Safeguard","bronze:BitShift"],"picked":"bronze:DelayedSlice","floor":5.0},{"not_picked":["bronze:MaxOutput","bronze:Overload","bronze:FineTuning"],"picked":"SKIP","floor":8.0},{"not_picked":["bronze:WhirlingStrike","bronze:ItsAFeature"],"picked":"bronze:RecursiveStrike","floor":9.0},{"not_picked":["Secret Weapon","Apotheosis"],"picked":"HandOfGreed","floor":9.0},{"not_picked":["Replay:BasicMightCard","REME_BodyOfCthun"],"picked":"REME_MawOfCthun","floor":9.0},{"not_picked":["bronze:Shell","bronze:Branch","bronze:ItsAFeature"],"picked":"SKIP","floor":12.0},{"not_picked":["bronze:FineTuning","bronze:Backtrace"],"picked":"bronze:InfiniteLoop","floor":13.0},{"not_picked":["bronze:Shield","bronze:FollowUp","bronze:OilSpill"],"picked":"SKIP","floor":14.0},{"not_picked":["bronze:Branch","bronze:GetLatest","bronze:OilSpill"],"picked":"SKIP","floor":15.0},{"not_picked":["bronze:HardenedForm","bronze:BurnOut"],"picked":"bronze:Mutator","floor":16.0},{"not_picked":["bronze:ClassDefault+1","bronze:Refactor"],"picked":"bronze:Iterate+1","floor":20},{"not_picked":["bronze:Turbo","bronze:WhirlingStrike","bronze:ChildClass+1"],"picked":"SKIP","floor":21},{"not_picked":["bronze:Repulsor+1","bronze:Shell","bronze:DarkDash"],"picked":"SKIP","floor":22},{"not_picked":["bronze:OilSpill","bronze:ChildClass"],"picked":"bronze:Backtrace","floor":25},{"not_picked":["bronze:WhirlingStrike","bronze:Invalidate","bronze:Overload"],"picked":"SKIP","floor":26},{"not_picked":["bronze:FineTuning","bronze:WildBeam+1","bronze:OilSpill+1"],"picked":"SKIP","floor":27},{"not_picked":["bronze:DelayedGuard","bronze:Frontload","bronze:Constructor"],"picked":"SKIP","floor":30},{"not_picked":["bronze:Separator+1","bronze:Constructor"],"picked":"bronze:Overheat+1","floor":31},{"not_picked":["bronze:DelayedSlice","bronze:Invalidate","bronze:DelayedGuard"],"picked":"SKIP","floor":32},{"not_picked":["bronze:Assembly","bronze:Format"],"picked":"bronze:ThunderWave","floor":33},{"not_picked":["bronze:Separator+1","bronze:DelayedGuard+1","bronze:FineTuning"],"picked":"SKIP","floor":36},{"not_picked":["bronze:Fortify+1","bronze:Philosophize+1","bronze:DelayedGuard+1"],"picked":"SKIP","floor":40},{"not_picked":["bronze:Branch+1","bronze:GetLatest+1","bronze:Overload"],"picked":"SKIP","floor":42},{"not_picked":["bronze:OilSpill","bronze:BitShift+1","bronze:DelayedGuard"],"picked":"SKIP","floor":47},{"not_picked":["bronze:Constructor+1","bronze:BronzeOrb","bronze:Overheat"],"picked":"SKIP","floor":48},{"not_picked":["bronze:Safeguard","bronze:OilSpill+1","bronze:WildBeam"],"picked":"SKIP","floor":49}],"player_experience":1174576,"relics_obtained":[{"floor":24,"key":"Centennial Puzzle"},{"floor":30,"key":"hubris:ToyBattleship"},{"floor":39,"key":"downfall:GremlinWheel"},{"floor":41,"key":"MealTicket"}],"event_choices":[{"damage_healed":0.0,"max_hp_gain":5.0,"max_hp_loss":0.0,"gold_gain":0.0,"event_name":"Big Fish","player_choice":"Donut","floor":10.0,"gold_loss":0.0,"damage_taken":0.0},{"damage_healed":0,"gold_gain":0,"player_choice":"Read","damage_taken":0,"max_hp_gain":0,"max_hp_loss":0,"event_name":"The Library","floor":23,"gold_loss":0,"cards_obtained":["bronze:Iterate"]},{"cards_removed":["bronze:Strike"],"damage_healed":0,"gold_gain":0,"player_choice":"Card Removal","damage_taken":0,"max_hp_gain":0,"max_hp_loss":0,"event_name":"Wheel of Change","floor":46,"gold_loss":0}],"is_beta":false,"boss_relics":[{"not_picked":["halation:ForbiddenBikini","aspiration:SecretTechniqueScroll"],"picked":"hubris:HollowSoul"},{"not_picked":["halation:PinkAlligatorPlush","Busted Crown"],"picked":"SlaversCollar"}],"items_purged_floors":[9,9,22,22,22,22,22,43,43],"is_endless":false,"potions_floor_spawned":[2,13,16,20,25,26,31,32,33,39,40,47],"ascension_level":0}}