{"host":"eaiphzh066bwqdh7","time":1612398585,"event":{"mods":["BaseMod","Better Note","Halation","Hubris","Minty Spire (QoL Compilation)","Reliquary","Replay The Spire","StSLib"],"gold_per_floor":[119,119,44,54,54,54,81,96,96,6,70,70,70,82,82,186,186,200,200,51,51,68,68,100,100,179,214,214,214,232,243,243,243,243],"floor_reached":33,"language":"ENG","playtime":954,"items_purged":["Strike_P","Strike_P"],"score":352,"play_id":"13bcc8ad-96d9-44e5-9d0c-ef34452b75c9","local_time":"20210203192945","is_ascension_mode":true,"campfire_choices":[{"data":"Replay:AllIn","floor":6,"key":"SMITH"},{"data":"Eruption","floor":12,"key":"SMITH"},{"floor":15,"key":"REST"},{"floor":23,"key":"REST"},{"floor":25,"key":"REST"},{"floor":28,"key":"REST"},{"floor":32,"key":"REST"}],"circlet_count":0,"master_deck":["Strike_P","Strike_P","Defend_P","Defend_P","Defend_P","Eruption+1","Vigilance","Replay:AllIn+1","Prostrate","CarveReality","Dramatic Entrance","Prostrate","DevaForm+1","Prostrate","BattleHymn+1","Worship","CrushJoints+1","Replay:LoomingThreat"],"relics":["PureWater","NeowsBlessing","reliquary:IvoryTrinket","Blue Doll","Anchor","hubris:Macrotransations","hubris:EvacipatedBox","hubris:FruitBowl","VioletLotus","hubris:Towel","Letter Opener","Molten Egg 2","halation:TwoAmDonut"],"acts_visited":["Exordium","TheCity"],"potions_floor_usage":[8,11,18,31,33],"damage_taken":[{"damage":0,"enemies":"2 Louse","floor":1,"turns":1},{"damage":0,"enemies":"Cultist","floor":4,"turns":1},{"damage":0,"enemies":"Lagavulin","floor":7,"turns":1},{"damage":0,"enemies":"Jaw Worm","floor":8,"turns":1},{"damage":2,"enemies":"3 Sentries","floor":11,"turns":6},{"damage":0,"enemies":"Gremlin Gang","floor":14,"turns":2},{"damage":4,"enemies":"Slime Boss","floor":16,"turns":5},{"damage":12,"enemies":"Chosen","floor":18,"turns":3},{"damage":17,"enemies":"2 Thieves","floor":22,"turns":3},{"damage":32,"enemies":"Gremlin Leader","floor":24,"turns":6},{"damage":50,"enemies":"Book of Stabbing","floor":27,"turns":5},{"damage":15,"enemies":"Centurion and Healer","floor":30,"turns":4},{"damage":25,"enemies":"Snecko","floor":31,"turns":5},{"damage":64,"enemies":"Champ","floor":33,"turns":5}],"seed_played":"-7496743513996155405","potions_obtained":[{"floor":7,"key":"Adrenaline Potion"},{"floor":8,"key":"SkillPotion"},{"floor":16,"key":"Death Potion"},{"floor":18,"key":"LiquidMemories"},{"floor":31,"key":"Explosive Potion"}],"is_trial":false,"path_per_floor":["M","?","$","M","$","R","E","M","T","$","?","R","$","M","R","B",null,"M","?","$","?","M","R","E","R","T","E","R","?","M","M","R","B"],"character_chosen":"WATCHER","items_purchased":["Dramatic Entrance","hubris:Macrotransations","hubris:EvacipatedBox","hubris:FruitBowl","BattleHymn+1"],"campfire_rested":5,"item_purchase_floors":[10,13,13,13,20],"current_hp_per_floor":[72,72,72,72,72,72,72,72,72,72,70,70,13,13,34,30,72,60,60,60,60,43,64,32,53,53,3,24,48,33,8,29,0,0],"gold":243,"neow_bonus":"THREE_ENEMY_KILL","is_daily":false,"chose_seed":false,"campfire_upgraded":2,"win_rate":0.0,"timestamp":1612398585,"path_taken":["M","?","$","?","$","R","E","M","T","$","?","R","?","M","R","BOSS","M","?","$","?","M","R","E","R","T","E","R","?","M","?","R","BOSS"],"items_purchased_type":["Card","Relic","Relic","Relic","Card"],"build_version":"2020-12-22","purchased_purges":2,"victory":false,"max_hp_per_floor":[72,72,72,72,72,72,72,72,72,72,72,72,72,72,72,72,72,72,72,72,72,72,72,72,72,72,72,72,72,72,72,72,72,72],"card_choices":[{"not_picked":["Consecrate","Replay:Vibes","FlyingSleeves"],"picked":"SKIP","floor":1},{"not_picked":["Study","Perseverance"],"picked":"Prostrate","floor":4},{"not_picked":["Consecrate","Weave","ClearTheMind"],"picked":"SKIP","floor":7},{"not_picked":["Protect","SandsOfTime"],"picked":"CarveReality","floor":8},{"not_picked":["Crescendo","Vengeance"],"picked":"Prostrate","floor":14},{"not_picked":["Replay:LoomingThreat","Scrawl"],"picked":"DevaForm","floor":16},{"not_picked":["Weave","CutThroughFate"],"picked":"Prostrate","floor":18},{"not_picked":["JustLucky+1","Prostrate"],"picked":"Worship","floor":22},{"not_picked":["Adaptation","Wallop"],"picked":"CrushJoints+1","floor":24},{"not_picked":["CrushJoints+1","Replay:Anticipation","Replay:ManipulateFuture"],"picked":"SKIP","floor":27},{"not_picked":["CutThroughFate+1","BowlingBash+1","Consecrate+1"],"picked":"SKIP","floor":30},{"not_picked":["FollowUp+1","Sanctity"],"picked":"Replay:LoomingThreat","floor":31}],"player_experience":243675,"relics_obtained":[{"floor":7,"key":"reliquary:IvoryTrinket"},{"floor":9,"key":"Blue Doll"},{"floor":11,"key":"Anchor"},{"floor":24,"key":"Letter Opener"},{"floor":26,"key":"Molten Egg 2"},{"floor":27,"key":"halation:TwoAmDonut"}],"event_choices":[{"damage_healed":0,"gold_gain":0,"cards_transformed":["Defend_P"],"player_choice":"Transformed","damage_taken":0,"max_hp_gain":0,"max_hp_loss":0,"event_name":"Transmorgrifier","floor":2,"gold_loss":0,"cards_obtained":["Replay:AllIn"]},{"damage_healed":0,"gold_gain":30,"player_choice":"Searched \u00272\u0027 times","damage_taken":0,"max_hp_gain":0,"max_hp_loss":0,"event_name":"Dead Adventurer","floor":11,"gold_loss":0},{"damage_healed":24,"gold_gain":0,"player_choice":"Heal","damage_taken":0,"max_hp_gain":0,"max_hp_loss":0,"event_name":"The Library","floor":29,"gold_loss":0}],"is_beta":false,"boss_relics":[{"not_picked":["Velvet Choker","halation:LoveArrow","halation:SmartPhone"],"picked":"VioletLotus"}],"items_purged_floors":[3,20],"is_endless":false,"potions_floor_spawned":[7,8,16,18,31],"killed_by":"Champ","ascension_level":3}}