{"host":"whloki2o3dp1b07n","time":1612448040,"event":{"mods":["100% Spire Juice","Abigail Mod","Act Like it!","Arknights","BaseMod","Better Synergies","Block Reminder","Bossed Relics","CapriCore","Colored Map","Colored Powertips","DNKmod","Friendly Minions","GifTheSpireLib","GungeonMod","HexUI Lib","Koishi","Marked Mod","Minty Spire (QoL Compilation)","Poor People Problems","StSLib","Swap Starting Deck Mod","The Bug Knight","The Marked","Transform Curses"],"gold_per_floor":[110,128,147,147,166,166,219,245,300,300,313,176,176,176,176,274,274,286,385,403,414,25,25,25,25,98,98,118,118,118,118,118,216,216,230,230,230,230,230,230,244,244,244,18,68,68,22,22,22,22],"floor_reached":51,"language":"ENG","playtime":2966,"items_purged":[],"score":687,"play_id":"e0333d3f-d2c8-440f-91de-d01793983e06","local_time":"20210204091400","is_ascension_mode":false,"campfire_choices":[{"floor":6,"key":"REST"},{"floor":10,"key":"REST"},{"data":"theMarked:BanishingWave","floor":13,"key":"SMITH"},{"data":"theMarked:GodGivenPower","floor":15,"key":"SMITH"},{"floor":23,"key":"REST"},{"floor":25,"key":"REST"},{"data":"theMarked:MysticalArsenal","floor":27,"key":"SMITH"},{"data":"theMarked:WardOff","floor":32,"key":"SMITH"},{"floor":40,"key":"REST"},{"floor":42,"key":"REST"},{"floor":46,"key":"REST"},{"floor":49,"key":"REST"}],"circlet_count":0,"master_deck":["theMarked:Strike","theMarked:Strike","theMarked:Strike","theMarked:Strike","theMarked:Strike","theMarked:Defend+1","theMarked:Defend","theMarked:Defend+1","theMarked:Defend","theMarked:SoldierOfQuellstein+1","theMarked:Frustration","theMarked:Parry","theMarked:SwordAndMagic","theMarked:WardOff+1","theMarked:Frustration","theMarked:BanishingWave+1","theMarked:BanishingStrike","theMarked:GodGivenPower+1","theMarked:ChainLightning","theMarked:Vacuum","CurseOfTheBell","theMarked:BanishingStrike","theMarked:Improvise","theMarked:MysticalArsenal+1","theMarked:Memento+1","Writhe","Pain","theMarked:EternalStudent","theMarked:ComboAttacks","Dark Shackles","theMarked:RepellingDischarge+1","theMarked:RogueSparks","theMarked:EmpowerWeapon","theMarked:BanishingStrike","Blind","theMarked:Frustration"],"relics":["theMarked:BronzeBlade","Juzu Bracelet","DemoMod:GreenGuonStone","Blood Vial","Calling Bell","Bronze Scales","Gremlin Horn","DemoMod:ResourcefulSack","FossilizedHelix","Bottled Lightning","Anchor","WarpedTongs","Singing Bowl","theMarked:SecretDocuments"],"acts_visited":["Exordium","TheCity","TheBeyond"],"potions_floor_usage":[16,16,16,21,33,50,50],"damage_taken":[{"damage":0,"enemies":"2 Louse","floor":1,"turns":3},{"damage":3,"enemies":"Jaw Worm","floor":2,"turns":4},{"damage":0,"enemies":"Cultist","floor":3,"turns":3},{"damage":8,"enemies":"Large Slime","floor":5,"turns":4},{"damage":23,"enemies":"Lagavulin","floor":8,"turns":8},{"damage":0,"enemies":"Exordium Thugs","floor":11,"turns":3},{"damage":0,"enemies":"Slime Boss","floor":16,"turns":6},{"damage":17,"enemies":"Spheric Guardian","floor":18,"turns":4},{"damage":7,"enemies":"Chosen","floor":20,"turns":4},{"damage":36,"enemies":"Shelled Parasite and Fungi","floor":21,"turns":5},{"damage":17,"enemies":"3 Cultists","floor":28,"turns":5},{"damage":71,"enemies":"Automaton","floor":33,"turns":9},{"damage":13,"enemies":"3 Shapes","floor":35,"turns":5},{"damage":28,"enemies":"3 Darklings","floor":41,"turns":4},{"damage":23,"enemies":"Mind Bloom Boss Battle","floor":45,"turns":7},{"damage":116,"enemies":"Donu and Deca","floor":50,"turns":9}],"seed_played":"1496022293485301065","potions_obtained":[{"floor":3,"key":"SpeedPotion"},{"floor":8,"key":"Energy Potion"},{"floor":11,"key":"FearPotion"},{"floor":14,"key":"AttackPotion"},{"floor":16,"key":"DemoMod:BlankPotion"},{"floor":20,"key":"Dexterity Potion"},{"floor":35,"key":"Ancient Potion"},{"floor":45,"key":"Strength Potion"}],"is_trial":false,"path_per_floor":["M","M","M","?","M","R","T","E","T","R","M","$","R","?","R","B",null,"M","?","M","M","$","R","?","R","T","R","M","?","?","?","R","B",null,"M","?","?","?","?","R","M","R","T","$","?","R","$","?","R","B",null],"character_chosen":"THE_DEFAULT","items_purchased":["theMarked:BanishingStrike","theMarked:GodGivenPower","theMarked:ChainLightning","FossilizedHelix","theMarked:MysticalArsenal","theMarked:RogueSparks","theMarked:EmpowerWeapon","theMarked:BanishingStrike","Blind","theMarked:Frustration"],"campfire_rested":8,"item_purchase_floors":[12,12,12,22,22,44,44,44,44,47],"current_hp_per_floor":[70,67,67,53,45,66,66,43,43,64,66,66,66,66,66,68,70,53,53,48,20,20,41,41,62,62,62,47,47,70,70,70,5,70,57,50,50,50,50,66,38,57,57,57,38,58,58,58,68,10],"gold":22,"neow_bonus":"UPGRADE_CARD","is_daily":false,"chose_seed":false,"campfire_upgraded":4,"win_rate":0.0,"timestamp":1612448040,"path_taken":["M","M","M","?","M","R","?","E","T","R","M","$","R","?","R","BOSS","M","?","M","M","$","R","?","R","T","R","M","?","?","?","R","BOSS","M","?","?","?","?","R","M","R","T","$","?","R","$","?","R","BOSS"],"items_purchased_type":["Card","Card","Card","Relic","Card","Card","Card","Card","Card","Card"],"build_version":"2020-12-22","purchased_purges":0,"victory":true,"max_hp_per_floor":[70,70,70,70,70,70,70,70,70,70,70,70,70,70,70,70,70,70,70,70,70,70,70,70,70,70,70,70,70,70,70,70,70,70,70,70,70,66,66,66,66,66,66,66,68,68,68,68,68,68],"card_choices":[{"not_picked":["theMarked:Aftermath","theMarked:Memento"],"picked":"theMarked:Frustration","floor":1},{"not_picked":["theMarked:Standoff","theMarked:Frustration"],"picked":"theMarked:Parry","floor":2},{"not_picked":["theMarked:ContemptForTheProud","theMarked:ResourceFulStrike"],"picked":"theMarked:SwordAndMagic","floor":3},{"not_picked":["theMarked:ResourceFulStrike","theMarked:MuscleMemory"],"picked":"theMarked:WardOff","floor":5},{"not_picked":["theMarked:TakeCover","theMarked:Improvise"],"picked":"theMarked:Frustration","floor":8},{"not_picked":["theMarked:Aftermath","theMarked:TwofoldDefense"],"picked":"theMarked:BanishingWave","floor":11},{"not_picked":["theMarked:Defy","theMarked:SuspiciousRaven"],"picked":"theMarked:Vacuum","floor":16},{"not_picked":["theMarked:Electrocute","theMarked:KeepCalmAndFight+1"],"picked":"theMarked:BanishingStrike","floor":18},{"not_picked":["theMarked:RepellingDischarge","theMarked:Convert+1"],"picked":"theMarked:ElectricStrings","floor":20},{"not_picked":["theMarked:SelfDefenseTraining","theMarked:WastefulAttack"],"picked":"theMarked:Improvise","floor":21},{"not_picked":["theMarked:PowerFlow+1","theMarked:Aftermath"],"picked":"theMarked:Memento+1","floor":28},{"not_picked":["theMarked:MagusForm","theMarked:Snap"],"picked":"theMarked:EternalStudent","floor":33},{"not_picked":["theMarked:Aftermath","theMarked:TakeCover"],"picked":"theMarked:ComboAttacks","floor":35},{"not_picked":["DemoMod:Spice","Thinking Ahead"],"picked":"Dark Shackles","floor":37},{"not_picked":["theMarked:Electrocute","theMarked:WastefulAttack+1"],"picked":"theMarked:RepellingDischarge+1","floor":41},{"not_picked":["theMarked:SwordAndMagic+1","theMarked:ResourceFulStrike","theMarked:Aftermath"],"picked":"Singing Bowl","floor":45}],"player_experience":1134089,"relics_obtained":[{"floor":7,"key":"Juzu Bracelet"},{"floor":8,"key":"DemoMod:GreenGuonStone"},{"floor":9,"key":"Blood Vial"},{"floor":17,"key":"Bronze Scales"},{"floor":17,"key":"Gremlin Horn"},{"floor":17,"key":"DemoMod:ResourcefulSack"},{"floor":26,"key":"Bottled Lightning"},{"floor":43,"key":"Singing Bowl"},{"floor":45,"key":"theMarked:SecretDocuments"}],"event_choices":[{"damage_healed":0,"gold_gain":0,"player_choice":"Entered Light","damage_taken":14,"max_hp_gain":0,"max_hp_loss":0,"event_name":"Shining Light","floor":4,"gold_loss":0,"cards_upgraded":["theMarked:Defend","theMarked:Defend"]},{"damage_healed":0,"gold_gain":0,"player_choice":"Got Potions","damage_taken":0,"max_hp_gain":0,"max_hp_loss":0,"event_name":"Lab","floor":14,"gold_loss":0},{"damage_healed":0,"gold_gain":99,"player_choice":"Stole From Cult","damage_taken":0,"max_hp_gain":0,"max_hp_loss":0,"event_name":"Nest","floor":19,"gold_loss":0},{"damage_healed":0,"gold_gain":0,"player_choice":"Ignored","damage_taken":0,"max_hp_gain":0,"max_hp_loss":0,"event_name":"Ghosts","floor":24,"gold_loss":0},{"damage_healed":0,"gold_gain":0,"player_choice":"Opened","damage_taken":0,"relics_obtained":["Anchor"],"max_hp_gain":0,"max_hp_loss":0,"event_name":"The Mausoleum","floor":29,"gold_loss":0,"cards_obtained":["Writhe"]},{"damage_healed":23,"gold_gain":0,"player_choice":"Heal","damage_taken":0,"max_hp_gain":0,"max_hp_loss":0,"event_name":"The Library","floor":30,"gold_loss":0},{"damage_healed":0,"gold_gain":0,"player_choice":"Rummage","damage_taken":0,"relics_obtained":["WarpedTongs"],"max_hp_gain":0,"max_hp_loss":0,"event_name":"Accursed Blacksmith","floor":31,"gold_loss":0,"cards_obtained":["Pain"]},{"damage_healed":0,"gold_gain":0,"player_choice":"Damaged","damage_taken":7,"max_hp_gain":0,"max_hp_loss":0,"event_name":"Wheel of Change","floor":36,"gold_loss":0},{"damage_healed":0,"gold_gain":0,"player_choice":"Memory 1","damage_taken":0,"max_hp_gain":0,"max_hp_loss":0,"event_name":"SensoryStone","floor":37,"gold_loss":0},{"damage_healed":0,"gold_gain":0,"player_choice":"Max HP","damage_taken":0,"max_hp_gain":0,"max_hp_loss":4,"event_name":"Winding Halls","floor":38,"gold_loss":0},{"damage_healed":0,"gold_gain":0,"player_choice":"Ignored","damage_taken":0,"max_hp_gain":0,"max_hp_loss":0,"event_name":"Mysterious Sphere","floor":39,"gold_loss":0},{"damage_healed":0,"gold_gain":0,"player_choice":"Fight","damage_taken":0,"max_hp_gain":0,"max_hp_loss":0,"event_name":"MindBloom","floor":45,"gold_loss":0},{"cards_removed":["theMarked:ElectricStrings"],"damage_healed":0,"gold_gain":0,"player_choice":"Removed Attack","damage_taken":0,"max_hp_gain":0,"max_hp_loss":0,"event_name":"Falling","floor":48,"gold_loss":0}],"is_beta":false,"boss_relics":[{"not_picked":["Snecko Eye","Philosopher\u0027s Stone"],"picked":"Calling Bell"},{"not_picked":["Astrolabe","Velvet Choker"],"picked":"theMarked:BronzeBlade"}],"items_purged_floors":[],"is_endless":false,"potions_floor_spawned":[3,8,11,16,20,35,45],"ascension_level":0}}