{"host":"aapp7ew3jk5k1bvd","time":1612430304,"event":{"mods":["AchievementEnabler","BaseMod","Colored Map","Minty Spire (QoL Compilation)","Permanent Neow","StSLib","SuperFastMode"],"gold_per_floor":[112,130,130,55,65,65,75,86,86,86,40,59,70,80,80,80,80],"floor_reached":16,"language":"KOR","playtime":404,"items_purged":["Defend_R"],"score":96,"play_id":"6ceeac4f-a709-4c8a-9508-3606d2df23a9","local_time":"20210204181824","is_ascension_mode":false,"campfire_choices":[{"data":"Armaments","floor":6,"key":"SMITH"},{"data":"Perfected Strike","floor":10,"key":"SMITH"},{"data":"Shrug It Off","floor":15,"key":"SMITH"}],"circlet_count":0,"master_deck":["Strike_R","Strike_R","Strike_R","Strike_R","Strike_R","Defend_R","Defend_R","Defend_R","Bash","Armaments+1","Perfected Strike+1","Shrug It Off+1","Twin Strike"],"relics":["Burning Blood","Sundial"],"acts_visited":["Exordium"],"potions_floor_usage":[],"damage_taken":[{"damage":5,"enemies":"Cultist","floor":1,"turns":4},{"damage":2,"enemies":"Small Slimes","floor":2,"turns":4},{"damage":6,"enemies":"Jaw Worm","floor":5,"turns":5},{"damage":16,"enemies":"Lots of Slimes","floor":7,"turns":7},{"damage":12,"enemies":"3 Louse","floor":8,"turns":4},{"damage":21,"enemies":"Exordium Thugs","floor":12,"turns":8},{"damage":3,"enemies":"Red Slaver","floor":13,"turns":4},{"damage":6,"enemies":"Exordium Wildlife","floor":14,"turns":3},{"damage":0,"enemies":"Hexaghost","floor":16,"turns":2}],"seed_played":"-2307716927597570130","potions_obtained":[{"floor":1,"key":"FearPotion"},{"floor":7,"key":"ElixirPotion"},{"floor":12,"key":"SteroidPotion"},{"floor":14,"key":"AttackPotion"}],"is_trial":false,"path_per_floor":["M","M","$","$","M","R","M","M","T","R","$","M","M","M","R","B"],"character_chosen":"IRONCLAD","items_purchased":["Shrug It Off"],"campfire_rested":0,"item_purchase_floors":[11],"current_hp_per_floor":[88,88,88,88,88,88,78,72,72,72,72,57,60,60,60,60,60],"gold":80,"neow_bonus":"TEN_PERCENT_HP_BONUS","is_daily":false,"chose_seed":false,"campfire_upgraded":3,"win_rate":0.0,"timestamp":1612430304,"path_taken":["M","M","?","$","M","R","M","M","T","R","$","M","M","M","R","BOSS"],"items_purchased_type":["Card"],"build_version":"2020-12-22","purchased_purges":1,"victory":false,"max_hp_per_floor":[88,88,88,88,88,88,88,88,88,88,88,88,88,88,88,88,88],"card_choices":[{"not_picked":["Flame Barrier","Infernal Blade","Warcry"],"picked":"SKIP","floor":1},{"not_picked":["Searing Blow","Body Slam"],"picked":"Armaments","floor":2},{"not_picked":["Cleave","Havoc","Corruption"],"picked":"SKIP","floor":5},{"not_picked":["Metallicize","Cleave"],"picked":"Perfected Strike","floor":7},{"not_picked":["Dark Embrace","Thunderclap","Warcry"],"picked":"SKIP","floor":8},{"not_picked":["Warcry","Wild Strike","Hemokinesis"],"picked":"SKIP","floor":12},{"not_picked":["Carnage","Wild Strike"],"picked":"Twin Strike","floor":13},{"not_picked":["Anger","Wild Strike","Cleave"],"picked":"SKIP","floor":14}],"player_experience":1307128,"relics_obtained":[{"floor":9,"key":"Sundial"}],"event_choices":[],"is_beta":false,"boss_relics":[],"items_purged_floors":[4],"is_endless":false,"potions_floor_spawned":[1,7,12,14],"killed_by":"Hexaghost","ascension_level":0}}