{"host":"Ryley","time":1612400182,"event":{"mods":["BaseMod","Downfall","Minty Spire (QoL Compilation)","StSLib"],"gold_per_floor":[99,112,287,297,310,168,217,252,152,171,171,171,231,37,47,47,47,47],"floor_reached":16,"language":"ENG","playtime":922,"items_purged":["Doubt"],"score":100,"play_id":"e3b97eb5-83d7-4f1f-b2aa-af04924d83ee","local_time":"20210203185622","is_ascension_mode":false,"campfire_choices":[{"data":"sneckomod:UnknownBlock","floor":1,"key":"SMITH"},{"floor":11,"key":"REST"}],"circlet_count":0,"master_deck":["sneckomod:Strike","sneckomod:Strike","sneckomod:Strike","sneckomod:Defend","sneckomod:Defend","sneckomod:Defend","sneckomod:TailWhip","sneckomod:SnekBite","sneckomod:Unknown","sneckomod:Unknown","sneckomod:UnknownBlock+1","sneckomod:UnknownUncommonPower","sneckomod:IronFang","sneckomod:QuickBite","sneckomod:UnknownCommonAttack","sneckomod:DefensiveFlair","BowlingBash","sneckomod:Unknown1Cost","expansioncontent:QuickStudy","sneckomod:PureSnecko"],"relics":["sneckomod:SneckoSoul","Potion Belt","Lantern","downfall:HeartBlessingGreen","downfall:BrokenWingStatue","CaptainsWheel"],"acts_visited":["Exordium"],"potions_floor_usage":[13],"damage_taken":[{"damage":0,"enemies":"2 Louse","floor":2,"turns":1},{"damage":3,"enemies":"Jaw Worm","floor":4,"turns":3},{"damage":8,"enemies":"Small Slimes","floor":5,"turns":5},{"damage":1,"enemies":"downfall:FleeingMerchant","floor":6,"turns":4},{"damage":23,"enemies":"3 Sentries","floor":8,"turns":8},{"damage":18,"enemies":"Exordium Thugs","floor":10,"turns":4},{"damage":30,"enemies":"Lagavulin Event","floor":13,"turns":6},{"damage":20,"enemies":"downfall:FleeingMerchant","floor":14,"turns":4},{"damage":6,"enemies":"Blue Slaver","floor":15,"turns":3},{"damage":14,"enemies":"DF_ARCHETYPE_STREAMLINE","floor":16,"turns":4}],"seed_played":"-4277501202411421647","potions_obtained":[{"floor":2,"key":"Swift Potion"},{"floor":4,"key":"SneckoOil"},{"floor":10,"key":"SmokeBomb"},{"floor":13,"key":"EssenceOfSteel"}],"is_trial":false,"path_per_floor":["R","M","?","M","M","$","T","E","R","M","R","?","?","$","M","B"],"character_chosen":"THE_SNECKO","items_purchased":["sneckomod:UnknownCommonAttack","expansioncontent:QuickStudy"],"campfire_rested":1,"item_purchase_floors":[6,14],"current_hp_per_floor":[90,90,90,87,79,78,78,55,55,37,64,64,34,19,13,0,0,0],"gold":47,"neow_bonus":"THREE_CARDS","is_daily":false,"chose_seed":false,"campfire_upgraded":1,"win_rate":0.0,"timestamp":1612400182,"path_taken":["R","M","?","M","M","$","T","E","R","M","R","?","?","$","M","BOSS"],"items_purchased_type":["Card","Card"],"build_version":"2020-12-18","purchased_purges":1,"victory":false,"max_hp_per_floor":[90,90,90,90,90,90,90,90,90,90,90,90,90,90,90,90,90,90],"card_choices":[{"not_picked":["sneckomod:WideSting","sneckomod:Nope"],"picked":"sneckomod:UnknownBlock","floor":0},{"not_picked":["sneckomod:DiceBlock","sneckomod:UnknownX"],"picked":"sneckomod:UnknownUncommonPower","floor":2},{"not_picked":["sneckomod:SoulRoll","sneckomod:Rotation"],"picked":"sneckomod:IronFang","floor":4},{"not_picked":["sneckomod:DiceBlock","sneckomod:UnknownBlock"],"picked":"sneckomod:UnknownCommonAttack","floor":5},{"not_picked":["sneckomod:UnknownBoss","sneckomod:Nope"],"picked":"sneckomod:QuickBite","floor":6},{"not_picked":["sneckomod:Unknown0Cost","sneckomod:UnknownDraw"],"picked":"sneckomod:DefensiveFlair","floor":8},{"not_picked":["sneckomod:IronFang","sneckomod:DiceBlock","sneckomod:SnekBeam"],"picked":"SKIP","floor":10},{"not_picked":["sneckomod:UnknownVulnerable","sneckomod:UnknownBlock"],"picked":"sneckomod:Unknown1Cost","floor":13},{"not_picked":["sneckomod:UnknownWeak","sneckomod:SoulDraw","sneckomod:QuickBite"],"picked":"SKIP","floor":14},{"not_picked":["sneckomod:DiceBoulder","sneckomod:IronFang"],"picked":"sneckomod:PureSnecko","floor":15}],"player_experience":382453,"relics_obtained":[{"floor":7,"key":"Potion Belt"},{"floor":8,"key":"Lantern"},{"floor":13,"key":"CaptainsWheel"}],"event_choices":[],"is_beta":true,"boss_relics":[],"items_purged_floors":[6],"is_endless":false,"potions_floor_spawned":[2,4,10,13],"killed_by":"DF_ARCHETYPE_STREAMLINE","ascension_level":0}}