{"host":"19tvufa8xx4wr4o1","time":1612411173,"event":{"mods":["AchievementEnabler","BaseMod","Better Sensory Stone","Better Third Choice","Highlight Path","Minty Spire (QoL Compilation)","Relic Stats","StSLib"],"gold_per_floor":[116,116,116,116,116,152,152,183,183,183,201,225,265,265,265,367,367,397,312,326,326,326,326,370,383,441,464,464,464,497,515,524,524,524],"floor_reached":33,"language":"ENG","playtime":730,"items_purged":[],"score":599,"play_id":"81f42e98-071e-40ea-9e11-fc6cdab53beb","local_time":"20210203215933","is_ascension_mode":true,"campfire_choices":[{"data":"Pommel Strike","floor":7.0,"key":"SMITH"},{"data":"Whirlwind","floor":10,"key":"SMITH"},{"data":"Inflame","floor":15,"key":"SMITH"},{"data":"Limit Break","floor":23,"key":"SMITH"},{"data":"Battle Trance","floor":29,"key":"SMITH"},{"floor":32,"key":"REST"}],"circlet_count":0,"master_deck":["AscendersBane","Strike_R+1","Strike_R+1","Strike_R+1","Strike_R+1","Strike_R+1","Defend_R+1","Defend_R+1","Defend_R+1","Defend_R+1","Bash+1","Pommel Strike+1","Whirlwind+1","Inflame+1","Limit Break+1","Uppercut+1","Battle Trance+1","Decay","Clumsy","Heavy Blade+1"],"relics":["Burning Blood","NeowsBlessing","Golden Idol","Calipers","Toy Ornithopter","InkBottle","CeramicFish","Boot","Cursed Key","Ancient Tea Set","Pear","Red Skull","Dream Catcher"],"acts_visited":["Exordium","TheCity"],"potions_floor_usage":[16,18,22,27,31],"damage_taken":[{"damage":0.0,"enemies":"Jaw Worm","floor":1.0,"turns":1.0},{"damage":0.0,"enemies":"3 Sentries","floor":6.0,"turns":2.0},{"damage":0.0,"enemies":"Gremlin Nob","floor":8.0,"turns":1.0},{"damage":0,"enemies":"2 Louse","floor":11,"turns":1},{"damage":5,"enemies":"Small Slimes","floor":12,"turns":3},{"damage":30,"enemies":"3 Sentries","floor":13,"turns":6},{"damage":43,"enemies":"The Guardian","floor":16,"turns":14},{"damage":10,"enemies":"Spheric Guardian","floor":18,"turns":4},{"damage":2,"enemies":"Chosen","floor":20,"turns":3},{"damage":0,"enemies":"Snake Plant","floor":22,"turns":1},{"damage":30,"enemies":"Slavers","floor":24,"turns":4},{"damage":22,"enemies":"3 Cultists","floor":25,"turns":4},{"damage":3,"enemies":"Sentry and Sphere","floor":27,"turns":3},{"damage":4,"enemies":"Snake Plant","floor":31,"turns":2},{"damage":101,"enemies":"Collector","floor":33,"turns":6}],"seed_played":"5329056043599443449","potions_obtained":[{"floor":11,"key":"SmokeBomb"},{"floor":13,"key":"Fire Potion"},{"floor":16,"key":"Block Potion"},{"floor":24,"key":"AttackPotion"},{"floor":25,"key":"Explosive Potion"}],"is_trial":false,"path_per_floor":["M","?","T","?","?","E","R","E","T","R","M","M","E","?","R","B",null,"M","?","M","?","M","R","E","M","T","M","?","R","T","M","R","B"],"character_chosen":"IRONCLAD","items_purchased":[],"campfire_rested":1,"item_purchase_floors":[],"current_hp_per_floor":[74,68,68,68,73,73,73,73,73,73,73,73,49,49,49,17,59,60,60,64,64,73,73,59,43,43,51,51,51,51,58,82,0,0],"gold":524,"neow_bonus":"THREE_ENEMY_KILL","is_daily":false,"chose_seed":false,"campfire_upgraded":5,"win_rate":0.0,"timestamp":1612411173,"path_taken":["M","?","?","?","?","E","R","E","T","R","?","M","E","?","R","BOSS","M","?","M","?","?","R","E","M","T","?","?","R","?","M","R","BOSS"],"items_purchased_type":[],"build_version":"2020-12-22","purchased_purges":0,"victory":false,"max_hp_per_floor":[75,68,68,68,73,73,73,73,73,73,73,73,73,73,73,73,73,73,73,73,73,73,73,83,83,83,83,83,83,83,83,83,83,83],"relic_stats":{"Dream Catcher":1,"counters":[15,55],"Golden Idol":83,"CeramicFish":63,"Boot":[8],"Cursed Key":2,"obtain_stats":[{"Calipers":3,"Pear":24,"NeowsBlessing":0,"Golden Idol":2,"CeramicFish":9,"Boot":13,"Cursed Key":17,"Ancient Tea Set":19,"Burning Blood":0,"Dream Catcher":30,"Toy Ornithopter":6,"InkBottle":8,"Red Skull":26},{"Calipers":1,"Pear":11,"NeowsBlessing":0,"Golden Idol":1,"CeramicFish":3,"Boot":6,"Cursed Key":7,"Ancient Tea Set":8,"Burning Blood":0,"Dream Catcher":13,"Toy Ornithopter":2,"InkBottle":3,"Red Skull":12},{"Calipers":1,"Pear":40,"NeowsBlessing":0,"Golden Idol":1,"CeramicFish":4,"Boot":14,"Cursed Key":28,"Ancient Tea Set":32,"Burning Blood":0,"Dream Catcher":47,"Toy Ornithopter":3,"InkBottle":4,"Red Skull":44}],"Burning Blood":63,"Toy Ornithopter":25,"InkBottle":[11]},"card_choices":[{"not_picked":["Perfected Strike","Iron Wave"],"picked":"Pommel Strike","floor":1.0},{"not_picked":["Cleave","Metallicize","Evolve"],"picked":"SKIP","floor":6.0},{"not_picked":["Cleave","Metallicize"],"picked":"Whirlwind","floor":8},{"not_picked":["Iron Wave","Perfected Strike","Headbutt"],"picked":"SKIP","floor":11},{"not_picked":["Fire Breathing","Dual Wield","Infernal Blade"],"picked":"SKIP","floor":12},{"not_picked":["Whirlwind","Seeing Red"],"picked":"Inflame","floor":13},{"not_picked":["Immolate","Brutality"],"picked":"Limit Break","floor":16},{"not_picked":["Perfected Strike","Armaments"],"picked":"Uppercut+1","floor":18},{"not_picked":["Thunderclap","Clothesline","Warcry+1"],"picked":"SKIP","floor":20},{"not_picked":["Bloodletting+1","Whirlwind"],"picked":"Battle Trance","floor":24},{"not_picked":["Evolve","Twin Strike","Dropkick"],"picked":"SKIP","floor":25},{"not_picked":["Iron Wave","Clash","Armaments"],"picked":"SKIP","floor":27},{"not_picked":["Flex","Bloodletting","Sever Soul"],"picked":"SKIP","floor":31},{"not_picked":["Flame Barrier","Carnage"],"picked":"Heavy Blade+1","floor":32}],"player_experience":619666,"relics_obtained":[{"floor":3.0,"key":"Calipers"},{"floor":6.0,"key":"Toy Ornithopter"},{"floor":8,"key":"InkBottle"},{"floor":9,"key":"CeramicFish"},{"floor":13,"key":"Boot"},{"floor":24,"key":"Pear"},{"floor":26,"key":"Red Skull"},{"floor":30,"key":"Dream Catcher"}],"event_choices":[{"damage_healed":0.0,"max_hp_gain":0.0,"max_hp_loss":7.0,"gold_gain":0.0,"event_name":"Golden Idol","player_choice":"Lose Max HP","floor":2.0,"gold_loss":0.0,"damage_taken":0.0,"relics_obtained":["Golden Idol"]},{"damage_healed":0.0,"max_hp_gain":0.0,"max_hp_loss":0.0,"gold_gain":0.0,"event_name":"Living Wall","player_choice":"Grow","floor":4.0,"gold_loss":0.0,"damage_taken":0.0,"cards_upgraded":["Bash"]},{"damage_healed":0.0,"max_hp_gain":5.0,"max_hp_loss":0.0,"gold_gain":0.0,"event_name":"Big Fish","player_choice":"Donut","floor":5.0,"gold_loss":0.0,"damage_taken":0.0},{"damage_healed":0,"gold_gain":0,"player_choice":"Ignored","damage_taken":265,"max_hp_gain":0,"max_hp_loss":0,"event_name":"betterThird:BetterSerpent","floor":14,"gold_loss":0},{"damage_healed":0,"gold_gain":0,"player_choice":"Obtained Relic","damage_taken":0,"relics_obtained":["Ancient Tea Set"],"max_hp_gain":0,"max_hp_loss":0,"event_name":"Addict","floor":19,"gold_loss":85},{"damage_healed":0,"gold_gain":0,"player_choice":"Ignored","damage_taken":0,"max_hp_gain":0,"max_hp_loss":0,"event_name":"Vampires","floor":21,"gold_loss":0},{"damage_healed":0,"gold_gain":0,"player_choice":"Simplicity","damage_taken":0,"max_hp_gain":0,"max_hp_loss":9,"event_name":"betterThird:BetterWriting","floor":28,"gold_loss":0}],"is_beta":false,"boss_relics":[{"not_picked":["Velvet Choker","Pandora\u0027s Box"],"picked":"Cursed Key"}],"items_purged_floors":[],"is_endless":false,"potions_floor_spawned":[11,13,16,22,24,25],"killed_by":"Collector","ascension_level":16}}