{"host":"wuernuywc9gl215o","time":1612447313,"event":{"mods":["AchievementEnabler","BaseMod","Block Reminder","Highlight Path","Key Reminder","Minty Spire (QoL Compilation)","Permanent Neow","Potion Indicator Mod","Quick Restart","Relic Stats"],"gold_per_floor":[99,99,99,99,55,55,55,55,55,55,55,0,0,0,0,0,0,0,0,0,0,0,0],"floor_reached":22,"language":"ENG","playtime":1140,"items_purged":[],"score":650,"play_id":"c054d4c0-158b-4750-93e2-113a6dbc3827","local_time":"20210204140153","is_ascension_mode":true,"campfire_choices":[{"data":"Bash","floor":6.0,"key":"SMITH"},{"floor":8.0,"key":"REST"},{"data":"Feed","floor":15.0,"key":"SMITH"}],"circlet_count":0,"master_deck":["AscendersBane","Strike_R","Strike_R","Strike_R","Defend_R","Defend_R","Defend_R","Defend_R","Bash+1","Feed+1","Ghostly Armor","Perfected Strike","Headbutt","Cleave","Iron Wave","Impervious","Carnage","Disarm","Feed","Pommel Strike","Seeing Red","Necronomicurse"],"relics":["Ectoplasm","Ice Cream","Sundial","Matryoshka","Empty Cage","Necronomicon"],"acts_visited":["Exordium","TheCity"],"potions_floor_usage":[],"damage_taken":[{"damage":12.0,"enemies":"Jaw Worm","floor":1.0,"turns":2.0},{"damage":4.0,"enemies":"Small Slimes","floor":2.0,"turns":3.0},{"damage":0.0,"enemies":"Cultist","floor":3.0,"turns":4.0},{"damage":0.0,"enemies":"2 Fungi Beasts","floor":4.0,"turns":2.0},{"damage":25.0,"enemies":"3 Sentries","floor":7.0,"turns":11.0},{"damage":6.0,"enemies":"Blue Slaver","floor":10.0,"turns":4.0},{"damage":14.0,"enemies":"Red Slaver","floor":11.0,"turns":2.0},{"damage":15.0,"enemies":"Looter","floor":12.0,"turns":4.0},{"damage":5.0,"enemies":"3 Louse","floor":13.0,"turns":4.0},{"damage":3.0,"enemies":"Gremlin Nob","floor":14.0,"turns":3.0},{"damage":39.0,"enemies":"The Guardian","floor":16.0,"turns":10.0},{"damage":29.0,"enemies":"Shell Parasite","floor":18.0,"turns":6.0},{"damage":28,"enemies":"2 Thieves","floor":19,"turns":5},{"damage":16,"enemies":"Snake Plant","floor":22,"turns":1}],"seed_played":"-5463838439043144941","potions_obtained":[{"floor":3.0,"key":"Explosive Potion"},{"floor":7.0,"key":"Regen Potion"},{"floor":11.0,"key":"Block Potion"},{"floor":12.0,"key":"EssenceOfSteel"},{"floor":16.0,"key":"Fruit Juice"},{"floor":19,"key":"Ancient Potion"}],"is_trial":false,"path_per_floor":["M","M","M","M","?","R","E","R","T","M","M","M","M","E","R","B",null,"M","M","?","?","M"],"character_chosen":"IRONCLAD","items_purchased":[],"campfire_rested":1,"item_purchase_floors":[],"current_hp_per_floor":[56,52,55,58,58,58,36,61,61,70,59,47,45,45,45,10,80,59,35,14,14,0,0],"gold":0,"neow_bonus":"BOSS_RELIC","is_daily":false,"chose_seed":false,"campfire_upgraded":2,"win_rate":0.0,"timestamp":1612447313,"path_taken":["M","M","M","M","?","R","E","R","T","M","M","M","M","E","R","BOSS","M","M","?","?","M"],"items_purchased_type":[],"build_version":"2020-12-22","purchased_purges":0,"victory":false,"max_hp_per_floor":[75,75,78,81,81,81,84,84,84,87,90,93,96,99,99,103,103,111,115,115,115,115,115],"relic_stats":{"counters":[14,61],"Sundial":[4],"Ectoplasm":355,"Necronomicon":[1],"obtain_stats":[{"Ice Cream":7,"Matryoshka":14,"Sundial":9,"Ectoplasm":0,"Necronomicon":20,"Empty Cage":17,"Burning Blood":0},{"Ice Cream":5,"Matryoshka":10,"Sundial":5,"Ectoplasm":0,"Necronomicon":13,"Empty Cage":11,"Burning Blood":0},{"Ice Cream":22,"Matryoshka":39,"Sundial":22,"Ectoplasm":0,"Necronomicon":60,"Empty Cage":49,"Burning Blood":0}]},"card_choices":[{"not_picked":["Havoc","Flex","Thunderclap"],"picked":"SKIP","floor":1.0},{"not_picked":["Sword Boomerang","True Grit"],"picked":"Feed","floor":2.0},{"not_picked":["Armaments","Anger"],"picked":"Ghostly Armor","floor":3.0},{"not_picked":["True Grit","Shrug It Off"],"picked":"Perfected Strike","floor":4.0},{"not_picked":["Heavy Blade","Fire Breathing"],"picked":"Headbutt","floor":7.0},{"not_picked":["Sword Boomerang","Intimidate"],"picked":"Cleave","floor":10.0},{"not_picked":["Perfected Strike","Clash"],"picked":"Iron Wave","floor":11.0},{"not_picked":["Dual Wield","Rampage"],"picked":"Impervious","floor":12.0},{"not_picked":["Iron Wave","Warcry"],"picked":"Carnage","floor":13.0},{"not_picked":["Body Slam","Thunderclap"],"picked":"Disarm","floor":14.0},{"not_picked":["Barricade","Exhume"],"picked":"Feed","floor":16.0},{"not_picked":["Clash","Wild Strike"],"picked":"Pommel Strike","floor":18.0},{"not_picked":["Searing Blow","Pommel Strike"],"picked":"Seeing Red","floor":19}],"player_experience":810606,"relics_obtained":[{"floor":7.0,"key":"Ice Cream"},{"floor":9.0,"key":"Sundial"},{"floor":14.0,"key":"Matryoshka"},{"floor":20,"key":"Necronomicon"}],"event_choices":[{"damage_healed":0.0,"max_hp_gain":0.0,"max_hp_loss":0.0,"gold_gain":0.0,"event_name":"World of Goop","player_choice":"Left Gold","floor":5.0,"gold_loss":44.0,"damage_taken":0.0},{"damage_healed":0,"gold_gain":0,"player_choice":"Obtained Book","damage_taken":21,"max_hp_gain":0,"max_hp_loss":0,"event_name":"Cursed Tome","floor":20,"gold_loss":0},{"damage_healed":0,"gold_gain":0,"player_choice":"Ignored","damage_taken":0,"max_hp_gain":0,"max_hp_loss":0,"event_name":"Vampires","floor":21,"gold_loss":0}],"is_beta":false,"boss_relics":[{"not_picked":["Mark of Pain","Runic Cube"],"picked":"Empty Cage"}],"items_purged_floors":[],"is_endless":false,"potions_floor_spawned":[3,7,11,12,16,19],"killed_by":"Snake Plant","ascension_level":20}}