{"host":"ez9lh5a3k31ytd04","time":1612442574,"event":{"mods":["Act Like it!","Arknights","Aspiration","BaseMod","Conspire","Downfall","Energized Spire","Jedi Mod","Minty Spire (QoL Compilation)","Quarter Circle Forward PUNCH!","Quick Restart","Relic Filter Mod","Reliquary","Replay The Spire","Spicy Shops","StSLib","TestMod","¡¾ÒÅÎï¿¨ÅÆ¡¿REMEMod"],"gold_per_floor":[110,124,124,134,59,87,87,106,106,131,143,157,157,171,171,270,270,290,290,306,405,181,181,210,221,221,251,251,251,9,9,9,108,108,127,154,114,124,1,26,26,26,51,51,83,133,144,154,154,154],"floor_reached":51,"language":"ZHS","playtime":1679,"items_purged":["Defend_R","Searing Blow+1","Armaments"],"score":1305,"play_id":"6725d370-5acc-4811-9a81-b7719c649fc4","local_time":"20210204204254","is_ascension_mode":true,"campfire_choices":[{"data":"Perfected Strike","floor":7,"key":"SMITH"},{"data":"Wild Strike","floor":15,"key":"SMITH"},{"data":"Searing Blow","floor":23,"key":"SMITH"},{"data":"Perfected Strike","floor":32,"key":"SMITH"},{"data":"Eclipse","floor":41,"key":"SMITH"},{"data":"ReplayTheSpireMod:Strike From Hell","floor":49,"key":"SMITH"}],"circlet_count":0,"master_deck":["AscendersBane","Strike_R+1","Strike_R+1","Strike_R+1","Strike_R+1","Strike_R+1","Defend_R+1","Defend_R+1","Defend_R+1","Bash+1","Secret Technique","Perfected Strike+1","REME_TheLastStrike+1","Wild Strike+1","Battle Trance","ReplayTheSpireMod:Strike From Hell+1","Pommel Strike","jedi:collectorstrike+1","Twin Strike","Pommel Strike","champ:FlashCut","hexamod:SuperheatedStrike","Slimebound:LeechingTouch","REME_TheLastStrike","Perfected Strike+1","jedi:strikingstrike","Perfected Strike+1","Eclipse+1","True Grit+1","Replay:Sssssssssstrike","jedi:forcepull","Pommel Strike+1","Wild Strike+1"],"relics":["Burning Blood","testmod-TestBox","REME_ComplimentaryCards","testmod-HeartOfStrike","NeowsBlessing","Replay:Mystery Machine","Pantograph","jedi:leech","Juzu Bracelet","ReplayFunnel","energizedSpire:RedRose","Membership Card","Matryoshka","qcfpunch:Not_Strongest_Fighting_Style_Guidebook","HornCleat","Boot","DollysMirror","testmod-TimeTraveler","Frozen Egg 2","ReplayTheSpireMod:ShopPack","Molten Egg 2","testmod-AssaultLearning","testmod-OneHitWonder","conspire:DecoderRing","qcfpunch:Handcuffs"],"acts_visited":["Exordium","TheCity","TheBeyond"],"potions_floor_usage":[16,16,18,24,24,24,24,24,24,50],"damage_taken":[{"damage":0,"enemies":"Cultist","floor":1,"turns":1},{"damage":0,"enemies":"Jaw Worm","floor":2,"turns":1},{"damage":0,"enemies":"Small Slimes","floor":4,"turns":1},{"damage":10,"enemies":"Lagavulin","floor":6,"turns":4},{"damage":0,"enemies":"2 Fungi Beasts","floor":8,"turns":2},{"damage":15,"enemies":"3 Sentries","floor":10,"turns":5},{"damage":0,"enemies":"Blue Slaver","floor":11,"turns":1},{"damage":0,"enemies":"Exordium Thugs","floor":12,"turns":1},{"damage":0,"enemies":"Red Slaver","floor":14,"turns":1},{"damage":12,"enemies":"Fading Forest","floor":16,"turns":11},{"damage":10,"enemies":"Chosen","floor":18,"turns":2},{"damage":1,"enemies":"Spheric Guardian","floor":20,"turns":1},{"damage":0,"enemies":"Gremlin Leader","floor":24,"turns":2},{"damage":10,"enemies":"Shelled Parasite and Fungi","floor":25,"turns":2},{"damage":21,"enemies":"Book of Stabbing","floor":27,"turns":3},{"damage":24,"enemies":"Champ","floor":33,"turns":3},{"damage":0,"enemies":"3 Shapes","floor":35,"turns":1},{"damage":2,"enemies":"conspire:MimicChest","floor":36,"turns":2},{"damage":3,"enemies":"Orb Walker","floor":38,"turns":1},{"damage":7,"enemies":"Reptomancer","floor":40,"turns":2},{"damage":6,"enemies":"R_Hoarder","floor":45,"turns":2},{"damage":5,"enemies":"Mind Bloom Boss Battle","floor":46,"turns":2},{"damage":0,"enemies":"Spire Growth","floor":47,"turns":1},{"damage":1,"enemies":"Jaw Worm Horde","floor":48,"turns":2},{"damage":0,"enemies":"conspire:OrnateMirror","floor":50,"turns":2}],"seed_played":"-2335466035015892979","potions_obtained":[{"floor":1,"key":"Reflective Coating"},{"floor":10,"key":"Explosive Potion"},{"floor":11,"key":"AttackPotion"},{"floor":16,"key":"EntropicBrew"},{"floor":18,"key":"BlessingOfTheForge"},{"floor":20,"key":"EntropicBrew"},{"floor":25,"key":"Fire Potion"},{"floor":33,"key":"Elixir"},{"floor":45,"key":"Block Potion"},{"floor":47,"key":"BloodPotion"}],"is_trial":false,"path_per_floor":["M","M","?","M","$","E","R","M","T","E","M","M","?","M","R","B",null,"M","?","M","?","$","R","E","M","T","E","?","?","$","?","R","B",null,"M","?","?","M","$","E","R","$","T","?","E","?","M","M","R","B",null],"character_chosen":"IRONCLAD","items_purchased":["Membership Card","jedi:collectorstrike","Searing Blow","jedi:strikingstrike","DollysMirror","ReplayTheSpireMod:ShopPack"],"campfire_rested":0,"item_purchase_floors":[22,22,22,30,30,39],"current_hp_per_floor":[78,80,80,80,80,76,76,80,80,71,77,80,62,68,68,74,79,75,75,80,80,80,80,80,76,76,61,61,61,61,61,61,62,76,80,80,80,80,80,79,79,79,79,79,79,80,80,80,80,80],"gold":154,"neow_bonus":"THREE_ENEMY_KILL","is_daily":false,"chose_seed":false,"campfire_upgraded":6,"win_rate":0.0,"timestamp":1612442574,"path_taken":["M","M","?","M","$","E","R","M","T","E","M","M","?","M","R","BOSS","M","?","M","?","$","R","E","M","T","E","?","?","$","?","R","BOSS","M","?","?","M","$","E","R","?","T","?","E","?","M","M","R","BOSS"],"items_purchased_type":["Relic","Card","Card","Card","Relic","Relic"],"build_version":"2020-12-22","purchased_purges":3,"victory":true,"max_hp_per_floor":[80,80,80,80,80,80,80,80,80,80,80,80,80,80,80,80,80,80,80,80,80,80,80,80,80,80,80,80,80,80,80,80,80,80,80,80,80,80,80,80,80,80,80,80,80,80,80,80,80,80],"card_choices":[{"not_picked":["Heavy Blade","Clothesline","Run Through"],"picked":"SKIP","floor":1},{"not_picked":["Intimidate","jedi:controlledanger"],"picked":"Perfected Strike","floor":2},{"not_picked":["Body Slam","Flex"],"picked":"Armaments","floor":4},{"not_picked":["Cleave","Sword Boomerang"],"picked":"REME_TheLastStrike","floor":6},{"not_picked":["Blood for Blood","Flame Barrier"],"picked":"Wild Strike","floor":8},{"not_picked":["Body Slam","Sever Soul"],"picked":"Battle Trance","floor":10},{"not_picked":["Wild Strike","Warcry"],"picked":"ReplayTheSpireMod:Strike From Hell","floor":11},{"not_picked":["Sword Boomerang","Rage"],"picked":"Pommel Strike","floor":12},{"not_picked":["Pummel","jedi:suffering","Whirlwind"],"picked":"SKIP","floor":14},{"not_picked":["Sword Boomerang+1","jedi:fear","jedi:controlledanger"],"picked":"SKIP","floor":18},{"not_picked":["Intimidate","Replay:Undeath\u0027s Touch"],"picked":"jedi:collectorstrike","floor":20},{"not_picked":["Armaments","Shrug It Off","Infernal Blade"],"picked":"SKIP","floor":24},{"not_picked":["Replay:Undeath\u0027s Touch","Metallicize+1"],"picked":"jedi:collectorstrike","floor":25},{"not_picked":["Evolve","Disarm"],"picked":"Twin Strike","floor":27},{"not_picked":["Corruption","Brutality"],"picked":"Eclipse","floor":33},{"not_picked":["Metallicize","Shockwave+1"],"picked":"jedi:collectorstrike+1","floor":35},{"not_picked":["ReplayTheSpireMod:Stacked+1","Run Through+1"],"picked":"True Grit+1","floor":36},{"not_picked":["Intimidate+1","Sentinel+1"],"picked":"jedi:collectorstrike+1","floor":38},{"not_picked":["ReplayTheSpireMod:Necrogeddon","testmod-RabbitOfFibonacci"],"picked":"Replay:Sssssssssstrike","floor":39},{"not_picked":["testmod-DeathImprint","REME_TheoryOfElimination"],"picked":"jedi:forcepull","floor":39},{"not_picked":["Metallicize+1","Dark Embrace+1"],"picked":"jedi:collectorstrike+1","floor":40},{"not_picked":["jedi:collectorstrike+1","Havoc"],"picked":"Pommel Strike+1","floor":45},{"not_picked":["Shrug It Off+1","Run Through+1"],"picked":"jedi:collectorstrike+1","floor":46},{"not_picked":["ReplayTheSpireMod:Muscle Training","conspire:ExplosiveBarrier"],"picked":"jedi:collectorstrike+1","floor":47},{"not_picked":["jedi:collectorstrike+1","Spot Weakness+1"],"picked":"Wild Strike+1","floor":48}],"player_experience":65371,"relics_obtained":[{"floor":6,"key":"Pantograph"},{"floor":9,"key":"jedi:leech"},{"floor":10,"key":"Juzu Bracelet"},{"floor":24,"key":"Matryoshka"},{"floor":26,"key":"qcfpunch:Not_Strongest_Fighting_Style_Guidebook"},{"floor":26,"key":"HornCleat"},{"floor":27,"key":"Boot"},{"floor":36,"key":"Frozen Egg 2"},{"floor":40,"key":"Molten Egg 2"},{"floor":43,"key":"testmod-AssaultLearning"},{"floor":43,"key":"testmod-OneHitWonder"},{"floor":45,"key":"conspire:DecoderRing"},{"floor":46,"key":"qcfpunch:Handcuffs"}],"event_choices":[{"damage_healed":0,"gold_gain":0,"player_choice":"Gave Potion","damage_taken":0,"relics_obtained":["Replay:Mystery Machine"],"max_hp_gain":0,"max_hp_loss":0,"event_name":"WeMeetAgain","floor":3,"gold_loss":0},{"damage_healed":0,"gold_gain":0,"player_choice":"Success","damage_taken":18,"relics_obtained":["ReplayFunnel"],"max_hp_gain":0,"max_hp_loss":0,"event_name":"Scrap Ooze","floor":13,"gold_loss":0},{"damage_healed":0,"gold_gain":0,"player_choice":"Simplicity","damage_taken":0,"max_hp_gain":0,"max_hp_loss":0,"event_name":"Back to Basics","floor":19,"gold_loss":0,"cards_upgraded":["Strike_R","Strike_R","Strike_R","Strike_R","Strike_R","Defend_R","Defend_R","Defend_R"]},{"damage_healed":0,"gold_gain":99,"player_choice":"Stole From Cult","damage_taken":0,"max_hp_gain":0,"max_hp_loss":0,"event_name":"Nest","floor":21,"gold_loss":0},{"damage_healed":0,"gold_gain":0,"player_choice":"Forge","damage_taken":0,"max_hp_gain":0,"max_hp_loss":0,"event_name":"Accursed Blacksmith","floor":28,"gold_loss":0,"cards_upgraded":["jedi:collectorstrike"]},{"damage_healed":0,"gold_gain":0,"player_choice":"Upgraded Two","damage_taken":0,"max_hp_gain":0,"max_hp_loss":0,"event_name":"Designer","floor":37,"gold_loss":40,"cards_upgraded":["Bash","REME_TheLastStrike"]},{"damage_healed":0,"gold_gain":0,"player_choice":"Fight","damage_taken":0,"max_hp_gain":0,"max_hp_loss":0,"event_name":"MindBloom","floor":46,"gold_loss":0}],"is_beta":false,"boss_relics":[{"not_picked":["Busted Crown","Cursed Key"],"picked":"energizedSpire:RedRose"},{"not_picked":["Calling Bell","Runic Cube"],"picked":"testmod-TimeTraveler"}],"items_purged_floors":[5,30,39],"is_endless":false,"potions_floor_spawned":[1,10,11,16,18,20,25,33,45,47],"ascension_level":10}}