{"host":"jl7epezt8u9c37lt","time":1612483042,"event":{"mods":["Arknights","Aspiration","Astrologer","Bard","BaseMod","Beaked The Cultist","Better Third Choice","Conspire","DeckTracker","Downfall","Energized Spire","GifTheSpireLib","Glutton Mod","Halation","Hermit","HexUI Lib","Hubris","Lobotomy","LobotomyExtend","Minty Spire (QoL Compilation)","Quick Restart","Reliquary","Replay The Spire","Spikes Relics","StSLib","Stuff the Spire","The Animator","The Bladedancer","The Blue Laboratory","The Disciple","The Jungle","The Runesmith","egg"],"gold_per_floor":[99,99,99,99,99,99,99,133,151,184,184,13,113,113,113],"floor_reached":14,"language":"ENG","playtime":258,"items_purged":[],"score":92,"play_id":"e1ca076e-8445-498c-99cf-cf8492d833ce","local_time":"20210204175722","is_ascension_mode":false,"campfire_choices":[{"floor":1,"key":"RECALL"}],"circlet_count":0,"master_deck":["Strike_B","Strike_B","Strike_B","Strike_B","Defend_B","Defend_B","Defend_B","Defend_B","Zap","Dualcast","Ball Lightning","ReplayTheSpireMod:Calculation Training","BasicCrystalCard","Conserve Battery","StuffTheSpire:Plugnplay","Double Energy","FIFO Queue"],"relics":["Cracked Core","downfall:HeartsMalice","LetterFromLob","Replay:Ringing Soul","StuffTheSpire:GrapeVine","hubris:SlimyHat","hubris:Towel","aspiration:EnhancedActuators"],"acts_visited":["Exordium"],"potions_floor_usage":[10],"damage_taken":[{"damage":0,"enemies":"Small Slimes","floor":2,"turns":1},{"damage":0,"enemies":"2 Louse","floor":4,"turns":1},{"damage":0,"enemies":"Cultist","floor":6,"turns":1},{"damage":31,"enemies":"Lagavulin","floor":8,"turns":5},{"damage":4,"enemies":"2 Fungi Beasts","floor":9,"turns":3},{"damage":31,"enemies":"Gremlin Nob","floor":10,"turns":4},{"damage":10,"enemies":"downfall:FleeingMerchant","floor":12,"turns":4},{"damage":9,"enemies":"3 Sentries","floor":14,"turns":2}],"seed_played":"-7231939782544159643","potions_obtained":[{"floor":9,"key":"Swift Potion"}],"is_trial":false,"path_per_floor":["R","M","?","M","?","M","T","E","M","E","?","$","?","E"],"character_chosen":"DEFECT","items_purchased":["aspiration:EnhancedActuators"],"campfire_rested":0,"item_purchase_floors":[12],"current_hp_per_floor":[75,75,75,75,75,75,75,47,46,18,18,11,11,2,2],"gold":113,"neow_bonus":"THREE_ENEMY_KILL","is_daily":false,"chose_seed":false,"campfire_upgraded":0,"win_rate":0.0,"timestamp":1612483042,"path_taken":["R","M","?","M","?","M","T","E","?","E","?","$","?","E"],"items_purchased_type":["Relic"],"build_version":"2020-12-22","purchased_purges":0,"victory":false,"max_hp_per_floor":[75,75,75,75,75,75,75,78,81,84,84,87,87,87,87],"card_choices":[{"not_picked":["Undo","Sweeping Beam"],"picked":"Ball Lightning","floor":2},{"not_picked":["conspire:Rain","Sweeping Beam"],"picked":"ReplayTheSpireMod:Calculation Training","floor":4},{"not_picked":["BasicCrystalCard","Sweeping Beam","Rebound"],"picked":"SKIP","floor":6},{"not_picked":["Sweeping Beam","Rebound"],"picked":"BasicCrystalCard","floor":6},{"not_picked":["Rainbow","Reboot"],"picked":"Conserve Battery","floor":8},{"not_picked":["Rebound","Steam"],"picked":"StuffTheSpire:Plugnplay","floor":9},{"not_picked":["Static Discharge","Tempest"],"picked":"Double Energy","floor":10},{"not_picked":["Heatsinks","Hologram"],"picked":"FIFO Queue","floor":12}],"player_experience":216014,"relics_obtained":[{"floor":2,"key":"LetterFromLob"},{"floor":7,"key":"Replay:Ringing Soul"},{"floor":8,"key":"StuffTheSpire:GrapeVine"},{"floor":10,"key":"hubris:SlimyHat"}],"event_choices":[{"damage_healed":0,"gold_gain":0,"player_choice":"Disagree","damage_taken":0,"max_hp_gain":0,"max_hp_loss":0,"event_name":"conspire:LoneGhost","floor":3,"gold_loss":0}],"is_beta":false,"boss_relics":[],"items_purged_floors":[],"is_endless":false,"potions_floor_spawned":[9],"killed_by":"3 Sentries","ascension_level":0}}