{"host":"nwd160me4iqdtr8u","time":1612447958,"event":{"mods":["AchievementEnabler","Act Like it!","BaseMod","Colored Map","DeckTracker","Keyboard Shortcuts","Minty Spire (QoL Compilation)","Quick Restart","Rare Cards Sparkle","Smile Girya","StSLib","SuperFastMode","everything is the same but u backflip on backflip"],"gold_per_floor":[117,117,66,141,152,178,178,211,211,237,55,67,84,84,84,185,185,200,210,74,89,103,103,122,148,174,198,198,198,239,258,258,371,371,393,60,82,100,123,157,157,172,172,182,182,92,121,73,73,73],"floor_reached":51,"language":"KOR","playtime":2345,"items_purged":["Strike_R"],"score":871,"play_id":"067427f0-5f7f-4e77-b236-a30efab12910","local_time":"20210204231238","is_ascension_mode":true,"campfire_choices":[{"data":"Uppercut","floor":7.0,"key":"SMITH"},{"data":"Wild Strike","floor":15.0,"key":"SMITH"},{"floor":23.0,"key":"RECALL"},{"floor":29.0,"key":"REST"},{"floor":32.0,"key":"REST"},{"floor":41.0,"key":"REST"},{"floor":45.0,"key":"REST"},{"floor":49.0,"key":"REST"}],"circlet_count":0,"master_deck":["Strike_R","Strike_R","Strike_R","Defend_R","Defend_R+1","Defend_R","Defend_R","Bash+1","Shrug It Off","Sever Soul","Uppercut+1","Second Wind","Feel No Pain","Flame Barrier","Wild Strike+1","Exhume","Seeing Red","Power Through","Bludgeon","Dark Embrace","Disarm+1","Intimidate+1","Reckless Charge+1","Headbutt","Evolve","Corruption","Seeing Red","Ghostly Armor+1","Madness+1","Madness","Spot Weakness+1","Second Wind","Shrug It Off+1"],"relics":["Burning Blood","NeowsBlessing","Matryoshka","Incense Burner","Potion Belt","Boot","Pen Nib","MealTicket","Fusion Hammer","Paper Frog","CeramicFish","Anchor","Molten Egg 2","Runic Pyramid","Kunai","Bronze Scales","Mummified Hand"],"acts_visited":["Exordium","TheCity","TheBeyond"],"potions_floor_usage":[50],"damage_taken":[{"damage":0.0,"enemies":"2 Louse","floor":1.0,"turns":1.0},{"damage":0.0,"enemies":"Jaw Worm","floor":5.0,"turns":1.0},{"damage":0.0,"enemies":"Lagavulin","floor":6.0,"turns":1.0},{"damage":24.0,"enemies":"3 Sentries","floor":8.0,"turns":9.0},{"damage":7.0,"enemies":"Gremlin Nob","floor":10.0,"turns":3.0},{"damage":4.0,"enemies":"Cultist","floor":12.0,"turns":3.0},{"damage":0.0,"enemies":"Exordium Wildlife","floor":13.0,"turns":3.0},{"damage":47.0,"enemies":"The Guardian","floor":16.0,"turns":11.0},{"damage":0.0,"enemies":"Chosen","floor":18.0,"turns":4.0},{"damage":21.0,"enemies":"Spheric Guardian","floor":19.0,"turns":5.0},{"damage":3.0,"enemies":"Centurion and Healer","floor":21.0,"turns":8.0},{"damage":16.0,"enemies":"Cultist and Chosen","floor":22.0,"turns":8.0},{"damage":1.0,"enemies":"Snecko","floor":24.0,"turns":4.0},{"damage":44.0,"enemies":"Gremlin Leader","floor":25.0,"turns":9.0},{"damage":1.0,"enemies":"Centurion and Healer","floor":27.0,"turns":7.0},{"damage":10.0,"enemies":"Slavers","floor":30.0,"turns":6.0},{"damage":19.0,"enemies":"Chosen and Byrds","floor":31.0,"turns":7.0},{"damage":17.0,"enemies":"Champ","floor":33.0,"turns":12.0},{"damage":2.0,"enemies":"Orb Walker","floor":35.0,"turns":5.0},{"damage":25.0,"enemies":"3 Darklings","floor":37.0,"turns":6.0},{"damage":9.0,"enemies":"Writhing Mass","floor":39.0,"turns":7.0},{"damage":50.0,"enemies":"Giant Head","floor":40.0,"turns":11.0},{"damage":17.0,"enemies":"Sphere and 2 Shapes","floor":42.0,"turns":7.0},{"damage":4.0,"enemies":"Spire Growth","floor":44.0,"turns":5.0},{"damage":36.0,"enemies":"Transient","floor":47.0,"turns":5.0},{"damage":42,"enemies":"Donu and Deca","floor":50,"turns":15}],"seed_played":"9157032548406050812","potions_obtained":[{"floor":5.0,"key":"Strength Potion"},{"floor":6.0,"key":"Fire Potion"},{"floor":8.0,"key":"Block Potion"},{"floor":16.0,"key":"LiquidMemories"},{"floor":18.0,"key":"CultistPotion"},{"floor":21.0,"key":"ColorlessPotion"},{"floor":27.0,"key":"SpeedPotion"},{"floor":30.0,"key":"Strength Potion"},{"floor":33.0,"key":"SkillPotion"},{"floor":37.0,"key":"ElixirPotion"},{"floor":40.0,"key":"DistilledChaos"},{"floor":42.0,"key":"Dexterity Potion"},{"floor":44.0,"key":"Swift Potion"},{"floor":47.0,"key":"GamblersBrew"}],"is_trial":false,"path_per_floor":["M","?","$","?","M","E","R","E","T","E","$","M","M","?","R","B",null,"M","M","$","M","M","R","M","E","T","M","?","R","E","M","R","B",null,"M","$","M","?","M","E","R","M","T","M","R","?","M","$","R","B",null],"character_chosen":"IRONCLAD","items_purchased":["Shrug It Off","Flame Barrier","MealTicket","Bludgeon","Kunai","ColorlessPotion"],"campfire_rested":5,"item_purchase_floors":[3,11,11,20,36,48],"current_hp_per_floor":[80,64,64,53,59,65,65,47,47,46,46,48,54,54,54,13,80,80,65,80,80,70,70,75,37,37,42,27,52,48,35,60,49,85,85,85,66,55,52,8,33,22,22,24,49,49,19,34,59,23],"gold":73,"neow_bonus":"THREE_ENEMY_KILL","is_daily":false,"chose_seed":false,"campfire_upgraded":2,"win_rate":0.0,"timestamp":1612447958,"path_taken":["M","?","$","?","M","E","R","E","T","E","?","M","M","?","R","BOSS","M","M","$","?","M","R","M","E","T","M","?","R","E","M","R","BOSS","M","$","M","?","M","E","R","M","T","M","R","?","?","?","R","BOSS"],"items_purchased_type":["Card","Card","Relic","Card","Relic","Potion"],"build_version":"2020-12-22","purchased_purges":1,"victory":true,"max_hp_per_floor":[80,80,80,80,80,80,80,80,80,80,80,80,80,80,80,80,80,80,80,80,80,80,80,80,80,80,80,85,85,85,85,85,85,85,85,85,85,85,85,85,85,85,85,85,85,85,85,85,85,85],"card_choices":[{"not_picked":["Perfected Strike","Metallicize","Flex"],"picked":"SKIP","floor":1.0},{"not_picked":["Warcry","Thunderclap"],"picked":"Sever Soul","floor":5.0},{"not_picked":["Heavy Blade","Rupture"],"picked":"Uppercut","floor":6.0},{"not_picked":["Corruption","Spot Weakness"],"picked":"Second Wind","floor":8.0},{"not_picked":["Infernal Blade","Flex"],"picked":"Feel No Pain","floor":10.0},{"not_picked":["Havoc","Uppercut"],"picked":"Wild Strike","floor":12.0},{"not_picked":["Pommel Strike","Cleave","Perfected Strike"],"picked":"SKIP","floor":13.0},{"not_picked":["Berserk","Limit Break"],"picked":"Exhume","floor":16.0},{"not_picked":["Clash","Iron Wave"],"picked":"Seeing Red","floor":18.0},{"not_picked":["Uppercut+1","Metallicize"],"picked":"Power Through","floor":19.0},{"not_picked":["Carnage+1","Whirlwind"],"picked":"Dark Embrace","floor":21.0},{"not_picked":["Perfected Strike","Shrug It Off+1"],"picked":"Disarm+1","floor":22.0},{"not_picked":["Thunderclap","Clash"],"picked":"Intimidate+1","floor":24.0},{"not_picked":["Carnage+1","Havoc+1"],"picked":"Reckless Charge+1","floor":25.0},{"not_picked":["Armaments+1","Warcry+1"],"picked":"Headbutt","floor":27.0},{"not_picked":["True Grit","Dark Embrace"],"picked":"Evolve","floor":30.0},{"not_picked":["Headbutt+1","Metallicize","Cleave+1"],"picked":"SKIP","floor":31.0},{"not_picked":["Bludgeon+1","Demon Form"],"picked":"Corruption","floor":33.0},{"not_picked":["Shockwave","Inflame+1"],"picked":"Seeing Red","floor":35.0},{"not_picked":["Infernal Blade+1","Headbutt+1"],"picked":"Ghostly Armor+1","floor":37.0},{"not_picked":["Cleave+1","Clash+1"],"picked":"Spot Weakness+1","floor":39.0},{"not_picked":["Feel No Pain","Clothesline+1"],"picked":"Second Wind","floor":40.0},{"not_picked":["Infernal Blade+1","Intimidate+1","Flex"],"picked":"SKIP","floor":42.0},{"not_picked":["Feed+1","Hemokinesis+1","Cleave+1"],"picked":"SKIP","floor":44.0},{"not_picked":["Flex","Clash+1"],"picked":"Shrug It Off+1","floor":47.0}],"player_experience":391388,"relics_obtained":[{"floor":6.0,"key":"Matryoshka"},{"floor":8.0,"key":"Incense Burner"},{"floor":9.0,"key":"Potion Belt"},{"floor":9.0,"key":"Boot"},{"floor":10.0,"key":"Pen Nib"},{"floor":25.0,"key":"Paper Frog"},{"floor":26.0,"key":"CeramicFish"},{"floor":26.0,"key":"Anchor"},{"floor":30.0,"key":"Molten Egg 2"},{"floor":40.0,"key":"Bronze Scales"},{"floor":43.0,"key":"Mummified Hand"}],"event_choices":[{"damage_healed":0.0,"max_hp_gain":0.0,"max_hp_loss":0.0,"gold_gain":0.0,"event_name":"Shining Light","player_choice":"Entered Light","floor":2.0,"gold_loss":0.0,"damage_taken":16.0,"cards_upgraded":["Bash","Defend_R"]},{"damage_healed":0.0,"max_hp_gain":0.0,"max_hp_loss":0.0,"gold_gain":75.0,"event_name":"World of Goop","player_choice":"Gather Gold","floor":4.0,"gold_loss":0.0,"damage_taken":11.0},{"damage_healed":0.0,"max_hp_gain":0.0,"max_hp_loss":0.0,"gold_gain":0.0,"event_name":"Match and Keep!","player_choice":"0 cards matched","floor":14.0,"gold_loss":0.0,"damage_taken":0.0,"cards_obtained":[]},{"damage_healed":0.0,"max_hp_gain":5.0,"max_hp_loss":0.0,"gold_gain":0.0,"event_name":"Forgotten Altar","player_choice":"Shed Blood","floor":28.0,"gold_loss":0.0,"damage_taken":20.0},{"damage_healed":0.0,"max_hp_gain":0.0,"max_hp_loss":0.0,"gold_gain":0.0,"event_name":"Winding Halls","player_choice":"Embrace Madness","floor":38.0,"gold_loss":0.0,"damage_taken":11.0,"cards_obtained":["Madness","Madness"]},{"cards_removed":["Strike_R"],"damage_healed":0.0,"max_hp_gain":0.0,"max_hp_loss":0.0,"gold_gain":0.0,"event_name":"Designer","player_choice":"Upgrade and Remove","floor":46.0,"gold_loss":90.0,"damage_taken":0.0,"cards_upgraded":["Madness"]}],"is_beta":false,"boss_relics":[{"not_picked":["Calling Bell","Runic Cube"],"picked":"Fusion Hammer"},{"not_picked":["SlaversCollar","Pandora\u0027s Box"],"picked":"Runic Pyramid"}],"items_purged_floors":[36],"is_endless":false,"potions_floor_spawned":[5,6,8,16,18,21,27,30,33,37,40,42,44,47],"ascension_level":3}}