{"host":"630px4nyj50z5id8","time":1612438529,"event":{"mods":["BaseMod","Colored Powertips","Downfall","Minty Spire (QoL Compilation)","Quick Restart","Replay The Spire","StSLib","Waifu the Spire"],"gold_per_floor":[110,260,19,19,19,47,47,77,77,90,415,429,461,6,6,80,80,100,117,134,69,69,102,102,134,158,158,83,102,102,131,131,131,131],"floor_reached":33,"language":"ZHS","playtime":1521,"items_purged":["Doubt","Writhe"],"score":819,"play_id":"69d53682-e3af-47ca-bae3-40b0bc50a9e4","local_time":"20210204193529","is_ascension_mode":true,"campfire_choices":[{"data":"Draining Mist","floor":7.0,"key":"SMITH"},{"data":"ReplayTheSpireMod:Exploit Weakness","floor":15.0,"key":"SMITH"},{"data":"Catalyst","floor":24.0,"key":"SMITH"},{"floor":27.0,"key":"REST"},{"data":"Bouncing Flask","floor":32.0,"key":"SMITH"}],"circlet_count":0,"master_deck":["AscendersBane","Strike_G+1","Defend_G","Defend_G","Defend_G","Defend_G","Defend_G","Survivor","Neutralize+1","Draining Mist","Replay:Bag of Tricks+1","Acrobatics","Acrobatics","Draining Mist+1","ReplayTheSpireMod:The Works","Malaise+1","Crippling Poison","ReplayTheSpireMod:Exploit Weakness+1","Prepared","Replay:Poison Smokescreen+1","Specialist+1","Wraith Form v2+1","Prepared+1","Corpse Explosion+1","Sneak Up+1","Backflip","Outmaneuver","Noxious Fumes+1","Ghostly","Ghostly","Ghostly","Catalyst+1","Poison Darts+1","Bouncing Flask+1"],"relics":["Ring of the Snake","NeowsBlessing","Orrery","Meat on the Bone","Golden Egg","Frozen Egg 2","Old Coin","The Courier","Oddly Smooth Stone","ReplayTheSpireMod:CursedCoin","Replay:Towering Pillar of Hats","Astrolabe","Lantern","Basket Of Snakes","Whetstone","Vajra"],"acts_visited":["Exordium","TheCity"],"potions_floor_usage":[],"damage_taken":[{"damage":0.0,"enemies":"Small Slimes","floor":1.0,"turns":1.0},{"damage":0.0,"enemies":"Gremlin Nob","floor":6.0,"turns":1.0},{"damage":0.0,"enemies":"3 Sentries","floor":8.0,"turns":1.0},{"damage":0.0,"enemies":"2 Louse","floor":10.0,"turns":2.0},{"damage":28.0,"enemies":"Gremlin Nob","floor":11.0,"turns":4.0},{"damage":0.0,"enemies":"Cultist","floor":12.0,"turns":3.0},{"damage":6.0,"enemies":"Lagavulin","floor":13.0,"turns":7.0},{"damage":0.0,"enemies":"Hexaghost","floor":16.0,"turns":9.0},{"damage":22.0,"enemies":"2 Thieves","floor":18.0,"turns":3.0},{"damage":0.0,"enemies":"Chosen","floor":19.0,"turns":5.0},{"damage":9.0,"enemies":"Snake Plant","floor":20.0,"turns":4.0},{"damage":6.0,"enemies":"Replay:Snechameleon","floor":23.0,"turns":7.0},{"damage":10.0,"enemies":"Gremlin Leader","floor":25.0,"turns":8.0},{"damage":4.0,"enemies":"Shelled Parasite and Fungi","floor":29.0,"turns":6.0},{"damage":2.0,"enemies":"Book of Stabbing","floor":31.0,"turns":8.0},{"damage":19,"enemies":"Automaton","floor":33,"turns":10}],"seed_played":"-7885089831795484240","potions_obtained":[{"floor":6.0,"key":"FearPotion"},{"floor":8.0,"key":"bronze:BurnAndBuffPotion"},{"floor":10.0,"key":"Slimebound:ThreeZeroPotion"},{"floor":13.0,"key":"GamblersBrew"},{"floor":16.0,"key":"SpeedPotion"},{"floor":19.0,"key":"Fire Potion"},{"floor":20.0,"key":"Adrenaline Potion"},{"floor":25.0,"key":"ColorlessPotion"}],"is_trial":false,"path_per_floor":["M","?","$","?","?","E","R","E","T","M","E","M","E","$","R","B",null,"M","M","M","$","?","E","R","E","T","R","?","M","?","E","R","B"],"character_chosen":"THE_SILENT","items_purchased":["Orrery","Oddly Smooth Stone","ReplayTheSpireMod:CursedCoin","Replay:Poison Smokescreen","Replay:Towering Pillar of Hats","Specialist+1","Noxious Fumes+1"],"campfire_rested":1,"item_purchase_floors":[3,14,14,14,14,14,21],"current_hp_per_floor":[59,59,59,59,59,59,59,59,59,59,43,43,37,37,37,37,59,37,37,40,40,33,27,27,17,17,26,26,22,22,20,20,1,1],"gold":131,"neow_bonus":"THREE_ENEMY_KILL","is_daily":false,"chose_seed":false,"campfire_upgraded":4,"win_rate":0.0,"timestamp":1612438529,"path_taken":["M","?","$","?","?","E","R","E","T","M","E","?","E","$","R","BOSS","M","M","M","$","?","E","R","E","T","R","?","M","?","E","R","BOSS"],"items_purchased_type":["Relic","Relic","Relic","Card","Relic","Card","Card"],"build_version":"2020-12-22","purchased_purges":2,"victory":false,"max_hp_per_floor":[66,66,66,66,66,66,66,66,66,66,66,66,66,66,66,66,66,66,66,66,66,33,33,33,33,33,33,33,33,33,33,33,33,33],"card_choices":[{"not_picked":["Poisoned Stab","Sucker Punch"],"picked":"Draining Mist","floor":1.0},{"not_picked":["Hidden Blade","Deflect"],"picked":"Replay:Bag of Tricks","floor":3.0},{"not_picked":["Underhanded Strike","Cloak And Dagger"],"picked":"Acrobatics","floor":3.0},{"not_picked":["Sneak Up","Eviscerate"],"picked":"Acrobatics","floor":3.0},{"not_picked":["Calculated Gamble","Backflip"],"picked":"Draining Mist","floor":3.0},{"not_picked":["Dodge and Roll","PiercingWail"],"picked":"ReplayTheSpireMod:The Works","floor":6.0},{"not_picked":["Prepared","Heel Hook"],"picked":"Malaise","floor":8.0},{"not_picked":["Draining Mist","Dodge and Roll"],"picked":"Crippling Poison","floor":10.0},{"not_picked":["Endless Agony","All Out Attack"],"picked":"ReplayTheSpireMod:Exploit Weakness","floor":11.0},{"not_picked":["Slice","Dagger Throw","Poisoned Stab"],"picked":"SKIP","floor":12.0},{"not_picked":["Atom Bomb","Sucker Punch"],"picked":"Prepared","floor":13.0},{"not_picked":["Phantasmal Killer","Envenom+1"],"picked":"Wraith Form v2+1","floor":16.0},{"not_picked":["Underhanded Strike+1","Slice"],"picked":"Backflip","floor":18.0},{"not_picked":["Dodge and Roll","Quick Slash"],"picked":"Outmaneuver","floor":19.0},{"not_picked":["Bane","Dagger Throw","Slice"],"picked":"SKIP","floor":20.0},{"not_picked":["Backflip","Flechettes+1"],"picked":"Catalyst","floor":23.0},{"not_picked":["Prepared","Slice+1"],"picked":"Poison Darts","floor":25.0},{"not_picked":["Dagger Throw","Underhanded Strike","Blade Dance"],"picked":"SKIP","floor":29.0},{"not_picked":["Dagger Throw+1","Replay:Poison Smokescreen"],"picked":"Bouncing Flask","floor":31.0}],"player_experience":372772,"relics_obtained":[{"floor":6.0,"key":"Meat on the Bone"},{"floor":8.0,"key":"Golden Egg"},{"floor":9.0,"key":"Frozen Egg 2"},{"floor":11.0,"key":"Old Coin"},{"floor":13.0,"key":"The Courier"},{"floor":23.0,"key":"Lantern"},{"floor":25.0,"key":"Basket Of Snakes"},{"floor":26.0,"key":"Whetstone"},{"floor":31.0,"key":"Vajra"}],"event_choices":[{"damage_healed":0.0,"max_hp_gain":0.0,"max_hp_loss":0.0,"gold_gain":150.0,"event_name":"Liars Game","player_choice":"AGREE","floor":2.0,"gold_loss":0.0,"damage_taken":0.0,"cards_obtained":["Doubt"]},{"damage_healed":0.0,"max_hp_gain":0.0,"max_hp_loss":0.0,"gold_gain":0.0,"event_name":"Shining Light","player_choice":"Ignored","floor":4.0,"gold_loss":0.0,"damage_taken":0.0},{"damage_healed":0.0,"max_hp_gain":0.0,"max_hp_loss":0.0,"gold_gain":0.0,"event_name":"Upgrade Shrine","player_choice":"Upgraded","floor":5.0,"gold_loss":0.0,"damage_taken":0.0,"cards_upgraded":["Replay:Bag of Tricks"]},{"damage_healed":0.0,"max_hp_gain":0.0,"max_hp_loss":33.0,"gold_gain":0.0,"event_name":"Ghosts","player_choice":"Became a Ghost","floor":22.0,"gold_loss":0.0,"damage_taken":0.0,"cards_obtained":["Ghostly","Ghostly","Ghostly"]},{"cards_removed":["Strike_G"],"damage_healed":0.0,"max_hp_gain":0.0,"max_hp_loss":0.0,"gold_gain":0.0,"event_name":"Beggar","player_choice":"Gave Gold","floor":28.0,"gold_loss":75.0,"damage_taken":0.0},{"damage_healed":0.0,"max_hp_gain":0.0,"max_hp_loss":0.0,"gold_gain":0.0,"event_name":"Vampires","player_choice":"Ignored","floor":30.0,"gold_loss":0.0,"damage_taken":0.0}],"is_beta":false,"boss_relics":[{"not_picked":["ChewingGum","WristBlade"],"picked":"Astrolabe"}],"items_purged_floors":[3,14],"is_endless":false,"potions_floor_spawned":[6,8,10,13,16,19,20,25],"killed_by":"Automaton","ascension_level":17}}