{"host":"flm17o2q7bfjyna6","time":1612453397,"event":{"mods":["2.2 Compatiblity","Act Like it!","BaseMod","Better Altar","Better Match","Better Note","Better Sensory Stone","Better Skull","Better Third Choice","Better Vampires","Colored Map","Colored Powertips","DeckTracker","Evolution","Fox Events","Hermit","Minty Spire (QoL Compilation)","Quick Restart","Reliquary","Replay The Spire","Reworked Bosses","Spicy Shops","StSLib","TheSwordswoman","Wandering Minibosses"],"gold_per_floor":[144,144,189,234,279,369,369,414,414,459,459,504,549,49,49,349,349,394,394,34,34,14,104,104,203,253,253,298,343,388,433,433,733,733,778,823,135,135,135,225,270,32,32,32,32,122,147,192,192,192],"floor_reached":51,"language":"ENG","playtime":2363,"items_purged":["Pain","Reprogram","Auto Shields"],"score":754,"play_id":"6cc38a9f-9069-44b1-9f62-f1e0245bb9ea","local_time":"20210204104317","daily_mods":["Insanity","Red Cards","Midas"],"is_ascension_mode":false,"campfire_choices":[{"floor":7,"key":"REST"},{"floor":24,"key":"REST"},{"floor":27,"key":"REST"},{"floor":32,"key":"REST"},{"floor":49,"key":"REST"}],"circlet_count":0,"master_deck":["Barrage","Anger","Cleave","Rip and Tear","ReplayTheSpireMod:System Scan","Havoc","Ghostly Armor","Clothesline","BasicCrystalCard","Barrage","Hologram","Go for the Eyes","Shockwave","Dual Wield","Twin Strike","Cold Snap","Rip and Tear","Beam Cell","Thunderclap","Aggregate","Armaments","Melter","Coolheaded","Twin Strike","Pommel Strike","Armaments","Shrug It Off","Armaments","Steam","Sweeping Beam","FTL","Seeing Red+1","Reckless Charge","Chaos","White Noise","Sunder","Replay:Undeath\u0027s Touch","Thunderclap","Run Through","Pommel Strike","Intimidate","BasicCrystalCard","Doom and Gloom","Conserve Battery","Conserve Battery","Steam","Whirlwind+1","Flame Barrier","ReplayTheSpireMod:LeadingStrike+1","Machine Learning+1","Compile Driver+1","Compile Driver+1","Armaments+1","Echo Form+1","Mirror Shield","Reckless Charge+1","Parasite","Madness","Madness","Defragment+1","Beam Cell+1","Sunder+1","Trip","Bandage Up","Armaments+1","BasicCrystalCard+1"],"relics":["Cracked Core","EVO:Axolotl","Molten Egg 2","The Courier","WarpedTongs","Oddly Smooth Stone","Gremlin Horn","Lantern","Sozu","Replay:Baseball","DataDisk","Bronze Scales","Unceasing Top","reliquary:Stiletto","reliquary:TatteredRug","Empty Cage","Guide Book","WingedGreaves","Divine Protection","reliquary:PartyBalloon","reliquary:SilkGlove","BargainBundle","reliquary:HotPoker","Gremlin Horn","Nunchaku"],"acts_visited":["Exordium","TheCity","TheBeyond"],"potions_floor_usage":[6],"damage_taken":[{"damage":0,"enemies":"Small Slimes","floor":1,"turns":2},{"damage":0,"enemies":"Cultist","floor":3,"turns":3},{"damage":0,"enemies":"2 Louse","floor":4,"turns":1},{"damage":4,"enemies":"Exordium Thugs","floor":5,"turns":4},{"damage":11,"enemies":"3 Sentries","floor":6,"turns":4},{"damage":5,"enemies":"Looter","floor":8,"turns":3},{"damage":7,"enemies":"Large Slime","floor":10,"turns":4},{"damage":4,"enemies":"Exordium Wildlife","floor":12,"turns":4},{"damage":14,"enemies":"3 Louse","floor":13,"turns":3},{"damage":13,"enemies":"The Guardian","floor":16,"turns":10},{"damage":0,"enemies":"3 Byrds","floor":18,"turns":4},{"damage":2,"enemies":"Slavers","floor":23,"turns":3},{"damage":0,"enemies":"Spheric Guardian","floor":28,"turns":2},{"damage":16,"enemies":"Snake Plant","floor":29,"turns":3},{"damage":10,"enemies":"Chosen and Byrds","floor":30,"turns":3},{"damage":2,"enemies":"Sentry and Sphere","floor":31,"turns":3},{"damage":14,"enemies":"bossMod:newChamp","floor":33,"turns":12},{"damage":5,"enemies":"3 Shapes","floor":35,"turns":4},{"damage":0,"enemies":"Orb Walker","floor":36,"turns":2},{"damage":6,"enemies":"Giant Head","floor":40,"turns":8},{"damage":0,"enemies":"3 Darklings","floor":41,"turns":4},{"damage":0,"enemies":"3 Darklings","floor":45,"turns":2},{"damage":10,"enemies":"Reptomancer","floor":46,"turns":5},{"damage":35,"enemies":"Jaw Worm Horde","floor":48,"turns":3},{"damage":8,"enemies":"Replay:Hell Engine","floor":50,"turns":9}],"seed_played":"2514053361250750194","potions_obtained":[{"floor":2,"key":"Explosive Potion"},{"floor":2,"key":"LiquidMemories"},{"floor":2,"key":"Venom Potion"},{"floor":10,"key":"Milkshake"},{"floor":12,"key":"Block Potion"}],"is_trial":false,"path_per_floor":["M","?","M","M","M","E","R","M","T","M","?","M","M","$","R_BF","B",null,"M","?","$","?","$","E","R","?","T","R","M","M","M","M","R","B",null,"M","M","$","?","?","E","M","$","T","?","?","E","T","M","R","B",null],"character_chosen":"DEFECT","items_purchased":["Oddly Smooth Stone","Gremlin Horn","Lantern","Replay:Baseball","DataDisk","Bronze Scales","Unceasing Top","Guide Book","WingedGreaves","Divine Protection","reliquary:PartyBalloon","BargainBundle","Beam Cell+1","Sunder+1","Trip","Bandage Up"],"campfire_rested":5,"item_purchase_floors":[14,14,14,20,20,20,22,37,37,37,37,42,42,42,42,42],"current_hp_per_floor":[75,75,75,75,71,60,75,70,70,63,63,59,45,45,67,54,75,75,75,75,75,75,73,75,75,75,75,75,59,49,47,69,55,75,70,70,70,61,66,60,60,60,60,70,70,60,60,25,47,43],"gold":192,"neow_bonus":"","is_daily":true,"chose_seed":false,"campfire_upgraded":0,"win_rate":0.0,"timestamp":1612453397,"path_taken":["M","?","?","M","M","E","R","M","T","?","?","M","?","$","R_BF","BOSS","M","?","?","?","$","E","R","?","T","R","M","?","M","M","R","BOSS","M","M","$","?","?","E","?","$","T","?","?","E","?","M","R","BOSS"],"items_purchased_type":["Relic","Relic","Relic","Relic","Relic","Relic","Relic","Relic","Relic","Relic","Relic","Relic","Card","Card","Card","Card"],"build_version":"2020-12-22","purchased_purges":3,"victory":true,"max_hp_per_floor":[75,75,75,75,75,75,75,75,75,75,75,75,75,75,75,75,75,75,75,75,75,75,75,75,75,75,75,75,75,75,75,75,75,75,75,75,75,75,75,75,75,75,75,75,75,75,75,75,75,75],"card_choices":[{"not_picked":["Pommel Strike","Stack"],"picked":"Conserve Battery","floor":1},{"not_picked":["Twin Strike","Cleave"],"picked":"Conserve Battery","floor":3},{"not_picked":["Conserve Battery","Havoc","Streamline"],"picked":"SKIP","floor":4},{"not_picked":["Metallicize","Force Field"],"picked":"Steam","floor":5},{"not_picked":["Juggernaut","Hello World"],"picked":"Whirlwind+1","floor":6},{"not_picked":["Heavy Blade+1","ReplayTheSpireMod:Strike From Hell+1","Headbutt+1"],"picked":"SKIP","floor":8},{"not_picked":["Armaments","Shockwave"],"picked":"Flame Barrier","floor":10},{"not_picked":["Sweeping Beam+1","Clash+1","Replay:Undeath\u0027s Touch+1"],"picked":"SKIP","floor":12},{"not_picked":["Stack","Turbo"],"picked":"ReplayTheSpireMod:LeadingStrike+1","floor":13},{"not_picked":["Fiend Fire+1","Fission"],"picked":"Machine Learning","floor":16},{"not_picked":["Aggregate","Beam Cell+1"],"picked":"Compile Driver+1","floor":18},{"not_picked":["Hologram","Streamline+1","Heatsinks"],"picked":"SKIP","floor":23},{"not_picked":["Anger+1","Rebound+1","Flex"],"picked":"SKIP","floor":28},{"not_picked":["Hologram+1","Cleave+1"],"picked":"Armaments+1","floor":29},{"not_picked":["Redo","Clash+1","Armaments+1"],"picked":"SKIP","floor":30},{"not_picked":["Beam Cell+1","Consume"],"picked":"Echo Form","floor":31},{"not_picked":["Thunder Strike+1","Buffer"],"picked":"Mirror Shield","floor":33},{"not_picked":["BasicCrystalCard","Leap","Steam"],"picked":"SKIP","floor":35},{"not_picked":["Defy Death","Massacre+1"],"picked":"Reckless Charge+1","floor":36},{"not_picked":["Rupture","Storm"],"picked":"Defragment+1","floor":40},{"not_picked":["Clothesline+1","ReplayTheSpireMod:Strike From Hell+1","Genetic Algorithm+1"],"picked":"SKIP","floor":41},{"not_picked":["ReplayTheSpireMod:GoodbyeWorld","Double Energy"],"picked":"Armaments+1","floor":46},{"not_picked":["Clothesline+1","Rampage+1"],"picked":"BasicCrystalCard+1","floor":48}],"player_experience":1737296,"relics_obtained":[{"floor":6,"key":"Molten Egg 2"},{"floor":9,"key":"The Courier"},{"floor":23,"key":"reliquary:Stiletto"},{"floor":26,"key":"reliquary:TatteredRug"},{"floor":40,"key":"reliquary:SilkGlove"},{"floor":43,"key":"reliquary:HotPoker"},{"floor":46,"key":"reliquary:SculptingSteel"},{"floor":47,"key":"Nunchaku"}],"event_choices":[{"damage_healed":0,"gold_gain":0,"player_choice":"Got Potions","damage_taken":0,"max_hp_gain":0,"max_hp_loss":0,"event_name":"Lab","floor":2,"gold_loss":0},{"damage_healed":0,"gold_gain":0,"player_choice":"Rummage","damage_taken":0,"relics_obtained":["WarpedTongs"],"max_hp_gain":0,"max_hp_loss":0,"event_name":"Accursed Blacksmith","floor":11,"gold_loss":0,"cards_obtained":["Pain"]},{"cards_removed":["ReplayTheSpireMod:Strike From Hell"],"damage_healed":0,"gold_gain":0,"player_choice":"Card Removal","damage_taken":0,"max_hp_gain":0,"max_hp_loss":0,"event_name":"Wheel of Change","floor":19,"gold_loss":0},{"damage_healed":0,"gold_gain":0,"player_choice":"Read","damage_taken":0,"max_hp_gain":0,"max_hp_loss":0,"event_name":"The Library","floor":21,"gold_loss":0,"cards_obtained":["Compile Driver"]},{"damage_healed":0,"gold_gain":99,"player_choice":"Steal","damage_taken":0,"max_hp_gain":0,"max_hp_loss":0,"event_name":"betterThird:BetterNest","floor":25,"gold_loss":0},{"damage_healed":0,"gold_gain":0,"player_choice":"Embrace Madness","damage_taken":9,"max_hp_gain":0,"max_hp_loss":0,"event_name":"Winding Halls","floor":38,"gold_loss":0,"cards_obtained":["Madness","Madness"]},{"cards_removed":["Run Through"],"damage_healed":5,"gold_gain":0,"player_choice":"Offered Common","damage_taken":0,"max_hp_gain":0,"max_hp_loss":0,"event_name":"Bonfire Elementals","floor":39,"gold_loss":0},{"cards_removed":["Run Through"],"damage_healed":5,"gold_gain":0,"player_choice":"Offered Special","damage_taken":0,"max_hp_gain":0,"max_hp_loss":0,"event_name":"Bonfire Elementals","floor":39,"gold_loss":0}],"is_beta":false,"boss_relics":[{"not_picked":["Ectoplasm","reliquary:RedPaperclip"],"picked":"Sozu"},{"not_picked":["Ring of Chaos","Runic Dome"],"picked":"Empty Cage"}],"items_purged_floors":[14,37,42],"is_endless":false,"potions_floor_spawned":[3,10,12,16,18,23,30,33,36,40,45,46,48],"ascension_level":0}}