{"host":"rpu0b34yn88n8zeb","time":1612477336,"event":{"mods":["Act Like it!","BaseMod","CapriCore","Chen","Colored Powertips","Defuse TimeMaze Blight","Koishi","Marisa£¨ìFÓê¡¡Ä§ÀíÉ³£©","Minty Spire (QoL Compilation)","Quick Restart","Reimu£¨²©ÀöÁéÃÎ£©","RumiaBox-Â¶Ã×æ«µÄÉñÃØºÐ×Ó","Shop Mod","Spicy Shops","StSLib","The Immortal","The Servant 0.9.4","Yakumo Yukari mod","Youmu£¨»êÆÇÑýÃÎ£©"],"gold_per_floor":[110,285,30,86,86,121,138,138,138],"floor_reached":8,"language":"ZHS","playtime":494,"items_purged":["Doubt"],"score":129,"play_id":"841034ff-1c68-4f18-9fe1-c5a953f530bf","local_time":"20210204152216","daily_mods":["Heirloom","Time Dilation","Elite Swarm"],"is_ascension_mode":false,"campfire_choices":[],"circlet_count":0,"master_deck":["Koishi:BasicStrike","Koishi:BasicStrike","Koishi:BasicStrike","Koishi:BasicStrike","Koishi:BasicDefend","Koishi:BasicDefend","Koishi:BasicDefend","Koishi:BasicDefend","Koishi:Provoke","Koishi:HauntingSlash+1","Koishi:TremblingHands","Koishi:BloodcurdlingScream","Koishi:FadingMemory","Koishi:DNAsFlaw"],"relics":["Koishi:ImaginaryFriend","Unceasing Top","AddBug","SecretRecord","Baka2"],"acts_visited":["Exordium"],"potions_floor_usage":[],"damage_taken":[{"damage":0,"enemies":"Small Slimes","floor":1,"turns":4},{"damage":19,"enemies":"Gremlin Nob","floor":6,"turns":8},{"damage":20,"enemies":"2 Louse","floor":7,"turns":2},{"damage":30,"enemies":"Lagavulin","floor":8,"turns":6}],"seed_played":"-2614721915178190782","potions_obtained":[{"floor":7,"key":"LiquidMemories"}],"is_trial":true,"path_per_floor":["M","?","$","?","?","E","M","E"],"character_chosen":"KOISHI","items_purchased":["Koishi:BloodcurdlingScream","ClockworkSouvenir"],"campfire_rested":0,"item_purchase_floors":[3,3],"current_hp_per_floor":[60,60,60,60,60,53,43,13,13],"gold":138,"neow_bonus":"","is_daily":false,"chose_seed":false,"campfire_upgraded":0,"win_rate":0.0,"timestamp":1612477336,"path_taken":["M","?","$","?","?","E","M","E"],"items_purchased_type":["Card","Relic"],"build_version":"2020-12-22","purchased_purges":1,"victory":false,"max_hp_per_floor":[60,60,60,60,60,60,60,60,60],"card_choices":[{"not_picked":["Koishi:SubterraneanRose","Koishi:JumpScare"],"picked":"Koishi:TremblingHands","floor":1},{"not_picked":["Koishi:RoseHell","Koishi:ConditionedTeleport"],"picked":"Koishi:FadingMemory","floor":6},{"not_picked":["Koishi:StingingMind","Koishi:SubconsciousSweep"],"picked":"Koishi:DNAsFlaw","floor":7}],"player_experience":581576,"relics_obtained":[{"floor":1,"key":"AddBug"},{"floor":1,"key":"Baka"},{"floor":6,"key":"Baka2"},{"floor":6,"key":"Ccalipers"}],"event_choices":[{"damage_healed":0,"gold_gain":175,"player_choice":"AGREE","damage_taken":0,"max_hp_gain":0,"max_hp_loss":0,"event_name":"Liars Game","floor":2,"gold_loss":0,"cards_obtained":["Doubt"]},{"damage_healed":0,"gold_gain":56,"player_choice":"Gained Gold","damage_taken":0,"max_hp_gain":0,"max_hp_loss":0,"event_name":"Golden Wing","floor":4,"gold_loss":0},{"damage_healed":0,"gold_gain":0,"player_choice":"Grow","damage_taken":0,"max_hp_gain":0,"max_hp_loss":0,"event_name":"Living Wall","floor":5,"gold_loss":0,"cards_upgraded":["Koishi:HauntingSlash"]}],"is_beta":false,"boss_relics":[],"items_purged_floors":[3],"is_endless":true,"potions_floor_spawned":[1,7],"killed_by":"Lagavulin","ascension_level":0}}