{"host":"nwd160me4iqdtr8u","time":1612440227,"event":{"mods":["AchievementEnabler","Act Like it!","BaseMod","Colored Map","DeckTracker","Keyboard Shortcuts","Minty Spire (QoL Compilation)","Quick Restart","Rare Cards Sparkle","Smile Girya","StSLib","SuperFastMode","everything is the same but u backflip on backflip"],"gold_per_floor":[117,117,131,53,69,101,101,129,199,199,214,214,233,263,263,389,389,408,151,151,226,246,246,266,310,310,326,339,357,395,433,433,554,554,569,583,53,153,169,182,404,425,425,425,450,481,496,829,829,829],"floor_reached":51,"language":"KOR","playtime":3409,"items_purged":["Injury"],"score":983,"play_id":"c3cae4c6-d444-4b95-b1a9-b1a5e607f29e","local_time":"20210204210347","is_ascension_mode":true,"campfire_choices":[{"data":"Bludgeon","floor":7.0,"key":"SMITH"},{"floor":15.0,"key":"REST"},{"floor":23.0,"key":"REST"},{"floor":32.0,"key":"REST"},{"floor":44,"key":"REST"},{"floor":49,"key":"REST"}],"circlet_count":0,"master_deck":["Strike_R","Strike_R","Strike_R","Strike_R","Defend_R","Defend_R","Defend_R","Bash","Berserk","Twin Strike","Headbutt","Shrug It Off","Bludgeon+1","Burning Pact","Flame Barrier","Feed","Immolate","Power Through","Battle Trance","True Grit+1","Intimidate","Offering","Sentinel","Armaments","Second Wind","Fiend Fire","Clothesline+1","Dual Wield","Entrench+1","Uppercut+1","Fire Breathing+1","Barricade","Dropkick+1"],"relics":["Burning Blood","Champion Belt","Bronze Scales","Mummified Hand","Pear","Fusion Hammer","Art of War","Singing Bowl","Darkstone Periapt","Red Mask","Meat on the Bone","Snecko Eye","Torii","Dream Catcher","Toxic Egg 2","White Beast Statue"],"acts_visited":["Exordium","TheCity","TheBeyond"],"potions_floor_usage":[40,46,50,50,50],"damage_taken":[{"damage":0.0,"enemies":"2 Louse","floor":1.0,"turns":3.0},{"damage":1.0,"enemies":"Cultist","floor":3.0,"turns":3.0},{"damage":7.0,"enemies":"Jaw Worm","floor":5.0,"turns":2.0},{"damage":26.0,"enemies":"Gremlin Nob","floor":6.0,"turns":4.0},{"damage":34.0,"enemies":"Lagavulin","floor":8.0,"turns":7.0},{"damage":14.0,"enemies":"Large Slime","floor":11.0,"turns":5.0},{"damage":4.0,"enemies":"Looter","floor":13.0,"turns":3.0},{"damage":41.0,"enemies":"Hexaghost","floor":16.0,"turns":8.0},{"damage":0.0,"enemies":"Chosen","floor":18.0,"turns":3.0},{"damage":11.0,"enemies":"Spheric Guardian","floor":22.0,"turns":3.0},{"damage":14.0,"enemies":"Cultist and Chosen","floor":24.0,"turns":4.0},{"damage":21.0,"enemies":"Gremlin Leader","floor":25.0,"turns":6.0},{"damage":11.0,"enemies":"Snecko","floor":27.0,"turns":4.0},{"damage":13.0,"enemies":"3 Cultists","floor":28.0,"turns":3.0},{"damage":6.0,"enemies":"Centurion and Healer","floor":29.0,"turns":5.0},{"damage":4.0,"enemies":"Masked Bandits","floor":30.0,"turns":3.0},{"damage":21.0,"enemies":"Slavers","floor":31.0,"turns":4.0},{"damage":68.0,"enemies":"Automaton","floor":33.0,"turns":16.0},{"damage":49.0,"enemies":"3 Darklings","floor":35.0,"turns":6.0},{"damage":0.0,"enemies":"3 Shapes","floor":36.0,"turns":5.0},{"damage":17.0,"enemies":"Transient","floor":39.0,"turns":5.0},{"damage":20,"enemies":"Writhing Mass","floor":40,"turns":4},{"damage":11,"enemies":"4 Shapes","floor":42,"turns":2},{"damage":16,"enemies":"Jaw Worm Horde","floor":45,"turns":4},{"damage":42,"enemies":"Giant Head","floor":46,"turns":10},{"damage":6,"enemies":"Maw","floor":47,"turns":7},{"damage":59,"enemies":"Donu and Deca","floor":50,"turns":7}],"seed_played":"2875524827066268287","potions_obtained":[{"floor":5.0,"key":"SpeedPotion"},{"floor":8.0,"key":"LiquidBronze"},{"floor":11.0,"key":"ElixirPotion"},{"floor":24.0,"key":"LiquidMemories"},{"floor":28.0,"key":"AttackPotion"},{"floor":30.0,"key":"HeartOfIron"},{"floor":31.0,"key":"Fire Potion"},{"floor":33.0,"key":"ColorlessPotion"},{"floor":39.0,"key":"FearPotion"},{"floor":40,"key":"Regen Potion"},{"floor":45,"key":"Block Potion"},{"floor":46,"key":"FearPotion"},{"floor":47,"key":"GamblersBrew"}],"is_trial":false,"path_per_floor":["M","?","M","$","M","E","R","E","T","?","M","?","M","?","R","B",null,"M","$","?","?","M","R","M","E","T","M","M","M","?","E","R","B",null,"M","M","$","?","M","M","?","M","T","R","M","E","M","?","R","B",null],"character_chosen":"IRONCLAD","items_purchased":["Bludgeon","Battle Trance","Art of War","Torii","Dual Wield","Dream Catcher"],"campfire_rested":5,"item_purchase_floors":[4,19,19,37,37,37],"current_hp_per_floor":[80,80,80,80,79,59,59,31,31,31,23,15,17,17,42,7,84,84,84,84,76,71,84,76,61,61,58,54,59,61,49,78,28,97,66,77,77,77,66,66,66,64,64,96,86,64,64,64,98,57],"gold":829,"neow_bonus":"TRANSFORM_TWO_CARDS","is_daily":false,"chose_seed":false,"campfire_upgraded":1,"win_rate":0.0,"timestamp":1612440227,"path_taken":["M","?","M","$","?","E","R","E","T","?","M","?","M","?","R","BOSS","M","$","?","?","M","R","M","E","T","M","M","?","?","E","R","BOSS","M","M","$","?","?","M","?","M","T","R","M","E","M","?","R","BOSS"],"items_purchased_type":["Card","Card","Relic","Relic","Card","Relic"],"build_version":"2020-12-22","purchased_purges":1,"victory":true,"max_hp_per_floor":[80,80,80,80,80,80,80,80,80,74,74,84,84,84,84,84,84,84,84,84,84,84,84,84,84,84,86,89,94,94,97,97,97,97,97,102,102,102,102,104,104,107,107,107,107,109,109,109,111,111],"card_choices":[{"not_picked":["Pommel Strike","True Grit"],"picked":"Headbutt","floor":1.0},{"not_picked":["Thunderclap","Heavy Blade"],"picked":"Shrug It Off","floor":3.0},{"not_picked":["Intimidate","Headbutt"],"picked":"Burning Pact","floor":5.0},{"not_picked":["Clash","Burning Pact","Cleave"],"picked":"SKIP","floor":6.0},{"not_picked":["Demon Form","Twin Strike","Iron Wave"],"picked":"SKIP","floor":8.0},{"not_picked":["Battle Trance","Anger"],"picked":"Flame Barrier","floor":11.0},{"not_picked":["Anger","Pommel Strike"],"picked":"Feed","floor":13.0},{"not_picked":["Demon Form","Corruption"],"picked":"Immolate","floor":16.0},{"not_picked":["Inflame","Clash"],"picked":"Power Through","floor":18.0},{"not_picked":["Inflame+1","Armaments"],"picked":"True Grit+1","floor":22.0},{"not_picked":["Flex","Rampage"],"picked":"Intimidate","floor":24.0},{"not_picked":["Iron Wave+1","Heavy Blade"],"picked":"Offering","floor":25.0},{"not_picked":["Blood for Blood","Armaments","Heavy Blade"],"picked":"Singing Bowl","floor":27.0},{"not_picked":["Body Slam","Whirlwind"],"picked":"Sentinel","floor":28.0},{"not_picked":["Iron Wave","Thunderclap","Searing Blow"],"picked":"Singing Bowl","floor":29.0},{"not_picked":["Heavy Blade","Sword Boomerang+1"],"picked":"Armaments","floor":30.0},{"not_picked":["Rupture+1","Sword Boomerang"],"picked":"Second Wind","floor":31.0},{"not_picked":["Demon Form","Berserk"],"picked":"Fiend Fire","floor":33.0},{"not_picked":["Thunderclap","True Grit+1"],"picked":"Clothesline+1","floor":35.0},{"not_picked":["Havoc","Iron Wave+1","Perfected Strike+1"],"picked":"Singing Bowl","floor":36.0},{"not_picked":["Reckless Charge+1","Shrug It Off"],"picked":"Entrench+1","floor":39.0},{"not_picked":["Hemokinesis","Headbutt+1","Sword Boomerang+1"],"picked":"Singing Bowl","floor":40},{"not_picked":["Pommel Strike+1","Warcry+1"],"picked":"Uppercut+1","floor":42},{"not_picked":["Rupture+1","Headbutt+1"],"picked":"Fire Breathing+1","floor":44},{"not_picked":["Clothesline+1","Pommel Strike+1"],"picked":"Barricade","floor":45},{"not_picked":["Clothesline+1","Thunderclap","Twin Strike+1"],"picked":"Singing Bowl","floor":46},{"not_picked":["Clash","Flex+1"],"picked":"Dropkick+1","floor":47},{"not_picked":["Inflame","Hemokinesis","Clash+1"],"picked":"Singing Bowl","floor":49}],"player_experience":387979,"relics_obtained":[{"floor":6.0,"key":"Champion Belt"},{"floor":8.0,"key":"Bronze Scales"},{"floor":9.0,"key":"Mummified Hand"},{"floor":25.0,"key":"Singing Bowl"},{"floor":26.0,"key":"Darkstone Periapt"},{"floor":30.0,"key":"Red Mask"},{"floor":31.0,"key":"Meat on the Bone"},{"floor":43,"key":"Toxic Egg 2"},{"floor":46,"key":"White Beast Statue"}],"event_choices":[{"damage_healed":0.0,"max_hp_gain":0.0,"max_hp_loss":0.0,"gold_gain":0.0,"event_name":"Wheel of Change","player_choice":"Full Heal","floor":2.0,"gold_loss":0.0,"damage_taken":0.0},{"damage_healed":0.0,"max_hp_gain":0.0,"max_hp_loss":6.0,"gold_gain":0.0,"event_name":"Golden Idol","player_choice":"Lose Max HP","floor":10.0,"gold_loss":0.0,"damage_taken":0.0,"relics_obtained":["Golden Idol"]},{"damage_healed":0.0,"max_hp_gain":0.0,"max_hp_loss":0.0,"gold_gain":0.0,"event_name":"Scrap Ooze","player_choice":"Success","floor":12.0,"gold_loss":0.0,"damage_taken":18.0,"relics_obtained":["Pear"]},{"damage_healed":0.0,"max_hp_gain":0.0,"max_hp_loss":0.0,"gold_gain":30.0,"event_name":"Dead Adventurer","player_choice":"Searched \u00271\u0027 times","floor":14.0,"gold_loss":0.0,"damage_taken":0.0},{"damage_healed":0.0,"max_hp_gain":0.0,"max_hp_loss":0.0,"gold_gain":0.0,"event_name":"Ghosts","player_choice":"Ignored","floor":20.0,"gold_loss":0.0,"damage_taken":0.0},{"damage_healed":0.0,"max_hp_gain":0.0,"max_hp_loss":0.0,"gold_gain":75.0,"event_name":"FaceTrader","player_choice":"Touch","floor":21.0,"gold_loss":0.0,"damage_taken":8.0},{"damage_healed":0.0,"max_hp_gain":0.0,"max_hp_loss":0.0,"gold_gain":0.0,"event_name":"Masked Bandits","player_choice":"Fought Bandits","floor":30.0,"gold_loss":0.0,"damage_taken":0.0},{"damage_healed":0.0,"max_hp_gain":0.0,"max_hp_loss":0.0,"gold_gain":100.0,"event_name":"Golden Shrine","player_choice":"Pray","floor":38.0,"gold_loss":0.0,"damage_taken":0.0},{"damage_healed":0,"gold_gain":222,"player_choice":"Wore Mask","damage_taken":0,"max_hp_gain":0,"max_hp_loss":0,"event_name":"Tomb of Lord Red Mask","floor":41,"gold_loss":0},{"damage_healed":0,"gold_gain":333,"player_choice":"Gave Idol","damage_taken":0,"max_hp_gain":0,"max_hp_loss":0,"event_name":"The Moai Head","floor":48,"relics_lost":["Golden Idol"],"gold_loss":0}],"is_beta":false,"boss_relics":[{"not_picked":["Black Blood","Velvet Choker"],"picked":"Fusion Hammer"},{"not_picked":["Philosopher\u0027s Stone","Astrolabe"],"picked":"Snecko Eye"}],"items_purged_floors":[19],"is_endless":false,"potions_floor_spawned":[5,8,11,24,28,30,31,33,39,40,45,46,47],"ascension_level":3}}