{"host":"xiain65d2hovry7l","time":1612481997,"event":{"mods":["2.2 Compatiblity","Act Like it!","BaseMod","Better Match","Better Note","BetterRewards","Challenge The Spire","Colored Map","Colored Powertips","Downfall","Friendly Minions","Mimic Mod","Minty Spire (QoL Compilation)","Remilia??????","StSLib","The Administrix","The Construct","The Necromancer","The Servant 0.9.4","Unknown Chances"],"gold_per_floor":[119,136,152,167,186,213,231,262,342,342,352,352,366,377,377,475,475,494,494,372,392,412,25,39,39,77,106,106,106,125,160,160,265,265,276,276,287,301,118,118,145,145,145,20,20,20,20,20,20,20,20,20,20,51,51],"floor_reached":56,"language":"ENG","playtime":4179,"items_purged":["Strike_S","Rewind","Strike_S"],"score":1672,"play_id":"5d5a5108-aa84-4687-a4e0-67a62688004f","local_time":"20210205003957","is_ascension_mode":true,"campfire_choices":[{"data":"Sadistic Nature","floor":10.0,"key":"SMITH"},{"data":"KidneyShot","floor":15.0,"key":"SMITH"},{"data":"Trip","floor":25.0,"key":"SMITH"},{"floor":32.0,"key":"RECALL"},{"data":"Forethought","floor":40,"key":"SMITH"},{"data":"Madness","floor":42,"key":"SMITH"},{"data":"Madness","floor":45,"key":"SMITH"},{"data":"Embodiment","floor":47,"key":"SMITH"},{"data":"StarChef","floor":49,"key":"SMITH"},{"data":"Misdirection","floor":52,"key":"SMITH"}],"circlet_count":0,"master_deck":["Strike_S+1","Strike_S+1","Defend_S+1","Defend_S","Defend_S","KidneyShot+1","Exchange","BottledTime","Sadistic Nature+1","Misdirection","BottledTime","Rearm","Manipulate+1","Solidify","Defy","FastForward","FanOfKnives","Defy","FlawlessForm","Misdirection+1","Sucker Punch","Desolation+1","Trip+1","SpecialFormula","BottledTime+1","MurderousAura","Reset","Embodiment+1","Madness+1","Madness+1","StarChef+1","Forethought+1","Revamp"],"relics":["Uniform","Blood Vial","SacredBark","Bird Faced Urn","Bronze Scales","Singing Bowl","Runic Pyramid","Oddly Smooth Stone","Chemical X","War Paint","Gambling Chip","PocketWatch","Whetstone","Busted Crown","Pen Nib","Pantograph"],"acts_visited":["Exordium","TheCity","TheBeyond","TheEnding"],"potions_floor_usage":[54,55,55],"damage_taken":[{"damage":0.0,"enemies":"Cultist","floor":1.0,"turns":2.0},{"damage":0.0,"enemies":"Small Slimes","floor":2.0,"turns":2.0},{"damage":0.0,"enemies":"Jaw Worm","floor":3.0,"turns":3.0},{"damage":7.0,"enemies":"Gremlin Gang","floor":4.0,"turns":6.0},{"damage":7.0,"enemies":"Blue Slaver","floor":5.0,"turns":3.0},{"damage":1.0,"enemies":"Lagavulin","floor":6.0,"turns":7.0},{"damage":0.0,"enemies":"Red Slaver","floor":7.0,"turns":4.0},{"damage":18.0,"enemies":"Gremlin Nob","floor":8.0,"turns":4.0},{"damage":7.0,"enemies":"3 Louse","floor":11.0,"turns":3.0},{"damage":0.0,"enemies":"Large Slime","floor":13.0,"turns":2.0},{"damage":5.0,"enemies":"Exordium Wildlife","floor":14.0,"turns":3.0},{"damage":25.0,"enemies":"Slime Boss","floor":16.0,"turns":11.0},{"damage":2.0,"enemies":"3 Byrds","floor":18.0,"turns":3.0},{"damage":0.0,"enemies":"Chosen","floor":21.0,"turns":3.0},{"damage":1.0,"enemies":"3 Cultists","floor":22.0,"turns":4.0},{"damage":0.0,"enemies":"Cultist and Chosen","floor":24.0,"turns":9.0},{"damage":0.0,"enemies":"Centurion and Healer","floor":26.0,"turns":8.0},{"damage":0.0,"enemies":"Book of Stabbing","floor":27.0,"turns":4.0},{"damage":0.0,"enemies":"Centurion and Healer","floor":30.0,"turns":2.0},{"damage":10.0,"enemies":"Gremlin Leader","floor":31.0,"turns":3.0},{"damage":3.0,"enemies":"Collector","floor":33.0,"turns":7.0},{"damage":0,"enemies":"Orb Walker","floor":35,"turns":2},{"damage":8,"enemies":"3 Darklings","floor":37,"turns":4},{"damage":0,"enemies":"Jaw Worm Horde","floor":38,"turns":3},{"damage":0,"enemies":"Nemesis","floor":41,"turns":3},{"damage":0,"enemies":"Donu and Deca","floor":50,"turns":6},{"damage":0,"enemies":"Shield and Spear","floor":54,"turns":2},{"damage":0,"enemies":"The Heart","floor":55,"turns":7}],"seed_played":"-7681839581937092425","potions_obtained":[{"floor":3.0,"key":"Ancient Potion"},{"floor":4.0,"key":"SpeedPotion"},{"floor":7.0,"key":"SkillPotion"},{"floor":33.0,"key":"Slimebound:ThreeZeroPotion"}],"is_trial":false,"path_per_floor":["M","M","M","M","M","E","M","E","T","R","M","?","M","M","R","B",null,"M","?","?","M","M","$","M","R","MIM","E","?","?","M","E","R","B",null,"M","?","M","M","$","R","E","R","T","$","R","?","R","$","R","B",null,"R","$","E","B",null],"character_chosen":"THE_SERVANT","items_purchased":["BottledTime","Blood Vial","Regen Potion","Chemical X","Trip","War Paint","Forethought"],"campfire_rested":0,"item_purchase_floors":[0,0,0,23,23,23,39],"current_hp_per_floor":[21,23,25,20,15,31,35,21,21,21,20,42,46,43,43,22,67,67,67,67,67,68,68,69,69,69,69,69,69,71,65,65,73,73,75,66,66,77,77,77,79,79,79,79,79,79,79,79,79,79,79,79,79,79,79],"gold":51,"neow_bonus":"","is_daily":false,"chose_seed":false,"campfire_upgraded":9,"win_rate":0.0,"timestamp":1612481997,"path_taken":["M","M","M","?","M","E","M","E","T","R","M","?","M","M","R","BOSS","M","?","?","M","?","$","M","R","MIM","E","?","?","M","E","R","BOSS","M","?","M","M","$","R","E","R","T","$","R","?","R","?","R","BOSS","R","$","E","BOSS"],"items_purchased_type":["Card","Relic","Potion","Relic","Card","Relic","Card"],"build_version":"2020-12-22","purchased_purges":3,"victory":true,"max_hp_per_floor":[65,65,65,65,65,65,65,65,65,65,67,67,67,67,67,67,67,67,67,67,67,69,69,69,69,69,69,69,69,71,73,73,73,73,75,75,75,77,77,77,79,79,79,79,79,79,79,79,79,79,79,79,79,79,79],"card_choices":[{"not_picked":["Spin","TimeWarp"],"picked":"Misdirection","floor":1.0},{"not_picked":["Spin","Starlight"],"picked":"BottledTime","floor":2.0},{"not_picked":["Hightail","RealityMarble"],"picked":"Rearm","floor":3.0},{"not_picked":["Potential","Revamp"],"picked":"Manipulate","floor":4.0},{"not_picked":["MoonPhase","Snipe"],"picked":"Solidify","floor":5.0},{"not_picked":["Alleviate","Collapse"],"picked":"Defy","floor":6.0},{"not_picked":["Starlight","Manipulate"],"picked":"FastForward","floor":7.0},{"not_picked":["Alleviate","DualDimension"],"picked":"DoubleEdge","floor":8.0},{"not_picked":["Defy","ShatteredReality","Starlight"],"picked":"Singing Bowl","floor":11.0},{"not_picked":["Luminosity","TimeWarp"],"picked":"FanOfKnives","floor":13.0},{"not_picked":["Rewind","DoubleEdge"],"picked":"Defy","floor":14.0},{"not_picked":["Initiator","KillingDoll"],"picked":"FlawlessForm","floor":16.0},{"not_picked":["Starlight","ShatteredReality"],"picked":"Misdirection","floor":18.0},{"not_picked":["BottledTime","Snipe"],"picked":"Desolation+1","floor":21.0},{"not_picked":["Comet+1","Rewind","ShatteredReality"],"picked":"Singing Bowl","floor":22.0},{"not_picked":["Snipe+1","Rewind"],"picked":"SpecialFormula","floor":24.0},{"not_picked":["TimeWarp","DoubleEdge"],"picked":"BottledTime+1","floor":26.0},{"not_picked":["Rearm","Revamp"],"picked":"MurderousAura","floor":27.0},{"not_picked":["Ricochet","BottledTime","DoubleEdge"],"picked":"Singing Bowl","floor":30.0},{"not_picked":["Unruled","Spin","Rearm"],"picked":"Singing Bowl","floor":31.0},{"not_picked":["KillingDoll","Duplication"],"picked":"Embodiment","floor":33.0},{"not_picked":["Spin"],"picked":"Singing Bowl","floor":35},{"not_picked":[],"picked":"StarChef","floor":37},{"not_picked":["Comet"],"picked":"Singing Bowl","floor":38},{"not_picked":["FastForward"],"picked":"Singing Bowl","floor":41},{"not_picked":[],"picked":"Revamp","floor":54}],"player_experience":699403,"relics_obtained":[{"floor":6.0,"key":"Bird Faced Urn"},{"floor":8.0,"key":"Bronze Scales"},{"floor":9.0,"key":"Singing Bowl"},{"floor":26.0,"key":"Gambling Chip"},{"floor":27.0,"key":"PocketWatch"},{"floor":31.0,"key":"Whetstone"},{"floor":41,"key":"Pen Nib"},{"floor":54,"key":"Pantograph"}],"event_choices":[{"damage_healed":22.0,"max_hp_gain":0.0,"max_hp_loss":0.0,"gold_gain":0.0,"event_name":"Big Fish","player_choice":"Banana","floor":12.0,"gold_loss":0.0,"damage_taken":0.0},{"damage_healed":0.0,"max_hp_gain":0.0,"max_hp_loss":0.0,"gold_gain":0.0,"event_name":"betterNote:BetterNote","player_choice":"Take","floor":19.0,"gold_loss":0.0,"damage_taken":0.0,"cards_obtained":["Sucker Punch"]},{"damage_healed":0.0,"max_hp_gain":0.0,"max_hp_loss":0.0,"gold_gain":0.0,"event_name":"WeMeetAgain","player_choice":"Paid Gold","floor":20.0,"gold_loss":122.0,"damage_taken":0.0,"relics_obtained":["Oddly Smooth Stone"]},{"damage_healed":0.0,"max_hp_gain":0.0,"max_hp_loss":0.0,"gold_gain":0.0,"event_name":"The Library","player_choice":"Read","floor":28.0,"gold_loss":0.0,"damage_taken":0.0,"cards_obtained":["Reset"]},{"damage_healed":0.0,"max_hp_gain":0.0,"max_hp_loss":0.0,"gold_gain":0.0,"event_name":"Ghosts","player_choice":"Ignored","floor":29.0,"gold_loss":0.0,"damage_taken":0.0},{"damage_healed":0,"gold_gain":0,"player_choice":"Embrace Madness","damage_taken":9,"max_hp_gain":0,"max_hp_loss":0,"event_name":"Winding Halls","floor":36,"gold_loss":0,"cards_obtained":["Madness","Madness"]},{"cards_removed":["DoubleEdge"],"damage_healed":0,"gold_gain":0,"player_choice":"Removed Attack","damage_taken":0,"max_hp_gain":0,"max_hp_loss":0,"event_name":"Falling","floor":46,"gold_loss":0}],"is_beta":false,"boss_relics":[{"not_picked":["Snecko Eye","Sozu"],"picked":"Runic Pyramid"},{"not_picked":["SlaversCollar","Fusion Hammer"],"picked":"Busted Crown"}],"items_purged_floors":[0,39,44],"is_endless":false,"potions_floor_spawned":[3,4,7,13,14,16,21,22,27,33,41],"ascension_level":1}}