{"host":"sc1hixkxd1yg22vf","time":1612480861,"event":{"mods":["AchievementEnabler","BaseMod","Bestiary","Colored Map","Hermit","Minty Spire (QoL Compilation)","Quick Restart","Rare Cards Sparkle","StSLib"],"gold_per_floor":[109,109,40,53,53,88,101,116,116,116,191,235,235,266,266,266,266],"floor_reached":16,"language":"ENG","playtime":593,"items_purged":[],"score":133,"play_id":"2f048993-99c9-4dbd-a0da-87f2a6281ab0","local_time":"20210204185101","is_ascension_mode":false,"campfire_choices":[{"data":"hermit:HighCaliber","floor":10,"key":"SMITH"},{"data":"hermit:Glare","floor":13,"key":"SMITH"},{"floor":15,"key":"REST"}],"circlet_count":0,"master_deck":["hermit:Strike_Hermit","hermit:Strike_Hermit","hermit:Strike_Hermit","hermit:Strike_Hermit","hermit:Defend_Hermit","hermit:Defend_Hermit","hermit:Defend_Hermit","hermit:Defend_Hermit","hermit:Snapshot","hermit:Covet","hermit:LuckOfTheDraw","hermit:FullyLoaded+1","hermit:HighCaliber+1","hermit:HighCaliber","hermit:Glare+1"],"relics":["hermit:Momento","NeowsBlessing","Golden Idol","hermit:RedScarf","Dead Branch","Blue Candle","Odd Mushroom"],"acts_visited":["Exordium"],"potions_floor_usage":[8,8,12,16,16],"damage_taken":[{"damage":0,"enemies":"Small Slimes","floor":1,"turns":1},{"damage":0,"enemies":"2 Louse","floor":4,"turns":1},{"damage":0,"enemies":"Lagavulin","floor":6,"turns":1},{"damage":0,"enemies":"Cultist","floor":7,"turns":3},{"damage":16,"enemies":"Exordium Wildlife","floor":8,"turns":4},{"damage":13,"enemies":"Gremlin Nob","floor":12,"turns":4},{"damage":19,"enemies":"The Mushroom Lair","floor":14,"turns":5},{"damage":33,"enemies":"Slime Boss","floor":16,"turns":10}],"seed_played":"-4508521863649666403","potions_obtained":[{"floor":1,"key":"SpeedPotion"},{"floor":6,"key":"LiquidBronze"},{"floor":8,"key":"Fruit Juice"},{"floor":12,"key":"SteroidPotion"},{"floor":14,"key":"LiquidMemories"}],"is_trial":false,"path_per_floor":["M","?","$","M","?","E","M","M","T","R","?","E","R","?","R","B"],"character_chosen":"HERMIT","items_purchased":["hermit:FullyLoaded"],"campfire_rested":1,"item_purchase_floors":[3],"current_hp_per_floor":[75,57,57,57,57,57,57,46,46,46,35,22,22,3,27,0,0],"gold":266,"neow_bonus":"THREE_ENEMY_KILL","is_daily":false,"chose_seed":false,"campfire_upgraded":2,"win_rate":0.0,"timestamp":1612480861,"path_taken":["M","?","$","M","?","E","M","?","T","R","?","E","R","?","R","BOSS"],"items_purchased_type":["Card"],"build_version":"2020-12-22","purchased_purges":0,"victory":false,"max_hp_per_floor":[75,75,75,75,75,75,75,80,80,80,80,80,80,80,80,80,80],"card_choices":[{"not_picked":["hermit:Combo","hermit:TrackingShot"],"picked":"hermit:LuckOfTheDraw","floor":1},{"not_picked":["hermit:Malice","hermit:Determination","hermit:Feint"],"picked":"SKIP","floor":4},{"not_picked":["hermit:Desperado","hermit:LowProfile"],"picked":"hermit:HighCaliber","floor":6},{"not_picked":["hermit:LowProfile","hermit:Snipe","hermit:Malice"],"picked":"SKIP","floor":7},{"not_picked":["hermit:WideOpen","hermit:LoneWolf"],"picked":"hermit:HighCaliber","floor":8},{"not_picked":["hermit:ItchyTrigger","hermit:HighCaliber"],"picked":"hermit:Glare","floor":12}],"player_experience":70471,"relics_obtained":[{"floor":6,"key":"hermit:RedScarf"},{"floor":9,"key":"Dead Branch"},{"floor":12,"key":"Blue Candle"},{"floor":14,"key":"Odd Mushroom"}],"event_choices":[{"damage_healed":0,"gold_gain":0,"player_choice":"Take Damage","damage_taken":18,"relics_obtained":["Golden Idol"],"max_hp_gain":0,"max_hp_loss":0,"event_name":"Golden Idol","floor":2,"gold_loss":0},{"damage_healed":0,"gold_gain":0,"player_choice":"Forge","damage_taken":0,"max_hp_gain":0,"max_hp_loss":0,"event_name":"Accursed Blacksmith","floor":5,"gold_loss":0,"cards_upgraded":["hermit:FullyLoaded"]},{"damage_healed":0,"gold_gain":75,"player_choice":"Gather Gold","damage_taken":11,"max_hp_gain":0,"max_hp_loss":0,"event_name":"World of Goop","floor":11,"gold_loss":0},{"damage_healed":0,"gold_gain":0,"player_choice":"Fought Mushrooms","damage_taken":0,"max_hp_gain":0,"max_hp_loss":0,"event_name":"Mushrooms","floor":14,"gold_loss":0}],"is_beta":false,"boss_relics":[],"items_purged_floors":[],"is_endless":false,"potions_floor_spawned":[1,6,8,12,14],"killed_by":"Slime Boss","ascension_level":0}}