{"host":"1gxyv4nzk9y6vrq3","time":1612479783,"event":{"mods":["BaseMod","Downfall","Duelist Mod","Hermit","Marisa????????","Minty Spire (QoL Compilation)","SOS???????","StSLib","The Animator","The Bladedancer","The Disciple","The Runesmith","The Senshi","The Servant 0.9.4"],"gold_per_floor":[114,124,124,138,155,155,166,182,182,30,56,82,94,126,138,255,267,295,327,339,141,153,153,182,104,104,104,104],"floor_reached":27,"language":"ENG","playtime":1755,"items_purged":["Runesmith:Defend_RS"],"score":237,"play_id":"b2219355-2bde-4faa-9fc8-4a947d77dfef","local_time":"20210204150303","is_ascension_mode":false,"campfire_choices":[{"data":"Runesmith:BackupBattery","floor":6,"key":"SMITH"},{"floor":13,"key":"REST"},{"floor":15,"key":"REST"},{"floor":23,"key":"REST"}],"circlet_count":0,"master_deck":["Runesmith:Strike_RS","Runesmith:Strike_RS","Runesmith:Strike_RS","Runesmith:Defend_RS","Runesmith:Defend_RS","Runesmith:Defend_RS","Runesmith:CraftFirestone","Runesmith:Fortify","Runesmith:LithiumIon","Runesmith:CraftMagma","Runesmith:ShiftingStrike","Runesmith:BackupBattery+2","Runesmith:CraftSpiculum","Runesmith:LithiumIon","Runesmith:Grindstone","Runesmith:Superposition","Runesmith:ReplicatingBarrier","Runesmith:Repurpose","Apotheosis","Runesmith:Firewall+1","Runesmith:StaticCage"],"relics":["Runesmith:BrokenRuby","Bottled Lightning","Membership Card","MawBank","Runic Pyramid","Oddly Smooth Stone","InkBottle","Orichalcum","Frozen Egg 2"],"acts_visited":["Exordium","TheCity"],"potions_floor_usage":[12,12,16,16,16,19,24],"damage_taken":[{"damage":0,"enemies":"Jaw Worm","floor":1,"turns":5},{"damage":0,"enemies":"Cultist","floor":2,"turns":4},{"damage":4,"enemies":"Small Slimes","floor":4,"turns":4},{"damage":15,"enemies":"Exordium Thugs","floor":5,"turns":5},{"damage":18,"enemies":"Lots of Slimes","floor":7,"turns":4},{"damage":1,"enemies":"Exordium Wildlife","floor":8,"turns":4},{"damage":20,"enemies":"Gremlin Nob","floor":11,"turns":4},{"damage":10,"enemies":"Looter","floor":12,"turns":3},{"damage":1,"enemies":"2 Fungi Beasts","floor":14,"turns":5},{"damage":17,"enemies":"Hexaghost","floor":16,"turns":9},{"damage":4,"enemies":"Chosen","floor":18,"turns":5},{"damage":14,"enemies":"2 Thieves","floor":19,"turns":5},{"damage":27,"enemies":"Snecko","floor":22,"turns":6},{"damage":40,"enemies":"Gremlin Leader","floor":24,"turns":6},{"damage":16,"enemies":"Colosseum Slavers","floor":27,"turns":1}],"seed_played":"112584113431686062","potions_obtained":[{"floor":5,"key":"Weak Potion"},{"floor":7,"key":"Swift Potion"},{"floor":11,"key":"SteroidPotion"},{"floor":12,"key":"Explosive Potion"},{"floor":14,"key":"SteroidPotion"},{"floor":18,"key":"Explosive Potion"},{"floor":22,"key":"LiquidMemories"}],"is_trial":false,"path_per_floor":["M","M","?","M","M","R","M","M","T","$","E","M","R","M","R","B",null,"M","M","?","$","M","R","E","$","T","?"],"character_chosen":"RUNESMITH_CLASS","items_purchased":["Membership Card","Oddly Smooth Stone","Apotheosis","Orichalcum"],"campfire_rested":3,"item_purchase_floors":[10,21,21,25],"current_hp_per_floor":[77,77,77,73,58,58,40,39,39,39,19,9,32,31,54,37,77,73,59,59,59,32,55,15,15,15,0,0],"gold":104,"neow_bonus":"TEN_PERCENT_HP_BONUS","is_daily":false,"chose_seed":false,"campfire_upgraded":1,"win_rate":0.0,"timestamp":1612479783,"path_taken":["M","M","?","?","M","R","M","M","T","$","E","M","R","M","R","BOSS","M","M","?","$","?","R","E","?","T","?"],"items_purchased_type":["Relic","Relic","Card","Relic"],"build_version":"2020-12-22","purchased_purges":1,"victory":false,"max_hp_per_floor":[77,77,77,77,77,77,77,77,77,77,77,77,77,77,77,77,77,77,77,77,77,77,77,77,77,77,77,77],"card_choices":[{"not_picked":["Runesmith:Grindstone","Runesmith:HeatedChisel"],"picked":"Runesmith:LithiumIon","floor":1},{"not_picked":["Runesmith:GoWithTheFlow","Runesmith:ChargedHammer"],"picked":"Runesmith:CraftMagma","floor":2},{"not_picked":["Runesmith:MakeshiftArmor","Runesmith:CraftMedicinae"],"picked":"Runesmith:ShiftingStrike","floor":4},{"not_picked":["Runesmith:StaticCage","Runesmith:HammerThrow"],"picked":"Runesmith:BackupBattery","floor":5},{"not_picked":["Runesmith:ChiselStab","Runesmith:ChaoticBlast"],"picked":"Runesmith:CraftSpiculum","floor":7},{"not_picked":["Runesmith:Grindstone","Runesmith:NegativeSpace"],"picked":"Runesmith:LithiumIon","floor":8},{"not_picked":["Runesmith:OneForEveryone","Runesmith:NanitesCloud"],"picked":"Runesmith:Grindstone","floor":11},{"not_picked":["Runesmith:ShiftingStrike","Runesmith:HammerThrow"],"picked":"Runesmith:Superposition","floor":12},{"not_picked":["Runesmith:ChaoticBlast","Runesmith:Accelerate"],"picked":"Runesmith:ReplicatingBarrier","floor":14},{"not_picked":["Runesmith:CraftMagma","Runesmith:CraftProtectio"],"picked":"Runesmith:Repurpose","floor":18},{"not_picked":["Runesmith:NegativeSpace","Runesmith:Grindstone","Runesmith:LastStand"],"picked":"SKIP","floor":19},{"not_picked":["Runesmith:HammerThrow","Runesmith:CraftMagma"],"picked":"Runesmith:Firewall+1","floor":22},{"not_picked":["Runesmith:UnstableHammer","Runesmith:Augment"],"picked":"Runesmith:StaticCage","floor":24}],"player_experience":53895,"relics_obtained":[{"floor":9,"key":"Bottled Lightning"},{"floor":11,"key":"MawBank"},{"floor":24,"key":"InkBottle"},{"floor":26,"key":"Frozen Egg 2"}],"event_choices":[{"cards_removed":["Runesmith:Strike_RS"],"damage_healed":0,"gold_gain":0,"player_choice":"Card Removal","damage_taken":0,"max_hp_gain":0,"max_hp_loss":0,"event_name":"Wheel of Change","floor":3,"gold_loss":0},{"damage_healed":0,"gold_gain":0,"player_choice":"Upgraded","damage_taken":0,"max_hp_gain":0,"max_hp_loss":0,"event_name":"Upgrade Shrine","floor":20,"gold_loss":0,"cards_upgraded":["Runesmith:BackupBattery"]},{"damage_healed":0,"gold_gain":0,"player_choice":"Fight","damage_taken":0,"max_hp_gain":0,"max_hp_loss":0,"event_name":"Colosseum","floor":27,"gold_loss":0}],"is_beta":false,"boss_relics":[{"not_picked":["Astrolabe","Philosopher\u0027s Stone"],"picked":"Runic Pyramid"}],"items_purged_floors":[21],"is_endless":false,"potions_floor_spawned":[5,7,11,12,14,18,22],"killed_by":"Colosseum Slavers","ascension_level":0}}