{"host":"1ooxfz79hmpvpehx","time":1612479972,"event":{"mods":["BaseMod","Minty Spire (QoL Compilation)","Quick Restart","Replay The Spire","StSLib","SuperFastMode"],"gold_per_floor":[113,130,130,130,145,176,101,101,125,125,125],"floor_reached":10,"language":"ENG","playtime":277,"items_purged":["Regret"],"score":66,"play_id":"eb7b7580-b8e8-4323-82ea-f0c9ed9c0a63","local_time":"20210204200612","is_ascension_mode":false,"campfire_choices":[],"circlet_count":0,"master_deck":["Strike_R","Strike_R","Strike_R","Strike_R","Strike_R","Defend_R","Defend_R","Defend_R","Disarm","Replay:Undeath\u0027s Touch","Survivor","Neutralize","Pummel"],"relics":["Electric Blood","Blue Doll","Snack Pack","Lantern"],"acts_visited":["Exordium"],"potions_floor_usage":[6,6],"damage_taken":[{"damage":5,"enemies":"Cultist","floor":1,"turns":3},{"damage":5,"enemies":"Small Slimes","floor":2,"turns":4},{"damage":3,"enemies":"2 Louse","floor":5,"turns":4},{"damage":28,"enemies":"3 Sentries","floor":6,"turns":10},{"damage":56,"enemies":"Lagavulin","floor":10,"turns":8}],"seed_played":"854518149982016412","potions_obtained":[{"floor":2,"key":"PowerPotion"},{"floor":5,"key":"PowerPotion"}],"is_trial":false,"path_per_floor":["M","M","?","?","M","E","$","?","T","E"],"character_chosen":"IRONCLAD","items_purchased":[],"campfire_rested":0,"item_purchase_floors":[],"current_hp_per_floor":[75,70,70,70,67,39,39,39,39,0,0],"gold":125,"neow_bonus":"BOSS_RELIC","is_daily":false,"chose_seed":false,"campfire_upgraded":0,"win_rate":0.0,"timestamp":1612479972,"path_taken":["M","M","?","?","M","E","$","?","T","E"],"items_purchased_type":[],"build_version":"2020-12-22","purchased_purges":1,"victory":false,"max_hp_per_floor":[80,80,80,80,80,80,80,80,80,80,80],"card_choices":[{"not_picked":["Iron Wave","Metallicize"],"picked":"Disarm","floor":1},{"not_picked":["Sword Boomerang","Uppercut"],"picked":"Replay:Undeath\u0027s Touch","floor":2},{"not_picked":["Body Slam","Iron Wave","Flex"],"picked":"SKIP","floor":5},{"not_picked":["Armaments","Metallicize"],"picked":"Pummel","floor":6}],"player_experience":0,"relics_obtained":[{"floor":6,"key":"Snack Pack"},{"floor":9,"key":"Lantern"}],"event_choices":[{"damage_healed":0,"gold_gain":0,"player_choice":"Box","damage_taken":0,"relics_obtained":["Blue Doll"],"max_hp_gain":0,"max_hp_loss":0,"event_name":"Big Fish","floor":3,"gold_loss":0,"cards_obtained":["Regret"]},{"cards_removed":["Defend_R"],"damage_healed":0,"gold_gain":0,"player_choice":"Forget","damage_taken":0,"max_hp_gain":0,"max_hp_loss":0,"event_name":"Living Wall","floor":8,"gold_loss":0}],"is_beta":false,"boss_relics":[],"items_purged_floors":[7],"is_endless":false,"potions_floor_spawned":[2,5],"killed_by":"Lagavulin","ascension_level":0}}