{"host":"i0avyit1s6jb1siw","time":1612457087,"event":{"mods":["BaseMod","DeckTracker","Dota2Spire","Highlight Path","Minty Spire (QoL Compilation)","Quick Restart","StSLib","SuperFastMode"],"gold_per_floor":[119,131,131,148,40,69,89,101,124,124,124,155,155,155,186,200,200,200,274,274,291,291,291],"floor_reached":22,"language":"ENG","playtime":400,"items_purged":[],"score":408,"play_id":"237baa4c-5749-4c5a-ad65-385b6bb5de43","local_time":"20210204174447","is_ascension_mode":true,"campfire_choices":[{"floor":11,"key":"REST"},{"floor":14,"key":"REST"},{"data":"Perfected Strike","floor":17,"key":"SMITH"},{"data":"Perfected Strike","floor":18,"key":"SMITH"}],"circlet_count":0,"master_deck":["AscendersBane","Strike_R","Strike_R","Strike_R","Strike_R","Strike_R","Defend_R+1","Defend_R","Defend_R","Defend_R","Bash+1","Rage","Armaments","Spot Weakness+1","Headbutt","Perfected Strike+1","Perfected Strike+1","Perfected Strike+1","Twin Strike","Burning Pact+1","Bloodletting","Impervious"],"relics":["Burning Blood","Red Skull","Juzu Bracelet","Dream Catcher","Dota2Spire:MaskOfMadness","War Paint","Sozu"],"acts_visited":["Exordium","TheCity"],"potions_floor_usage":[12],"damage_taken":[{"damage":19,"enemies":"Jaw Worm","floor":1,"turns":4},{"damage":7,"enemies":"Cultist","floor":2,"turns":4},{"damage":3,"enemies":"2 Louse","floor":4,"turns":3},{"damage":43,"enemies":"3 Sentries","floor":6,"turns":11},{"damage":13,"enemies":"Blue Slaver","floor":7,"turns":3},{"damage":0,"enemies":"2 Fungi Beasts","floor":8,"turns":2},{"damage":11,"enemies":"Gremlin Nob","floor":12,"turns":3},{"damage":24,"enemies":"Lagavulin","floor":15,"turns":6},{"damage":0,"enemies":"Large Slime","floor":16,"turns":4},{"damage":45,"enemies":"The Guardian","floor":19,"turns":11},{"damage":30,"enemies":"2 Thieves","floor":21,"turns":4},{"damage":34,"enemies":"3 Byrds","floor":22,"turns":3}],"seed_played":"-7797574186040719987","potions_obtained":[{"floor":1,"key":"SpeedPotion"},{"floor":3,"key":"FearPotion"},{"floor":3,"key":"FairyPotion"},{"floor":12,"key":"EntropicBrew"}],"is_trial":false,"path_per_floor":["M","M","?","M","$","E","M","M","T","T","R","E","?","R","E","M","R","R","B",null,"M","M"],"character_chosen":"IRONCLAD","items_purchased":["Spot Weakness","Headbutt"],"campfire_rested":2,"item_purchase_floors":[5,5],"current_hp_per_floor":[55,54,54,57,57,20,13,19,19,19,41,36,13,35,17,23,23,23,8,58,34,0,0],"gold":291,"neow_bonus":"UPGRADE_CARD","is_daily":false,"chose_seed":false,"campfire_upgraded":2,"win_rate":0.0,"timestamp":1612457087,"path_taken":["M","M","?","M","$","E","M","?","T","T","R","E","?","R","E","M","R","R","BOSS","M","M"],"items_purchased_type":["Card","Card"],"build_version":"2020-12-22","purchased_purges":0,"victory":false,"max_hp_per_floor":[75,75,75,75,75,75,75,75,75,75,75,75,75,75,75,75,75,75,75,75,75,75,75],"card_choices":[{"not_picked":["Rage","Armaments","Body Slam"],"picked":"SKIP","floor":1},{"not_picked":["Armaments","Body Slam"],"picked":"Rage","floor":1},{"not_picked":["Rampage","Sword Boomerang"],"picked":"Armaments","floor":2},{"not_picked":["Sever Soul","Clash","Juggernaut"],"picked":"SKIP","floor":4},{"not_picked":["Sword Boomerang","Warcry"],"picked":"Perfected Strike","floor":6},{"not_picked":["Headbutt","Heavy Blade"],"picked":"Perfected Strike","floor":7},{"not_picked":["Havoc","Feel No Pain"],"picked":"Perfected Strike","floor":8},{"not_picked":["Warcry","Power Through"],"picked":"Twin Strike","floor":11},{"not_picked":["Flex","Carnage","Warcry"],"picked":"SKIP","floor":12},{"not_picked":["Reckless Charge","Entrench"],"picked":"Burning Pact","floor":14},{"not_picked":["Limit Break","Twin Strike","Body Slam"],"picked":"SKIP","floor":15},{"not_picked":["Clash","Burning Pact"],"picked":"Bloodletting","floor":16},{"not_picked":["Immolate","Bludgeon"],"picked":"Impervious","floor":19},{"not_picked":["Perfected Strike+1","Whirlwind","Clash"],"picked":"SKIP","floor":21}],"player_experience":2402589,"relics_obtained":[{"floor":6,"key":"Red Skull"},{"floor":9,"key":"Juzu Bracelet"},{"floor":10,"key":"Dream Catcher"},{"floor":12,"key":"Dota2Spire:MaskOfMadness"},{"floor":15,"key":"War Paint"}],"event_choices":[{"damage_healed":0,"gold_gain":0,"player_choice":"Got Potions","damage_taken":0,"max_hp_gain":0,"max_hp_loss":0,"event_name":"Lab","floor":3,"gold_loss":0},{"damage_healed":0,"gold_gain":0,"player_choice":"Entered Light","damage_taken":23,"max_hp_gain":0,"max_hp_loss":0,"event_name":"Shining Light","floor":13,"gold_loss":0,"cards_upgraded":["Defend_R","Perfected Strike"]}],"is_beta":false,"boss_relics":[{"not_picked":["Astrolabe","Runic Cube"],"picked":"Sozu"}],"items_purged_floors":[],"is_endless":false,"potions_floor_spawned":[1,4,8,12,15,21],"killed_by":"3 Byrds","ascension_level":20}}