{"host":"6q6idgl71g9ab7at","time":1612424973,"event":{"mods":["BaseMod","Minty Spire (QoL Compilation)","StSLib","SuperFastMode"],"gold_per_floor":[117,136,61,79,254,254,269,304,327,327,327],"floor_reached":10,"language":"KOR","playtime":152,"items_purged":["Defend_R"],"score":82,"play_id":"58f42a8e-b14c-4d95-a685-77a1ab48b0aa","local_time":"20210204164933","is_ascension_mode":true,"campfire_choices":[{"floor":6,"key":"DIG"}],"circlet_count":0,"master_deck":["Strike_R","Strike_R","Strike_R","Strike_R","Strike_R","Defend_R","Defend_R","Defend_R","Bash","Rampage","Dual Wield","Doubt","Warcry","Pommel Strike"],"relics":["Burning Blood","Shovel","Bronze Scales","Nunchaku","Happy Flower"],"acts_visited":[],"potions_floor_usage":[8,10],"damage_taken":[{"damage":6,"enemies":"Cultist","floor":1,"turns":3},{"damage":11,"enemies":"Jaw Worm","floor":2,"turns":4},{"damage":0,"enemies":"Small Slimes","floor":4,"turns":3},{"damage":16,"enemies":"Blue Slaver","floor":7,"turns":4},{"damage":20,"enemies":"Gremlin Nob","floor":8,"turns":4},{"damage":48,"enemies":"Lagavulin","floor":10,"turns":5}],"seed_played":"-1087720984793336781","potions_obtained":[{"floor":2,"key":"Energy Potion"},{"floor":8,"key":"BlessingOfTheForge"}],"is_trial":false,"path_per_floor":["M","M","$","M","?","R","M","E","T","E"],"character_chosen":"IRONCLAD","items_purchased":[],"campfire_rested":0,"item_purchase_floors":[],"current_hp_per_floor":[72,67,67,72,72,72,62,48,48,0,0],"gold":327,"neow_bonus":"ONE_RARE_RELIC","is_daily":false,"chose_seed":false,"campfire_upgraded":0,"win_rate":0.0,"timestamp":1612424973,"path_taken":["M","?","$","M","?","R","M","E","T","E"],"items_purchased_type":[],"build_version":"2020-12-22","purchased_purges":1,"victory":false,"max_hp_per_floor":[72,72,72,72,72,72,72,72,72,72,72],"card_choices":[{"not_picked":["Cleave","Warcry"],"picked":"Rampage","floor":1},{"not_picked":["Hemokinesis","Heavy Blade"],"picked":"Dual Wield","floor":2},{"not_picked":["Sever Soul","Headbutt","Combust"],"picked":"SKIP","floor":4},{"not_picked":["Flame Barrier","Intimidate"],"picked":"Warcry","floor":7},{"not_picked":["Rampage","Burning Pact"],"picked":"Pommel Strike","floor":8}],"player_experience":7444,"relics_obtained":[{"floor":6,"key":"Bronze Scales"},{"floor":8,"key":"Nunchaku"},{"floor":9,"key":"Happy Flower"}],"event_choices":[{"damage_healed":0,"gold_gain":175,"player_choice":"AGREE","damage_taken":0,"max_hp_gain":0,"max_hp_loss":0,"event_name":"Liars Game","floor":5,"gold_loss":0,"cards_obtained":["Doubt"]}],"is_beta":false,"boss_relics":[],"items_purged_floors":[3],"is_endless":false,"potions_floor_spawned":[2,8],"killed_by":"Lagavulin","ascension_level":4}}