{"host":"tpbmol9dayg75a5s","time":1612451237,"event":{"mods":["BaseMod","Bestiary","Block Reminder","Colored Powertips","Dark Map","Downfall","Minty Spire (QoL Compilation)","Quick Restart","Relic Stats","Reliquary","Spire Arcade","StSLib"],"gold_per_floor":[0,15,26,38,51,85,85,85,95,95,112,145,45,45,62,62,62,62],"floor_reached":16,"language":"ENG","playtime":1801,"items_purged":[],"score":177,"play_id":"cf6fc96f-cc45-4b0d-960c-0a4ac543df2b","local_time":"20210204120717","is_ascension_mode":true,"campfire_choices":[{"floor":1,"key":"RECALL"},{"data":"hexamod:Float","floor":8,"key":"SMITH"},{"floor":13,"key":"REST"}],"circlet_count":0,"master_deck":["AscendersBane","hexamod:Strike","hexamod:Strike","hexamod:Strike+1","hexamod:Defend","hexamod:Defend","hexamod:Defend","hexamod:Sear","hexamod:Float+1","hexamod:SpectralAdrenaline+1","hexamod:PhantomFireball","hexamod:ThermalTransfer","hexamod:HeatMetal","hexamod:ShieldOfDarkness","hexamod:PhantomCloak","hexamod:FifthSeal","hexamod:CatchUp","hexamod:SixthSeal","hexamod:SpectersWail","hexamod:FastForward"],"relics":["hexamod:SpiritBrand","reliquary:FeatherDuster","Singing Bowl","The Courier","downfall:HeartBlessingGreen"],"acts_visited":["Exordium"],"potions_floor_usage":[5,6,12],"damage_taken":[{"damage":0,"enemies":"Cultist","floor":2,"turns":3},{"damage":0,"enemies":"Small Slimes","floor":3,"turns":3},{"damage":1,"enemies":"2 Louse","floor":4,"turns":2},{"damage":0,"enemies":"Lots of Slimes","floor":5,"turns":5},{"damage":8,"enemies":"Lagavulin","floor":6,"turns":5},{"damage":9,"enemies":"3 Louse","floor":9,"turns":3},{"damage":4,"enemies":"Exordium Thugs","floor":11,"turns":6},{"damage":30,"enemies":"3 Sentries","floor":12,"turns":14},{"damage":4,"enemies":"2 Fungi Beasts","floor":15,"turns":4},{"damage":58,"enemies":"WA_ARCHETYPE_RETAIN","floor":16,"turns":10}],"seed_played":"-3868396669230759125","potions_obtained":[{"floor":3,"key":"Ancient Potion"},{"floor":4,"key":"BlessingOfTheForge"},{"floor":11,"key":"Block Potion"},{"floor":15,"key":"Swift Potion"}],"is_trial":false,"path_per_floor":["R","M","M","M","M","E","T","R","M","?","M","E","R","?","M","B"],"character_chosen":"THE_SPIRIT","items_purchased":[],"campfire_rested":1,"item_purchase_floors":[],"current_hp_per_floor":[63,63,63,62,62,54,54,54,47,47,43,13,34,58,54,0,0,0],"gold":62,"neow_bonus":"TRANSFORM_TWO_CARDS","is_daily":false,"chose_seed":false,"campfire_upgraded":1,"win_rate":0.0,"timestamp":1612451237,"path_taken":["R","M","M","M","M","E","T","R","M","?","M","E","R","?","M","BOSS"],"items_purchased_type":[],"build_version":"2020-12-22","purchased_purges":0,"victory":false,"max_hp_per_floor":[70,70,70,70,70,70,70,70,72,72,72,72,72,72,72,72,72,72],"relic_stats":{"Singing Bowl":2,"counters":[10,55],"obtain_stats":[{"reliquary:FeatherDuster":6,"Singing Bowl":7,"downfall:HeartBlessingGreen":13,"The Courier":12,"hexamod:SpiritBrand":0},{"reliquary:FeatherDuster":5,"Singing Bowl":5,"downfall:HeartBlessingGreen":8,"The Courier":8,"hexamod:SpiritBrand":0},{"reliquary:FeatherDuster":18,"Singing Bowl":18,"downfall:HeartBlessingGreen":41,"The Courier":41,"hexamod:SpiritBrand":0}]},"card_choices":[{"not_picked":["hexamod:SwordOfDarkness","hexamod:HauntingEcho"],"picked":"hexamod:ThermalTransfer","floor":2},{"not_picked":["hexamod:FastForward","hexamod:SkipABeat"],"picked":"hexamod:HeatMetal","floor":3},{"not_picked":["hexamod:Hexaguard","hexamod:SpectersWail"],"picked":"hexamod:ShieldOfDarkness","floor":4},{"not_picked":["hexamod:SecondSeal","hexamod:EtherealExpedition"],"picked":"hexamod:PhantomCloak","floor":5},{"not_picked":["hexamod:GhostShield","hexamod:BurningTouch"],"picked":"hexamod:FifthSeal","floor":6},{"not_picked":["hexamod:ThermalTransfer","hexamod:BacktrackSmack","hexamod:GhostLash"],"picked":"Singing Bowl","floor":9},{"not_picked":["hexamod:GhostShield","hexamod:Haunt"],"picked":"hexamod:CatchUp","floor":11},{"not_picked":["hexamod:ThirdSeal","hexamod:FourthSeal"],"picked":"hexamod:SixthSeal","floor":12},{"not_picked":["hexamod:Firestarter","hexamod:CatchUp"],"picked":"hexamod:SpectersWail","floor":12},{"not_picked":["hexamod:RecurringNightmare","hexamod:SwordOfDarkness"],"picked":"hexamod:FastForward","floor":15}],"player_experience":1098085,"relics_obtained":[{"floor":6,"key":"reliquary:FeatherDuster"},{"floor":7,"key":"Singing Bowl"},{"floor":12,"key":"The Courier"}],"event_choices":[{"damage_healed":0,"gold_gain":0,"player_choice":"Grow","damage_taken":0,"max_hp_gain":0,"max_hp_loss":0,"event_name":"Living Wall","floor":10,"gold_loss":0,"cards_upgraded":["hexamod:SpectralAdrenaline"]},{"damage_healed":24,"gold_gain":0,"player_choice":"Banana","damage_taken":0,"max_hp_gain":0,"max_hp_loss":0,"event_name":"Big Fish","floor":14,"gold_loss":0}],"is_beta":false,"boss_relics":[],"items_purged_floors":[],"is_endless":false,"potions_floor_spawned":[3,4,11,15],"killed_by":"WA_ARCHETYPE_RETAIN","ascension_level":11}}