{"host":"x205naxbihvu3p76","time":1612428782,"event":{"mods":["AchievementEnabler","BaseMod","Minty Spire (QoL Compilation)","StSLib","SuperFastMode"],"gold_per_floor":[115,115,115,131,148,148,162,189,189,189,203,203,203,233,233,305,305,315,164,164,64,64,64,95,95,95,109,109,124,124,124],"floor_reached":30,"language":"KOR","playtime":528,"items_purged":["Hyperbeam","Writhe"],"score":512,"play_id":"cd781887-6e45-4dc8-ba3d-be19f1205045","local_time":"20210204175302","is_ascension_mode":true,"campfire_choices":[{"data":"Dualcast","floor":6,"key":"SMITH"},{"floor":10,"key":"REST"},{"data":"Barrage","floor":13,"key":"SMITH"},{"floor":15,"key":"REST"},{"data":"Redo","floor":23,"key":"SMITH"},{"floor":25,"key":"REST"},{"data":"Defragment","floor":28,"key":"SMITH"}],"circlet_count":0,"master_deck":["AscendersBane","Zap+1","Dualcast+1","Barrage+1","Doom and Gloom","Capacitor","Chill","Conserve Battery","Multi-Cast","Go for the Eyes","Redo+1","Self Repair","Lockon","White Noise","Compile Driver","Defragment+1","Reinforced Body","BootSequence","Ball Lightning"],"relics":["Cracked Core","NeowsBlessing","Cables","Prayer Wheel","WingedGreaves","MealTicket","Pandora\u0027s Box","HornCleat","Calipers","White Beast Statue"],"acts_visited":["Exordium","TheCity"],"potions_floor_usage":[8,24],"damage_taken":[{"damage":0,"enemies":"Small Slimes","floor":1,"turns":1},{"damage":0,"enemies":"2 Louse","floor":4,"turns":1},{"damage":0,"enemies":"Cultist","floor":5,"turns":1},{"damage":12,"enemies":"Large Slime","floor":7,"turns":6},{"damage":39,"enemies":"Gremlin Nob","floor":8,"turns":4},{"damage":1,"enemies":"Lots of Slimes","floor":11,"turns":4},{"damage":8,"enemies":"3 Sentries","floor":14,"turns":7},{"damage":23,"enemies":"Slime Boss","floor":16,"turns":7},{"damage":19,"enemies":"Chosen","floor":18,"turns":4},{"damage":51,"enemies":"Book of Stabbing","floor":24,"turns":5},{"damage":18,"enemies":"2 Thieves","floor":27,"turns":4},{"damage":18,"enemies":"Snake Plant","floor":29,"turns":2},{"damage":25,"enemies":"3 Cultists","floor":30,"turns":3}],"seed_played":"7917824977113422811","potions_obtained":[{"floor":5,"key":"Swift Potion"},{"floor":8,"key":"PotionOfCapacity"},{"floor":14,"key":"LiquidMemories"},{"floor":18,"key":"AttackPotion"},{"floor":24,"key":"Strength Potion"}],"is_trial":false,"path_per_floor":["M","?","?","M","M","R","M","E","T","R","M","?","R","E","R","B",null,"M","$","?","$","?","R","E","R","T","M","R","M","M"],"character_chosen":"DEFECT","items_purchased":["Defragment"],"campfire_rested":3,"item_purchase_floors":[19],"current_hp_per_floor":[64,57,57,57,57,57,45,6,6,27,26,26,26,18,39,16,57,45,60,60,71,71,71,27,48,48,37,37,19,0,0],"gold":124,"neow_bonus":"THREE_ENEMY_KILL","is_daily":false,"chose_seed":false,"campfire_upgraded":4,"win_rate":0.0,"timestamp":1612428782,"path_taken":["M","?","?","M","?","R","M","E","T","R","M","?","R","E","R","BOSS","M","?","?","$","?","R","E","R","T","M","R","M","M"],"items_purchased_type":["Card"],"build_version":"2020-12-22","purchased_purges":2,"victory":false,"max_hp_per_floor":[71,71,71,71,71,71,71,71,71,71,71,71,71,71,71,71,71,71,71,71,71,71,71,71,71,71,71,71,71,71,71],"card_choices":[{"not_picked":["Conserve Battery","Double Energy"],"picked":"Barrage","floor":1},{"not_picked":["Hologram","Turbo","Streamline"],"picked":"SKIP","floor":4},{"not_picked":["Coolheaded","Undo"],"picked":"Doom and Gloom","floor":5},{"not_picked":["Darkness","Undo"],"picked":"Capacitor","floor":7},{"not_picked":["Steam","Steam Power"],"picked":"Chill","floor":8},{"not_picked":["Double Energy","Sunder","Aggregate"],"picked":"SKIP","floor":11},{"not_picked":["Sweeping Beam","Ball Lightning","Redo"],"picked":"SKIP","floor":11},{"not_picked":["Streamline","Barrage"],"picked":"Conserve Battery","floor":14},{"not_picked":["Fission","Buffer"],"picked":"Multi-Cast","floor":16},{"not_picked":["Steam","Hologram"],"picked":"Compile Driver","floor":18},{"not_picked":["Conserve Battery","Lockon","Capacitor"],"picked":"SKIP","floor":18},{"not_picked":["Coolheaded","Beam Cell","Rainbow"],"picked":"SKIP","floor":24},{"not_picked":["Ball Lightning","Steam Power"],"picked":"Reinforced Body","floor":27},{"not_picked":["Hologram","Coolheaded","Tempest"],"picked":"SKIP","floor":27},{"not_picked":["Skim","Double Energy"],"picked":"BootSequence","floor":29},{"not_picked":["Sunder","Beam Cell"],"picked":"Ball Lightning","floor":29}],"player_experience":1018823,"relics_obtained":[{"floor":8,"key":"Cables"},{"floor":9,"key":"Prayer Wheel"},{"floor":14,"key":"MealTicket"},{"floor":24,"key":"Calipers"},{"floor":26,"key":"White Beast Statue"}],"event_choices":[{"cards_removed":["Strike_B"],"damage_healed":0,"gold_gain":0,"player_choice":"Card Removal","damage_taken":7,"max_hp_gain":0,"max_hp_loss":0,"event_name":"Golden Wing","floor":2,"gold_loss":0},{"damage_healed":0,"gold_gain":0,"player_choice":"Forge","damage_taken":0,"max_hp_gain":0,"max_hp_loss":0,"event_name":"Accursed Blacksmith","floor":3,"gold_loss":0,"cards_upgraded":["Zap"]},{"damage_healed":0,"gold_gain":0,"player_choice":"Gave Potion","damage_taken":0,"relics_obtained":["WingedGreaves"],"max_hp_gain":0,"max_hp_loss":0,"event_name":"WeMeetAgain","floor":12,"gold_loss":0},{"damage_healed":0,"gold_gain":0,"player_choice":"Opened","damage_taken":0,"relics_obtained":["HornCleat"],"max_hp_gain":0,"max_hp_loss":0,"event_name":"The Mausoleum","floor":20,"gold_loss":0,"cards_obtained":["Writhe"]},{"cards_removed":["Redo"],"damage_healed":0,"gold_gain":0,"player_choice":"Elegance","damage_taken":0,"max_hp_gain":0,"max_hp_loss":0,"event_name":"Back to Basics","floor":22,"gold_loss":0}],"is_beta":false,"boss_relics":[{"not_picked":["FrozenCore","SacredBark"],"picked":"Pandora\u0027s Box"}],"items_purged_floors":[19,21],"is_endless":false,"potions_floor_spawned":[5,8,14,18,24,27,29],"killed_by":"3 Cultists","ascension_level":20}}