{"host":"2hea6pl5vmah38iy","time":1612441352,"event":{"mods":["AchievementEnabler","BaseMod","Colored Map","DeckTracker","Keyboard Shortcuts","Minty Spire (QoL Compilation)","Rare Cards Sparkle","StSLib","SuperFastMode","everything is the same but u backflip on backflip"],"gold_per_floor":[111,111,81,0,21,21,52,72,72,111,111,129,154,154,154,250,250,273,291,312,77,102,102,102,102],"floor_reached":24,"language":"KOR","playtime":861,"items_purged":["Parasite"],"score":395,"play_id":"99e21a81-1574-4ed0-9e4d-e1334dcf9928","local_time":"20210204212232","is_ascension_mode":true,"campfire_choices":[{"data":"Apotheosis","floor":6,"key":"SMITH"},{"floor":11,"key":"REST"},{"floor":15,"key":"REST"},{"floor":23,"key":"REST"}],"circlet_count":0,"master_deck":["AscendersBane","Strike_B","Strike_B","Strike_B","Strike_B","Defend_B","Defend_B","Defend_B","Defend_B","Zap","Dualcast","Apotheosis+1","Compile Driver","Sunder","FTL","Cold Snap","Stack","Consume","Ball Lightning","Skim","Electrodynamics","Self Repair+1","Force Field"],"relics":["Cracked Core","Golden Idol","WingedGreaves","Singing Bowl","Sundial","Mummified Hand","Cursed Key","ClockworkSouvenir"],"acts_visited":["Exordium","TheCity"],"potions_floor_usage":[10,16,20,24],"damage_taken":[{"damage":5.0,"enemies":"Jaw Worm","floor":1.0,"turns":4.0},{"damage":20,"enemies":"Small Slimes","floor":5,"turns":3},{"damage":8,"enemies":"3 Sentries","floor":7,"turns":6},{"damage":4,"enemies":"Cultist","floor":8,"turns":3},{"damage":12,"enemies":"Lagavulin","floor":10,"turns":4},{"damage":4,"enemies":"Exordium Wildlife","floor":12,"turns":3},{"damage":15,"enemies":"Lots of Slimes","floor":13,"turns":3},{"damage":19,"enemies":"The Guardian","floor":16,"turns":8},{"damage":23,"enemies":"Spheric Guardian","floor":18,"turns":4},{"damage":19,"enemies":"Shell Parasite","floor":19,"turns":6},{"damage":0,"enemies":"3 Cultists","floor":20,"turns":4},{"damage":9,"enemies":"Snake Plant","floor":22,"turns":4},{"damage":34,"enemies":"Book of Stabbing","floor":24,"turns":4}],"seed_played":"-933573868842853457","potions_obtained":[{"floor":3,"key":"SneckoOil"},{"floor":3,"key":"FearPotion"},{"floor":10,"key":"FocusPotion"},{"floor":22,"key":"FocusPotion"}],"is_trial":false,"path_per_floor":["M","?","?","$","M","R","E","M","T","E","R","M","M","T","R","B",null,"M","M","M","$","M","R","E"],"character_chosen":"DEFECT","items_purchased":["Sunder","ClockworkSouvenir"],"campfire_rested":3,"item_purchase_floors":[4,21],"current_hp_per_floor":[59,59,59,59,39,39,31,27,27,15,34,30,15,15,34,15,52,31,14,14,14,15,34,0,0],"gold":102,"neow_bonus":"RANDOM_COLORLESS_2","is_daily":false,"chose_seed":false,"campfire_upgraded":1,"win_rate":0.0,"timestamp":1612441352,"path_taken":["M","?","?","$","M","R","E","?","T","E","R","M","M","?","R","BOSS","M","?","M","$","M","R","E"],"items_purchased_type":["Card","Relic"],"build_version":"2020-12-22","purchased_purges":1,"victory":false,"max_hp_per_floor":[71,64,64,64,64,64,64,64,64,64,64,64,64,64,64,64,64,66,68,68,65,65,65,65,65],"card_choices":[{"not_picked":["The Bomb","Secret Technique"],"picked":"Apotheosis","floor":0.0},{"not_picked":["Stack","Melter"],"picked":"Compile Driver","floor":1.0},{"not_picked":["Barrage","Stack"],"picked":"FTL","floor":5},{"not_picked":["Gash","Hello World"],"picked":"Cold Snap","floor":7},{"not_picked":["Storm","Chill"],"picked":"Stack","floor":8},{"not_picked":["Defragment","Cold Snap"],"picked":"Consume","floor":10},{"not_picked":["Hologram","Storm"],"picked":"Ball Lightning","floor":12},{"not_picked":["Stack","Lockon"],"picked":"Skim","floor":13},{"not_picked":["All For One","Buffer"],"picked":"Electrodynamics","floor":16},{"not_picked":["Conserve Battery","Cold Snap","Hello World"],"picked":"Singing Bowl","floor":18},{"not_picked":["Rebound","Conserve Battery","Leap"],"picked":"Singing Bowl","floor":19},{"not_picked":["Tempest","Conserve Battery"],"picked":"Self Repair+1","floor":20},{"not_picked":["Beam Cell","Tempest"],"picked":"Force Field","floor":22}],"player_experience":561424,"relics_obtained":[{"floor":7,"key":"WingedGreaves"},{"floor":9,"key":"Singing Bowl"},{"floor":10,"key":"Sundial"},{"floor":14,"key":"Mummified Hand"}],"event_choices":[{"damage_healed":0.0,"max_hp_gain":0.0,"max_hp_loss":7.0,"gold_gain":0.0,"event_name":"Golden Idol","player_choice":"Lose Max HP","floor":2.0,"gold_loss":0.0,"damage_taken":0.0,"relics_obtained":["Golden Idol"]},{"damage_healed":0,"gold_gain":0,"player_choice":"Bought 2 Potions","damage_taken":0,"max_hp_gain":0,"max_hp_loss":0,"event_name":"The Woman in Blue","floor":3,"gold_loss":0}],"is_beta":false,"boss_relics":[{"not_picked":["Busted Crown","Ectoplasm"],"picked":"Cursed Key"}],"items_purged_floors":[21],"is_endless":false,"potions_floor_spawned":[5,8,10,22],"killed_by":"Book of Stabbing","ascension_level":18}}