{"host":"m4gb89kpcfic7v2a","time":1612406123,"event":{"mods":["BaseMod","BetterRewards","Minty Spire (QoL Compilation)","Reliquary","StS++","StSLib","The Marked","The Servant 0.9.4"],"gold_per_floor":[116,116,132,132,150,180,180,214,241,36,67,67,78,94,94,190,190,209,209,221,241,203,203,203],"floor_reached":23,"language":"ENG","playtime":1912,"items_purged":["Dualcast"],"score":232,"play_id":"95f8be19-b018-4f71-9579-fa2227d19227","local_time":"20210203193523","is_ascension_mode":true,"campfire_choices":[{"data":"Zap","floor":7,"key":"SMITH"},{"floor":12,"key":"REST"},{"floor":15,"key":"REST"}],"circlet_count":0,"master_deck":["Strike_B","Strike_B","Strike_B","Strike_B","Defend_B","Defend_B","Defend_B","Defend_B","Zap+1","Flash of Steel","Loop","Capacitor","Chill","Go for the Eyes","Ball Lightning","Melter","Defragment","Cold Snap","Glacier","Storm","Loop","Creative AI","Storm","Creative AI","StSpp:Pointer+1","Capacitor+1"],"relics":["Cracked Core","Incense Burner","reliquary:ShortFuse","reliquary:BoilingFlask","Art of War","Dream Catcher","Membership Card","PreservedInsect","Runic Pyramid","Molten Egg 2"],"acts_visited":["Exordium","TheCity"],"potions_floor_usage":[],"damage_taken":[{"damage":0,"enemies":"2 Louse","floor":1,"turns":3},{"damage":5,"enemies":"Jaw Worm","floor":3,"turns":4},{"damage":0,"enemies":"Cultist","floor":5,"turns":4},{"damage":28,"enemies":"Gremlin Nob","floor":6,"turns":4},{"damage":12,"enemies":"3 Sentries","floor":8,"turns":6},{"damage":8,"enemies":"Gremlin Nob","floor":11,"turns":5},{"damage":17,"enemies":"Lots of Slimes","floor":13,"turns":5},{"damage":2,"enemies":"3 Louse","floor":14,"turns":4},{"damage":4,"enemies":"Slime Boss","floor":16,"turns":6},{"damage":47,"enemies":"3 Byrds","floor":18,"turns":6},{"damage":3,"enemies":"Shell Parasite","floor":20,"turns":4},{"damage":11,"enemies":"Snecko","floor":21,"turns":5},{"damage":26,"enemies":"Slavers","floor":23,"turns":1}],"seed_played":"2014256025230113816","potions_obtained":[{"floor":8,"key":"PotionOfCapacity"},{"floor":11,"key":"SteroidPotion"},{"floor":14,"key":"FearPotion"},{"floor":21,"key":"DuplicationPotion"}],"is_trial":false,"path_per_floor":["M","?","M","T","M","E","R","E","T","$","E","R","M","M","R","B",null,"M","T","M","M","$","E"],"character_chosen":"DEFECT","items_purchased":["Flash of Steel","Loop","Capacitor","reliquary:ShortFuse","Chill","Membership Card","Glacier","Storm"],"campfire_rested":2,"item_purchase_floors":[0,0,0,0,0,10,10,10],"current_hp_per_floor":[75,75,70,70,70,42,42,30,30,30,22,44,27,25,47,43,75,28,28,25,14,14,0,0],"gold":203,"neow_bonus":"","is_daily":false,"chose_seed":false,"campfire_upgraded":1,"win_rate":0.0,"timestamp":1612406123,"path_taken":["M","?","M","?","M","E","R","E","T","$","E","R","M","M","R","BOSS","M","?","M","M","$","E"],"items_purchased_type":["Card","Card","Card","Relic","Card","Relic","Card","Card"],"build_version":"2020-12-22","purchased_purges":1,"victory":false,"max_hp_per_floor":[75,75,75,75,75,75,75,75,75,75,75,75,75,75,75,75,75,75,75,75,75,75,75,75],"card_choices":[{"not_picked":["Sweeping Beam","Steam"],"picked":"Go for the Eyes","floor":1},{"not_picked":["Gash","Rebound"],"picked":"Ball Lightning","floor":3},{"not_picked":["Sweeping Beam","Turbo"],"picked":"Melter","floor":5},{"not_picked":["White Noise","Reinforced Body"],"picked":"Defragment","floor":6},{"not_picked":["Hologram","Recycle"],"picked":"Cold Snap","floor":8},{"not_picked":["Beam Cell","Steam"],"picked":"Loop","floor":11},{"not_picked":["Conserve Battery","Compile Driver"],"picked":"Creative AI","floor":12},{"not_picked":["BootSequence","Leap","Barrage"],"picked":"SKIP","floor":13},{"not_picked":["Beam Cell","Redo"],"picked":"Storm","floor":14},{"not_picked":["Hyperbeam","Fission"],"picked":"Creative AI","floor":16},{"not_picked":["Force Field","Cold Snap","Consume+1"],"picked":"SKIP","floor":18},{"not_picked":["Ball Lightning+1","Undo"],"picked":"StSpp:Pointer+1","floor":20},{"not_picked":["Conserve Battery+1","Stack"],"picked":"Capacitor+1","floor":21}],"player_experience":206327,"relics_obtained":[{"floor":4,"key":"reliquary:BoilingFlask"},{"floor":6,"key":"Art of War"},{"floor":8,"key":"Dream Catcher"},{"floor":11,"key":"PreservedInsect"},{"floor":19,"key":"Molten Egg 2"}],"event_choices":[{"damage_healed":0,"gold_gain":0,"player_choice":"Ignored","damage_taken":0,"max_hp_gain":0,"max_hp_loss":0,"event_name":"Golden Idol","floor":2,"gold_loss":0}],"is_beta":false,"boss_relics":[{"not_picked":["reliquary:KinkedSpring","Coffee Dripper"],"picked":"Runic Pyramid"}],"items_purged_floors":[22],"is_endless":false,"potions_floor_spawned":[8,11,14,16,20,21],"killed_by":"Slavers","ascension_level":2}}