{"host":"e3jr8cs0hrgde9ri","time":1612452631,"event":{"mods":["2.2 Compatiblity","BaseMod","Highlight Path","Minty Spire (QoL Compilation)","Permanent Neow","Quick Restart","SuperFastMode"],"gold_per_floor":[115,131,81,181,194,223,241,276,276,288,307,337,337,372,372,476,476,487,487,412,428,442,442,442,442],"floor_reached":24,"language":"ENG","playtime":776,"items_purged":["Strike_P"],"score":329,"play_id":"5b5cb1fe-b8dd-417e-86eb-2d487ad34191","local_time":"20210204073031","is_ascension_mode":true,"campfire_choices":[{"data":"Eruption","floor":13.0,"key":"SMITH"},{"data":"Wallop","floor":15.0,"key":"SMITH"},{"floor":23,"key":"REST"}],"circlet_count":0,"master_deck":["Strike_P","Strike_P","Defend_P","Defend_P","Defend_P","Defend_P","Eruption+1","Vigilance","ReachHeaven","Protect","CarveReality","Vault","FearNoEvil","Wallop+1","EmptyFist","DevaForm","Sanctity","Vault"],"relics":["Sozu","Bronze Scales","Orichalcum","InkBottle","Du-Vu Doll","CaptainsWheel","SlaversCollar"],"acts_visited":["Exordium","TheCity"],"potions_floor_usage":[],"damage_taken":[{"damage":0.0,"enemies":"Jaw Worm","floor":1.0,"turns":3.0},{"damage":0.0,"enemies":"Small Slimes","floor":2.0,"turns":2.0},{"damage":0.0,"enemies":"Cultist","floor":5.0,"turns":2.0},{"damage":0.0,"enemies":"Gremlin Nob","floor":6.0,"turns":2.0},{"damage":2.0,"enemies":"Lots of Slimes","floor":7.0,"turns":4.0},{"damage":33.0,"enemies":"Lagavulin","floor":8.0,"turns":4.0},{"damage":0.0,"enemies":"Looter","floor":10.0,"turns":2.0},{"damage":0.0,"enemies":"Blue Slaver","floor":11.0,"turns":3.0},{"damage":10.0,"enemies":"Gremlin Nob","floor":12.0,"turns":3.0},{"damage":11.0,"enemies":"Lagavulin","floor":14.0,"turns":6.0},{"damage":4.0,"enemies":"Hexaghost","floor":16.0,"turns":8.0},{"damage":0,"enemies":"Spheric Guardian","floor":18,"turns":3},{"damage":0,"enemies":"2 Thieves","floor":21,"turns":4},{"damage":19,"enemies":"Cultist and Chosen","floor":22,"turns":8},{"damage":46,"enemies":"Slavers","floor":24,"turns":2}],"seed_played":"5470576320499691517","potions_obtained":[],"is_trial":false,"path_per_floor":["M","M","?","?","M","E","M","E","T","M","M","E","R","E","R","B",null,"M","?","$","M","M","R","E"],"character_chosen":"WATCHER","items_purchased":[],"campfire_rested":1,"item_purchase_floors":[],"current_hp_per_floor":[65,65,65,65,65,65,63,30,30,30,30,20,20,9,9,5,55,55,42,42,42,23,46,0,0],"gold":442,"neow_bonus":"BOSS_RELIC","is_daily":false,"chose_seed":false,"campfire_upgraded":2,"win_rate":0.0,"timestamp":1612452631,"path_taken":["M","M","?","?","?","E","?","E","T","M","M","E","R","E","R","BOSS","M","?","$","M","M","R","E"],"items_purchased_type":[],"build_version":"2020-12-22","purchased_purges":1,"victory":false,"max_hp_per_floor":[72,72,72,72,72,72,72,72,72,72,72,72,72,72,72,72,72,72,77,77,77,77,77,77,77],"card_choices":[{"not_picked":["FollowUp","CutThroughFate"],"picked":"ReachHeaven","floor":1.0},{"not_picked":["CrushJoints","ThirdEye"],"picked":"Protect","floor":2.0},{"not_picked":["Fasting2","Perseverance"],"picked":"CarveReality","floor":5.0},{"not_picked":["JustLucky","Meditate"],"picked":"Vault","floor":6.0},{"not_picked":["Wallop","EmptyBody"],"picked":"FearNoEvil","floor":7.0},{"not_picked":["PathToVictory","EmptyFist"],"picked":"Wallop","floor":8.0},{"not_picked":["Protect","Perseverance"],"picked":"EmptyFist","floor":10.0},{"not_picked":["Nirvana","Worship","Halt"],"picked":"SKIP","floor":11.0},{"not_picked":["Pray","BowlingBash","BattleHymn"],"picked":"SKIP","floor":12.0},{"not_picked":["WreathOfFlame","BowlingBash","Establishment"],"picked":"SKIP","floor":14.0},{"not_picked":["Devotion","SpiritShield"],"picked":"DevaForm","floor":16.0},{"not_picked":["SashWhip","Consecrate"],"picked":"Sanctity","floor":18},{"not_picked":["Nirvana","ClearTheMind","FlurryOfBlows"],"picked":"SKIP","floor":21},{"not_picked":["SashWhip","WheelKick"],"picked":"Vault","floor":22}],"player_experience":1437811,"relics_obtained":[{"floor":6.0,"key":"Bronze Scales"},{"floor":8.0,"key":"Orichalcum"},{"floor":9.0,"key":"InkBottle"},{"floor":12.0,"key":"Du-Vu Doll"},{"floor":14.0,"key":"CaptainsWheel"}],"event_choices":[{"cards_removed":["Strike_P"],"damage_healed":0.0,"max_hp_gain":0.0,"max_hp_loss":0.0,"gold_gain":0.0,"event_name":"The Cleric","player_choice":"Card Removal","floor":3.0,"gold_loss":50.0,"damage_taken":0.0},{"damage_healed":0.0,"max_hp_gain":0.0,"max_hp_loss":0.0,"gold_gain":100.0,"event_name":"Golden Shrine","player_choice":"Pray","floor":4.0,"gold_loss":0.0,"damage_taken":0.0},{"damage_healed":0,"gold_gain":0,"player_choice":"Shed Blood","damage_taken":18,"max_hp_gain":5,"max_hp_loss":0,"event_name":"Forgotten Altar","floor":19,"gold_loss":0}],"is_beta":false,"boss_relics":[{"not_picked":["Velvet Choker","Pandora\u0027s Box"],"picked":"SlaversCollar"}],"items_purged_floors":[20],"is_endless":false,"potions_floor_spawned":[2,6,11,14,16,18],"killed_by":"Slavers","ascension_level":6}}