{"host":"5hsgormuu0lj4iiq","time":1612404539,"event":{"mods":["AchievementEnabler","BaseMod","Colored Map","Colored Powertips","Minty Spire (QoL Compilation)","Quick Restart","Relic Stats","SuperFastMode","everything is the same but u backflip on backflip","slay the spire mod where everything is the same but ironclad has a cowboy hat"],"gold_per_floor":[112,112,131,144,155,155,181,207,233,268,281,281,298,105,105,202,202,142,142,142,142,57,57,57,57,57,57,57,57,57,57,57,57,57,57,57,57,57,57,57,57,57,57,7,7,7,7,7,7,7],"floor_reached":51,"language":"ENG","playtime":1948,"items_purged":["Parasite","Strike_G"],"score":1111,"play_id":"64b5da8c-263e-4784-b4f2-19bc931e818e","local_time":"20210203210859","is_ascension_mode":true,"campfire_choices":[{"data":"Leg Sweep","floor":6,"key":"SMITH"},{"data":"After Image","floor":15,"key":"SMITH"},{"floor":24,"key":"REST"},{"floor":30,"key":"REST"},{"floor":32,"key":"REST"},{"floor":42,"key":"REST"},{"data":"Corpse Explosion","floor":45,"key":"SMITH"},{"data":"PiercingWail","floor":47,"key":"SMITH"},{"floor":49,"key":"REST"}],"circlet_count":0,"master_deck":["Strike_G","Strike_G+1","Strike_G","Defend_G","Defend_G","Defend_G","Defend_G","Defend_G","Survivor","Neutralize+1","Bane","Backstab","Slice","Leg Sweep+1","Dagger Spray","PiercingWail","After Image+1","Deadly Poison","Blur","Corpse Explosion+1","PiercingWail+1","Blur","Crippling Poison+1","Backflip+1","Catalyst+1","Acrobatics+1"],"relics":["Ring of the Snake","Tiny Chest","Smiling Mask","Dream Catcher","Oddly Smooth Stone","Lee\u0027s Waffle","Ectoplasm","Whetstone","Anchor","Blood Vial","Bag of Preparation","Paper Crane","Busted Crown","Vajra","Shuriken","PreservedInsect","Darkstone Periapt","Du-Vu Doll"],"acts_visited":["Exordium","TheCity","TheBeyond"],"potions_floor_usage":[10,11,23,25,33,50],"damage_taken":[{"damage":0,"enemies":"2 Louse","floor":1,"turns":2},{"damage":1,"enemies":"Cultist","floor":3,"turns":3},{"damage":0,"enemies":"Jaw Worm","floor":4,"turns":3},{"damage":1,"enemies":"Looter","floor":5,"turns":4},{"damage":30,"enemies":"Gremlin Nob","floor":7,"turns":5},{"damage":13,"enemies":"3 Sentries","floor":10,"turns":14},{"damage":1,"enemies":"Exordium Wildlife","floor":11,"turns":6},{"damage":8,"enemies":"Large Slime","floor":13,"turns":6},{"damage":10,"enemies":"The Guardian","floor":16,"turns":16},{"damage":14,"enemies":"2 Thieves","floor":18,"turns":3},{"damage":0,"enemies":"Chosen","floor":19,"turns":6},{"damage":1,"enemies":"Shelled Parasite and Fungi","floor":20,"turns":8},{"damage":22,"enemies":"Book of Stabbing","floor":23,"turns":8},{"damage":18,"enemies":"Slavers","floor":25,"turns":3},{"damage":1,"enemies":"Centurion and Healer","floor":28,"turns":5},{"damage":8,"enemies":"Snecko","floor":31,"turns":7},{"damage":60,"enemies":"Collector","floor":33,"turns":15},{"damage":0,"enemies":"Orb Walker","floor":35,"turns":4},{"damage":0,"enemies":"3 Darklings","floor":38,"turns":3},{"damage":0,"enemies":"Transient","floor":39,"turns":5},{"damage":40,"enemies":"Nemesis","floor":40,"turns":9},{"damage":0,"enemies":"Reptomancer","floor":46,"turns":5},{"damage":11,"enemies":"Nemesis","floor":48,"turns":7},{"damage":36,"enemies":"Awakened One","floor":50,"turns":23}],"seed_played":"1237068514035676057","potions_obtained":[{"floor":1,"key":"PowerPotion"},{"floor":3,"key":"Strength Potion"},{"floor":7,"key":"PowerPotion"},{"floor":11,"key":"Dexterity Potion"},{"floor":18,"key":"Strength Potion"},{"floor":23,"key":"SteroidPotion"},{"floor":25,"key":"Swift Potion"},{"floor":33,"key":"Dexterity Potion"},{"floor":35,"key":"Block Potion"}],"is_trial":false,"path_per_floor":["M","?","M","M","M","R","E","T","T","E","M","?","M","$","R","B",null,"M","M","M","T","?","E","R","E","T","?","M","?","R","M","R","B",null,"M","T","?","M","M","E","T","R","T","$","R","E","R","E","R","B",null],"character_chosen":"THE_SILENT","items_purchased":["Lee\u0027s Waffle"],"campfire_rested":5,"item_purchase_floors":[14],"current_hp_per_floor":[63,63,62,62,61,61,31,31,31,18,17,34,26,74,74,64,72,58,58,57,57,57,35,57,41,41,27,28,22,45,39,62,4,60,62,62,62,64,66,28,28,51,51,51,51,53,53,44,67,33],"gold":7,"neow_bonus":"THREE_CARDS","is_daily":false,"chose_seed":false,"campfire_upgraded":4,"win_rate":0.0,"timestamp":1612404539,"path_taken":["M","?","M","?","M","R","E","?","T","E","?","?","M","$","R","BOSS","M","M","M","?","?","E","R","E","T","?","M","?","R","M","R","BOSS","M","?","?","?","?","E","?","R","T","$","R","E","R","E","R","BOSS"],"items_purchased_type":["Relic"],"build_version":"2020-12-22","purchased_purges":2,"victory":true,"max_hp_per_floor":[70,70,70,70,70,70,70,70,70,70,70,70,70,74,74,74,74,74,74,74,74,74,74,74,74,74,79,79,79,79,79,79,79,79,79,79,79,79,79,79,79,79,79,79,79,79,79,79,79,79],"relic_stats":{"Darkstone Periapt":0,"Lee\u0027s Waffle":48,"counters":[24,170],"PreservedInsect":112,"Bag of Preparation":[20],"Whetstone":["Neutralize","Strike_G"],"Smiling Mask":75,"Blood Vial":22,"Dream Catcher":5,"Busted Crown":16,"Shuriken":[6],"Tiny Chest":3,"Ectoplasm":456,"obtain_stats":[{"Darkstone Periapt":46,"Lee\u0027s Waffle":14,"Oddly Smooth Stone":10,"Vajra":40,"PreservedInsect":43,"Bag of Preparation":25,"Whetstone":21,"Paper Crane":26,"Smiling Mask":8,"Blood Vial":23,"Du-Vu Doll":48,"Dream Catcher":9,"Anchor":22,"Busted Crown":34,"Shuriken":41,"Tiny Chest":7,"Ectoplasm":17,"Ring of the Snake":0},{"Darkstone Periapt":22,"Lee\u0027s Waffle":8,"Oddly Smooth Stone":6,"Vajra":21,"PreservedInsect":21,"Bag of Preparation":14,"Whetstone":12,"Paper Crane":14,"Smiling Mask":5,"Blood Vial":13,"Du-Vu Doll":23,"Dream Catcher":5,"Anchor":12,"Busted Crown":17,"Shuriken":21,"Tiny Chest":5,"Ectoplasm":9,"Ring of the Snake":0},{"Darkstone Periapt":140,"Lee\u0027s Waffle":43,"Oddly Smooth Stone":31,"Vajra":135,"PreservedInsect":135,"Bag of Preparation":87,"Whetstone":76,"Paper Crane":87,"Smiling Mask":17,"Blood Vial":84,"Du-Vu Doll":147,"Dream Catcher":17,"Anchor":76,"Busted Crown":114,"Shuriken":135,"Tiny Chest":17,"Ectoplasm":59,"Ring of the Snake":0}],"Ring of the Snake":[48]},"card_choices":[{"not_picked":["Cloak And Dagger","Escape Plan"],"picked":"Bane","floor":0},{"not_picked":["All Out Attack","Acrobatics"],"picked":"Backstab","floor":1},{"not_picked":["Escape Plan","Slice","Flying Knee"],"picked":"SKIP","floor":3},{"not_picked":["Dagger Spray","Blur"],"picked":"Leg Sweep","floor":4},{"not_picked":["Masterful Stab","Expertise"],"picked":"Dagger Spray","floor":5},{"not_picked":["Masterful Stab","Accuracy"],"picked":"PiercingWail","floor":7},{"not_picked":["Dodge and Roll","Distraction"],"picked":"After Image","floor":10},{"not_picked":["Caltrops","Quick Slash"],"picked":"Deadly Poison","floor":11},{"not_picked":["Prepared","Quick Slash"],"picked":"Blur","floor":13},{"not_picked":["Adrenaline","Venomology"],"picked":"Corpse Explosion","floor":16},{"not_picked":["Bane","Outmaneuver"],"picked":"PiercingWail","floor":18},{"not_picked":["Blade Dance+1","Flying Knee","Poisoned Stab"],"picked":"SKIP","floor":19},{"not_picked":["Concentrate+1","Flying Knee","Dagger Spray"],"picked":"SKIP","floor":20},{"not_picked":["Flechettes","Cloak And Dagger"],"picked":"Blur","floor":23},{"not_picked":["Quick Slash","Calculated Gamble"],"picked":"Crippling Poison+1","floor":24},{"not_picked":["Deadly Poison+1","Prepared","Blade Dance+1"],"picked":"SKIP","floor":25},{"not_picked":["Footwork","Blur"],"picked":"Backflip+1","floor":28},{"not_picked":["Quick Slash","Bane"],"picked":"Catalyst+1","floor":31},{"not_picked":["All Out Attack+1"],"picked":"SKIP","floor":35},{"not_picked":["Setup"],"picked":"SKIP","floor":38},{"not_picked":[],"picked":"Acrobatics+1","floor":39},{"not_picked":["Grand Finale"],"picked":"SKIP","floor":40},{"not_picked":["Quick Slash+1"],"picked":"SKIP","floor":46},{"not_picked":["Outmaneuver+1"],"picked":"SKIP","floor":48}],"player_experience":720923,"relics_obtained":[{"floor":7,"key":"Tiny Chest"},{"floor":8,"key":"Smiling Mask"},{"floor":9,"key":"Dream Catcher"},{"floor":10,"key":"Oddly Smooth Stone"},{"floor":21,"key":"Whetstone"},{"floor":23,"key":"Blood Vial"},{"floor":25,"key":"Bag of Preparation"},{"floor":26,"key":"Paper Crane"},{"floor":40,"key":"Vajra"},{"floor":41,"key":"Shuriken"},{"floor":43,"key":"PreservedInsect"},{"floor":46,"key":"Darkstone Periapt"},{"floor":48,"key":"Du-Vu Doll"}],"event_choices":[{"damage_healed":0,"gold_gain":0,"cards_transformed":["Strike_G"],"player_choice":"Transformed","damage_taken":0,"max_hp_gain":0,"max_hp_loss":0,"event_name":"Transmorgrifier","floor":2,"gold_loss":0,"cards_obtained":["Slice"]},{"damage_healed":17,"gold_gain":0,"player_choice":"Healed and dodged fight","damage_taken":0,"max_hp_gain":0,"max_hp_loss":0,"event_name":"Mushrooms","floor":12,"gold_loss":0,"cards_obtained":["Parasite"]},{"damage_healed":0,"gold_gain":0,"player_choice":"Obtained Relic","damage_taken":0,"relics_obtained":["Anchor"],"max_hp_gain":0,"max_hp_loss":0,"event_name":"Addict","floor":22,"gold_loss":85},{"damage_healed":0,"gold_gain":0,"player_choice":"Shed Blood","damage_taken":19,"max_hp_gain":5,"max_hp_loss":0,"event_name":"Forgotten Altar","floor":27,"gold_loss":0},{"damage_healed":0,"gold_gain":0,"player_choice":"","damage_taken":6,"max_hp_gain":0,"max_hp_loss":0,"event_name":"Knowing Skull","floor":29,"potions_obtained":[],"gold_loss":0,"cards_obtained":[]},{"damage_healed":0,"gold_gain":0,"player_choice":"Bought 0 Potions","damage_taken":0,"max_hp_gain":0,"max_hp_loss":0,"event_name":"The Woman in Blue","floor":37,"gold_loss":0}],"is_beta":false,"boss_relics":[{"not_picked":["Tiny House","HoveringKite"],"picked":"Ectoplasm"},{"not_picked":["WristBlade","Coffee Dripper"],"picked":"Busted Crown"}],"items_purged_floors":[14,44],"is_endless":false,"potions_floor_spawned":[1,3,7,11,18,19,23,25,33,35,38],"ascension_level":8}}