{"host":"qlcznyjbdbexmcve","time":1612475866,"event":{"mods":["BaseMod","Minty Spire (QoL Compilation)","StSLib"],"gold_per_floor":[215,234,245,3,15,15,44,44,44,73,23,41,67,84,84,189,189,199,199,219,232,232,263,276,310,310,310,235,265,162,182,182,282,282,302,302,319,369,21,48,0,25,25,43,56,69,69,86,86,86,86,86,36,66,66,66],"floor_reached":55,"language":"ENG","playtime":3184,"items_purged":["Writhe","Writhe","Bash","Normality"],"score":1185,"play_id":"3874111a-3874-44cf-a734-4416d0c4aaf3","local_time":"20210204225746","is_ascension_mode":true,"campfire_choices":[{"data":"Apotheosis","floor":6,"key":"SMITH"},{"data":"Battle Trance","floor":8,"key":"SMITH"},{"floor":15,"key":"RECALL"},{"data":"Demon Form","floor":32,"key":"SMITH"},{"floor":49,"key":"REST"},{"data":"Uppercut","floor":52,"key":"SMITH"}],"circlet_count":0,"master_deck":["Strike_R","Defend_R","Defend_R","Defend_R","Defend_R","Shrug It Off","Battle Trance+1","Heavy Blade","Apotheosis+1","Flex","Cleave","Uppercut+1","Immolate","Demon Form+1","Battle Trance","Spot Weakness","Ghostly Armor","Shrug It Off","Heavy Blade","Shrug It Off+1","Shrug It Off+1","Shrug It Off+1"],"relics":["Burning Blood","Bag of Preparation","Red Skull","Eternal Feather","Gremlin Horn","Cursed Key","Anchor","Toy Ornithopter","HornCleat","Potion Belt","Smiling Mask","Busted Crown","Prayer Wheel","Oddly Smooth Stone","DollysMirror","Bottled Flame","Red Mask","The Courier","Ice Cream"],"acts_visited":["Exordium","TheCity","TheBeyond","TheEnding"],"potions_floor_usage":[7,13,16,20,24,29,40,50,50,55,55,55,55],"damage_taken":[{"damage":5,"enemies":"2 Louse","floor":1,"turns":4},{"damage":6,"enemies":"Jaw Worm","floor":2,"turns":4},{"damage":1,"enemies":"Small Slimes","floor":3,"turns":4},{"damage":5,"enemies":"Blue Slaver","floor":5,"turns":4},{"damage":6,"enemies":"Gremlin Nob","floor":7,"turns":3},{"damage":12,"enemies":"3 Sentries","floor":10,"turns":3},{"damage":1,"enemies":"Gremlin Gang","floor":12,"turns":2},{"damage":0,"enemies":"Gremlin Nob","floor":13,"turns":2},{"damage":0,"enemies":"Red Slaver","floor":14,"turns":2},{"damage":53,"enemies":"Hexaghost","floor":16,"turns":11},{"damage":13,"enemies":"Shell Parasite","floor":18,"turns":3},{"damage":0,"enemies":"3 Byrds","floor":20,"turns":3},{"damage":12,"enemies":"Snake Plant","floor":21,"turns":3},{"damage":0,"enemies":"Gremlin Leader","floor":23,"turns":3},{"damage":11,"enemies":"Snecko","floor":24,"turns":4},{"damage":8,"enemies":"Book of Stabbing","floor":25,"turns":5},{"damage":6,"enemies":"Slavers","floor":29,"turns":4},{"damage":0,"enemies":"Cultist and Chosen","floor":31,"turns":3},{"damage":9,"enemies":"Automaton","floor":33,"turns":6},{"damage":0,"enemies":"Orb Walker","floor":35,"turns":4},{"damage":0,"enemies":"3 Darklings","floor":37,"turns":4},{"damage":0,"enemies":"Mind Bloom Boss Battle","floor":38,"turns":6},{"damage":3,"enemies":"Giant Head","floor":40,"turns":6},{"damage":0,"enemies":"Nemesis","floor":42,"turns":5},{"damage":14,"enemies":"Writhing Mass","floor":44,"turns":4},{"damage":46,"enemies":"Transient","floor":45,"turns":5},{"damage":3,"enemies":"Sphere and 2 Shapes","floor":46,"turns":5},{"damage":16,"enemies":"Spire Growth","floor":48,"turns":5},{"damage":47,"enemies":"Awakened One","floor":50,"turns":9},{"damage":43,"enemies":"Shield and Spear","floor":54,"turns":7},{"damage":63,"enemies":"The Heart","floor":55,"turns":5}],"seed_played":"2365144113781082339","potions_obtained":[{"floor":1,"key":"ColorlessPotion"},{"floor":5,"key":"Fire Potion"},{"floor":7,"key":"DistilledChaos"},{"floor":10,"key":"Dexterity Potion"},{"floor":21,"key":"DistilledChaos"},{"floor":23,"key":"SpeedPotion"},{"floor":24,"key":"Energy Potion"},{"floor":25,"key":"Ancient Potion"},{"floor":38,"key":"PowerPotion"},{"floor":42,"key":"CultistPotion"},{"floor":44,"key":"SteroidPotion"},{"floor":45,"key":"Swift Potion"},{"floor":54,"key":"DuplicationPotion"}],"is_trial":false,"path_per_floor":["M","M","M","$","M","R","E","R","T","E","?","M","E","M","R","B",null,"M","?","M","M","?","E","M","E","T","?","$","E","$","M","R","B",null,"M","?","M","?","$","E","?","E","T","M","M","M","?","M","R","B",null,"R","$","E","B"],"character_chosen":"IRONCLAD","items_purchased":["Apotheosis","Flex","Cleave","Shrug It Off","Oddly Smooth Stone","DollysMirror"],"campfire_rested":1,"item_purchase_floors":[4,4,4,30,39,39],"current_hp_per_floor":[73,73,78,78,79,79,79,79,79,73,73,78,80,80,80,33,68,61,61,67,61,61,67,62,60,60,60,60,65,65,71,80,77,79,80,80,80,80,80,80,80,80,80,72,32,35,35,25,61,30,68,80,80,43,0,0],"gold":66,"neow_bonus":"HUNDRED_GOLD","is_daily":false,"chose_seed":false,"campfire_upgraded":4,"win_rate":0.0,"timestamp":1612475866,"path_taken":["M","M","M","$","M","R","E","R","T","E","?","M","E","M","R","BOSS","M","?","M","M","?","E","M","E","T","?","?","E","$","?","R","BOSS","M","?","?","?","$","E","?","E","T","M","M","M","?","M","R","BOSS","R","$","E","BOSS"],"items_purchased_type":["Card","Card","Card","Card","Relic","Relic"],"build_version":"2020-12-22","purchased_purges":4,"victory":false,"max_hp_per_floor":[80,80,80,80,80,80,80,80,80,80,80,80,80,80,80,80,80,80,80,80,80,80,80,80,80,80,80,80,80,80,80,80,80,80,80,80,80,80,80,80,80,80,80,80,80,80,80,80,80,80,80,80,80,80,80,80],"card_choices":[{"not_picked":["Dropkick","Armaments"],"picked":"Shrug It Off","floor":1},{"not_picked":["Entrench","Clothesline"],"picked":"Battle Trance","floor":2},{"not_picked":["Entrench","Intimidate"],"picked":"Heavy Blade","floor":3},{"not_picked":["Shockwave","Anger"],"picked":"Uppercut","floor":5},{"not_picked":["Reckless Charge","Dropkick"],"picked":"Immolate","floor":7},{"not_picked":["Cleave","Whirlwind","Pommel Strike"],"picked":"SKIP","floor":10},{"not_picked":["Rage","Second Wind","Hemokinesis"],"picked":"SKIP","floor":12},{"not_picked":["Dark Embrace","Carnage","Sword Boomerang"],"picked":"SKIP","floor":13},{"not_picked":["Dual Wield","Clash","Armaments"],"picked":"SKIP","floor":14},{"not_picked":["Barricade","Bludgeon"],"picked":"Demon Form","floor":16},{"not_picked":["Metallicize","Thunderclap","Reckless Charge+1"],"picked":"SKIP","floor":18},{"not_picked":["Clash","Dual Wield"],"picked":"Spot Weakness","floor":20},{"not_picked":["Perfected Strike","Havoc+1","Clash"],"picked":"SKIP","floor":21},{"not_picked":["Heavy Blade","Headbutt","Wild Strike"],"picked":"SKIP","floor":23},{"not_picked":["Bloodletting","Fire Breathing","Perfected Strike"],"picked":"SKIP","floor":24},{"not_picked":["Battle Trance+1","Wild Strike","Warcry"],"picked":"SKIP","floor":25},{"not_picked":["Inflame","Pommel Strike","Offering"],"picked":"SKIP","floor":29},{"not_picked":["Dropkick","Power Through","Sword Boomerang"],"picked":"SKIP","floor":31},{"not_picked":["Intimidate"],"picked":"SKIP","floor":35},{"not_picked":["Anger+1"],"picked":"SKIP","floor":37},{"not_picked":["Perfected Strike"],"picked":"SKIP","floor":40},{"not_picked":[],"picked":"Shrug It Off+1","floor":42},{"not_picked":["Pommel Strike"],"picked":"SKIP","floor":44},{"not_picked":["Infernal Blade"],"picked":"SKIP","floor":44},{"not_picked":[],"picked":"Shrug It Off+1","floor":45},{"not_picked":["Heavy Blade"],"picked":"SKIP","floor":45},{"not_picked":["Wild Strike"],"picked":"SKIP","floor":46},{"not_picked":["Headbutt"],"picked":"SKIP","floor":46},{"not_picked":[],"picked":"Shrug It Off+1","floor":48},{"not_picked":["True Grit+1"],"picked":"SKIP","floor":48},{"not_picked":["Wild Strike"],"picked":"SKIP","floor":54}],"player_experience":215075,"relics_obtained":[{"floor":7,"key":"Bag of Preparation"},{"floor":9,"key":"Red Skull"},{"floor":10,"key":"Eternal Feather"},{"floor":13,"key":"Gremlin Horn"},{"floor":23,"key":"Anchor"},{"floor":25,"key":"Toy Ornithopter"},{"floor":26,"key":"HornCleat"},{"floor":29,"key":"Smiling Mask"},{"floor":38,"key":"Prayer Wheel"},{"floor":40,"key":"Bottled Flame"},{"floor":42,"key":"The Courier"},{"floor":54,"key":"Ice Cream"}],"event_choices":[{"cards_removed":["Strike_R"],"damage_healed":0,"gold_gain":0,"player_choice":"Card Removal","damage_taken":0,"max_hp_gain":0,"max_hp_loss":0,"event_name":"The Cleric","floor":11,"gold_loss":50},{"damage_healed":0,"gold_gain":0,"player_choice":"Read","damage_taken":0,"max_hp_gain":0,"max_hp_loss":0,"event_name":"The Library","floor":19,"gold_loss":0,"cards_obtained":["Battle Trance"]},{"damage_healed":0,"gold_gain":0,"cards_transformed":["Strike_R","Strike_R"],"player_choice":"Became Test Subject","damage_taken":0,"max_hp_gain":0,"max_hp_loss":0,"event_name":"Drug Dealer","floor":22,"gold_loss":0,"cards_obtained":["Ghostly Armor","Evolve"]},{"damage_healed":0,"gold_gain":0,"player_choice":"Opened","damage_taken":0,"relics_obtained":["Potion Belt"],"max_hp_gain":0,"max_hp_loss":0,"event_name":"The Mausoleum","floor":27,"gold_loss":0,"cards_obtained":["Writhe"]},{"cards_removed":["Strike_R"],"damage_healed":0,"gold_gain":0,"player_choice":"Purged","damage_taken":0,"max_hp_gain":0,"max_hp_loss":0,"event_name":"Purifier","floor":36,"gold_loss":0},{"damage_healed":0,"gold_gain":0,"player_choice":"Fight","damage_taken":0,"max_hp_gain":0,"max_hp_loss":0,"event_name":"MindBloom","floor":38,"gold_loss":0},{"damage_healed":0,"gold_gain":0,"player_choice":"Paid","damage_taken":0,"relics_obtained":["Red Mask"],"max_hp_gain":0,"max_hp_loss":0,"event_name":"Tomb of Lord Red Mask","floor":41,"gold_loss":48},{"cards_removed":["Evolve"],"damage_healed":0,"gold_gain":0,"player_choice":"Removed Power","damage_taken":0,"max_hp_gain":0,"max_hp_loss":0,"event_name":"Falling","floor":47,"gold_loss":0}],"is_beta":false,"boss_relics":[{"not_picked":["Runic Dome","Calling Bell"],"picked":"Cursed Key"},{"not_picked":["Black Blood","Runic Cube"],"picked":"Busted Crown"}],"items_purged_floors":[28,30,39,53],"is_endless":false,"potions_floor_spawned":[1,5,7,10,21,23,24,25,38,42,44,45,54],"killed_by":"The Heart","ascension_level":7}}