{"host":"l84l8xigz5v5foa2","time":1612411190,"event":{"mods":["2.2 Compatiblity","AchievementEnabler","BaseMod","Better Note","Better Vampires","BetterRewards","Card Filter","Colored Map","DeckTracker","Downfall","Gremlin Skip","Highlight Path","Keyboard Shortcuts","Minty Spire (QoL Compilation)","Permanent Neow","Quick Restart","Relic Filter","Relic Stats","StSLib","SuperFastMode","Transform Curses","Unknown Chances"],"gold_per_floor":[109,34,34,48,60,60,74,102,102,102,102,102,102,102,102,178,178,197,97,97,97,117,117,117,117,117,134,134,134,134],"floor_reached":28,"language":"ENG","playtime":759,"items_purged":["hexamod:Strike","hexamod:Strike"],"score":428,"play_id":"0afa4212-0aa6-431f-a4b8-d684eaf66c69","local_time":"20210204125950","is_ascension_mode":true,"campfire_choices":[{"data":"hexamod:Rewind","floor":6.0,"key":"SMITH"},{"data":"hexamod:Float","floor":11.0,"key":"SMITH"},{"data":"hexamod:GiftsFromTheDead","floor":13.0,"key":"SMITH"},{"data":"hexamod:NightmareGuise","floor":15.0,"key":"SMITH"},{"data":"hexamod:GhostOfSpirePast","floor":23,"key":"SMITH"},{"data":"hexamod:SoulSteal","floor":25,"key":"SMITH"}],"circlet_count":0,"master_deck":["AscendersBane","hexamod:Defend","hexamod:Defend","hexamod:Defend","hexamod:Sear","hexamod:Float+1","hexamod:Rewind+1","hexamod:HeatMetal","hexamod:SoulSteal+1","hexamod:NightmareGuise+1","hexamod:GhostLash","hexamod:FirstSeal","hexamod:GiftsFromTheDead+1","hexamod:FifthSeal","hexamod:ThirdSeal","hexamod:GhostOfSpirePast+1","Bite","Necronomicurse","hexamod:SecondSeal","hexamod:StepThrough","hexamod:InspiringFlames+1","hexamod:SwordOfDarkness+1","hexamod:HexaLevel"],"relics":["hexamod:SpiritBrand","Pocketwatch","Guardian:GemstoneGun","Matryoshka","Gambling Chip","Philosopher\u0027s Stone","Necronomicon","MealTicket","champ:DuelingGlove"],"acts_visited":["Exordium","TheCity"],"potions_floor_usage":[22],"damage_taken":[{"damage":0.0,"enemies":"Cultist","floor":1.0,"turns":3.0},{"damage":2.0,"enemies":"Jaw Worm","floor":4.0,"turns":3.0},{"damage":6.0,"enemies":"Small Slimes","floor":5.0,"turns":4.0},{"damage":3.0,"enemies":"Blue Slaver","floor":7.0,"turns":3.0},{"damage":15.0,"enemies":"3 Sentries","floor":8.0,"turns":6.0},{"damage":1.0,"enemies":"The Guardian","floor":16.0,"turns":9.0},{"damage":5.0,"enemies":"Spheric Guardian","floor":18.0,"turns":5.0},{"damage":21,"enemies":"3 Byrds","floor":22,"turns":4},{"damage":13,"enemies":"Snake Plant","floor":27,"turns":4},{"damage":25,"enemies":"Chosen and Byrds","floor":28,"turns":3}],"seed_played":"-132707585453213335","potions_obtained":[{"floor":5.0,"key":"LiquidMemories"},{"floor":7.0,"key":"SteroidPotion"},{"floor":8.0,"key":"SpeedPotion"},{"floor":22,"key":"BlessingOfTheForge"}],"is_trial":false,"path_per_floor":["M","$","?","M","M","R","M","E","T","?","R","T","R","?","R","B",null,"M","$","?","?","M","R","?","R","T","M","M"],"character_chosen":"THE_SPIRIT","items_purchased":[],"campfire_rested":0,"item_purchase_floors":[],"current_hp_per_floor":[57,57,57,55,49,49,46,31,31,31,31,31,31,13,13,19,52,54,54,54,33,25,25,25,25,25,23,0,0,0],"gold":134,"neow_bonus":"TRANSFORM_CARD","is_daily":false,"chose_seed":false,"campfire_upgraded":6,"win_rate":0.0,"timestamp":1612411190,"path_taken":["M","$","?","M","?","R","M","E","T","?","R","?","R","?","R","BOSS","M","$","?","?","M","R","?","R","T","M","M"],"items_purchased_type":[],"build_version":"2020-12-22","purchased_purges":2,"victory":false,"max_hp_per_floor":[63,63,63,63,63,63,63,63,63,63,63,63,63,63,63,63,63,63,63,59,59,59,59,59,59,59,59,59,59,59],"relic_stats":{"counters":[10,44],"Gambling Chip":[7],"MealTicket":0,"Necronomicon":[0],"obtain_stats":[{"champ:DuelingGlove":26,"Matryoshka":12,"Guardian:GemstoneGun":9,"Gambling Chip":14,"Philosopher\u0027s Stone":17,"MealTicket":26,"Necronomicon":21,"hexamod:SpiritBrand":0,"Pocketwatch":8},{"champ:DuelingGlove":8,"Matryoshka":5,"Guardian:GemstoneGun":5,"Gambling Chip":5,"Philosopher\u0027s Stone":6,"MealTicket":8,"Necronomicon":7,"hexamod:SpiritBrand":0,"Pocketwatch":5},{"champ:DuelingGlove":37,"Matryoshka":19,"Guardian:GemstoneGun":19,"Gambling Chip":19,"Philosopher\u0027s Stone":28,"MealTicket":37,"Necronomicon":33,"hexamod:SpiritBrand":0,"Pocketwatch":19}],"Pocketwatch":[15]},"card_choices":[{"not_picked":["hexamod:GhostLash","hexamod:AdvancingGuard"],"picked":"hexamod:HeatMetal","floor":1.0},{"not_picked":["hexamod:SoulSteal","hexamod:InspiringFlames"],"picked":"hexamod:NightmareGuise","floor":4.0},{"not_picked":["hexamod:SkipABeat","hexamod:GhostflameInferno"],"picked":"hexamod:GhostLash","floor":5.0},{"not_picked":["hexamod:RetreatToShadows","hexamod:EtherealExpedition"],"picked":"hexamod:FirstSeal","floor":7.0},{"not_picked":["hexamod:SwordOfDarkness","hexamod:FastForward"],"picked":"hexamod:GiftsFromTheDead","floor":8.0},{"not_picked":["hexamod:ForkedFlame","hexamod:GhostflameInferno"],"picked":"hexamod:FifthSeal","floor":16.0},{"not_picked":["hexamod:FirstSeal","hexamod:SecondSeal"],"picked":"hexamod:ThirdSeal","floor":18.0},{"not_picked":["hexamod:ShieldOfDarkness","hexamod:NecessarySacrifice"],"picked":"hexamod:GhostOfSpirePast","floor":18.0},{"not_picked":["hexamod:FirstSeal","hexamod:ThirdSeal"],"picked":"hexamod:SecondSeal","floor":22},{"not_picked":["hexamod:GhostflameBarrier","hexamod:ThermalTransfer"],"picked":"hexamod:StepThrough","floor":22},{"not_picked":["hexamod:GhostLash","hexamod:HeatMetal"],"picked":"hexamod:InspiringFlames+1","floor":22},{"not_picked":["hexamod:NightmareStrike","hexamod:HeatShield"],"picked":"hexamod:SwordOfDarkness+1","floor":27},{"not_picked":["hexamod:PhantomFireball","hexamod:GhostShield"],"picked":"hexamod:HexaLevel","floor":27}],"player_experience":3536008,"relics_obtained":[{"floor":8.0,"key":"Pocketwatch"},{"floor":9.0,"key":"Guardian:GemstoneGun"},{"floor":12.0,"key":"Matryoshka"},{"floor":21,"key":"Necronomicon"},{"floor":26,"key":"MealTicket"},{"floor":26,"key":"champ:DuelingGlove"}],"event_choices":[{"damage_healed":0.0,"max_hp_gain":0.0,"max_hp_loss":0.0,"gold_gain":0.0,"cards_transformed":["hexamod:Defend"],"event_name":"Transmorgrifier","player_choice":"Transformed","floor":3.0,"gold_loss":0.0,"damage_taken":0.0,"cards_obtained":["hexamod:SoulSteal"]},{"damage_healed":0.0,"max_hp_gain":0.0,"max_hp_loss":0.0,"gold_gain":0.0,"event_name":"Liars Game","player_choice":"Ignored","floor":10.0,"gold_loss":0.0,"damage_taken":0.0},{"damage_healed":0.0,"max_hp_gain":0.0,"max_hp_loss":0.0,"gold_gain":0.0,"event_name":"Scrap Ooze","player_choice":"Success","floor":14.0,"gold_loss":0.0,"damage_taken":18.0,"relics_obtained":["Gambling Chip"]},{"damage_healed":0.0,"max_hp_gain":0.0,"max_hp_loss":4.0,"gold_gain":0.0,"event_name":"Vampires","player_choice":"Became a vampire","floor":20.0,"gold_loss":0.0,"damage_taken":0.0,"cards_obtained":["Bite"]},{"damage_healed":0,"gold_gain":0,"player_choice":"Obtained Book","damage_taken":21,"max_hp_gain":0,"max_hp_loss":0,"event_name":"Cursed Tome","floor":21,"gold_loss":0},{"damage_healed":0,"gold_gain":0,"player_choice":"Ignored","damage_taken":0,"max_hp_gain":0,"max_hp_loss":0,"event_name":"The Mausoleum","floor":24,"gold_loss":0}],"is_beta":false,"boss_relics":[{"not_picked":["Sozu","SlaversCollar"],"picked":"Philosopher\u0027s Stone"}],"items_purged_floors":[2,19],"is_endless":false,"potions_floor_spawned":[5,7,8,22],"killed_by":"Chosen and Byrds","ascension_level":20}}