{"host":"fzjk61lpi4bwj033","time":1612450930,"event":{"mods":["Ascension Unlocker","BaseMod","Bestiary","Conspire","Hermit","Hubris","Infinite Spire","Jorbs\u0027s Wanderer Trilogy","Minty Spire (QoL Compilation)","Rare Cards Sparkle","Replay The Spire","StSLib","The Jungle"],"gold_per_floor":[112,112,112,112,112,124,199,199,60,71,142,173,152,170,190,190,190,190,190],"floor_reached":18,"language":"ENG","playtime":392,"items_purged":[],"score":224,"play_id":"44f14bf6-9375-4588-87c1-9361f253e827","local_time":"20210204090210","is_ascension_mode":true,"campfire_choices":[{"data":"hermit:Dive","floor":8,"key":"SMITH"},{"data":"hermit:Brawl","floor":17,"key":"SMITH"}],"circlet_count":0,"master_deck":["AscendersBane","hermit:Strike_Hermit","hermit:Strike_Hermit","hermit:Strike_Hermit","hermit:Defend_Hermit","hermit:Defend_Hermit","hermit:Defend_Hermit","hermit:Defend_Hermit","hermit:Snapshot","hermit:Covet","hermit:Deadeye","hermit:Dive+1","hermit:Brawl+1","hermit:Scavenge","hermit:Headshot","hermit:HoleUp","Parasite"],"relics":["hermit:Momento","NeowsBlessing","Gremlin Horn","Pear"],"acts_visited":["Exordium"],"potions_floor_usage":[12,13,15],"damage_taken":[{"damage":0,"enemies":"2 Louse","floor":1,"turns":1},{"damage":0,"enemies":"Cultist","floor":6,"turns":1},{"damage":0,"enemies":"Small Slimes","floor":10,"turns":2},{"damage":31,"enemies":"Lagavulin","floor":12,"turns":7},{"damage":18,"enemies":"Exordium Thugs","floor":13,"turns":4},{"damage":2,"enemies":"Lots of Slimes","floor":14,"turns":4},{"damage":9,"enemies":"Exordium Wildlife","floor":15,"turns":3},{"damage":29,"enemies":"Slime Boss","floor":18,"turns":3}],"seed_played":"7987789681518108416","potions_obtained":[{"floor":10,"key":"ColorlessPotion"},{"floor":12,"key":"Energy Potion"},{"floor":13,"key":"Elixir"},{"floor":15,"key":"Swift Potion"}],"is_trial":false,"path_per_floor":["M","?","?","PTL","PTL","M","?","R","$","M","T","E","M","M","M","?","R","B"],"character_chosen":"HERMIT","items_purchased":["hermit:Brawl","Weak Potion"],"campfire_rested":0,"item_purchase_floors":[9,9],"current_hp_per_floor":[64,64,64,64,64,64,53,53,53,53,53,32,14,12,3,23,23,0,0],"gold":190,"neow_bonus":"THREE_ENEMY_KILL","is_daily":false,"chose_seed":false,"campfire_upgraded":2,"win_rate":0.0,"timestamp":1612450930,"path_taken":["M","?","?","PTL","PTL","?","?","R","$","M","T","E","M","M","M","?","R","BOSS"],"items_purchased_type":["Card","Potion"],"build_version":"2020-12-22","purchased_purges":0,"victory":false,"max_hp_per_floor":[71,71,71,71,71,71,71,71,71,71,71,81,81,81,81,81,81,81,81],"card_choices":[{"not_picked":["hermit:EyeOfTheStorm","hermit:Manifest"],"picked":"hermit:Deadeye","floor":1},{"not_picked":["hermit:HighCaliber","hermit:BodyArmor"],"picked":"hermit:Dive","floor":6},{"not_picked":["hermit:TakeCover","hermit:Roulette","hermit:BodyArmor"],"picked":"SKIP","floor":10},{"not_picked":["hermit:Manifest","hermit:Midnight"],"picked":"hermit:Scavenge","floor":12},{"not_picked":["hermit:EyeOfTheStorm","hermit:Deadeye"],"picked":"hermit:Headshot","floor":13},{"not_picked":["hermit:LuckOfTheDraw","hermit:Grudge","hermit:Feint"],"picked":"SKIP","floor":14},{"not_picked":["hermit:BodyArmor","hermit:Desperado"],"picked":"hermit:HoleUp","floor":15}],"player_experience":785200,"relics_obtained":[{"floor":11,"key":"Gremlin Horn"},{"floor":12,"key":"Pear"}],"event_choices":[{"damage_healed":0,"gold_gain":0,"player_choice":"Leave","damage_taken":0,"max_hp_gain":0,"max_hp_loss":0,"event_name":"The Cleric","floor":2,"gold_loss":0},{"cards_removed":["hermit:Strike_Hermit"],"damage_healed":0,"gold_gain":0,"player_choice":"Offered Basic","damage_taken":0,"max_hp_gain":0,"max_hp_loss":0,"event_name":"Bonfire Elementals","floor":3,"gold_loss":0},{"damage_healed":0,"gold_gain":75,"player_choice":"Gather Gold","damage_taken":11,"max_hp_gain":0,"max_hp_loss":0,"event_name":"World of Goop","floor":7,"gold_loss":0},{"damage_healed":20,"gold_gain":0,"player_choice":"Healed and dodged fight","damage_taken":0,"max_hp_gain":0,"max_hp_loss":0,"event_name":"Mushrooms","floor":16,"gold_loss":0,"cards_obtained":["Parasite"]}],"is_beta":false,"boss_relics":[],"items_purged_floors":[],"is_endless":false,"potions_floor_spawned":[10,12,13,14,15],"killed_by":"Slime Boss","ascension_level":20}}