{"host":"ogbiwxon24ufqu6w","time":1612404081,"event":{"mods":["AchievementEnabler","Aspiration","BaseMod","Beaked The Cultist","Colored Map","Colored Powertips","Conspire","Googly Eyes","Highlight Path","Infinite Spire","Mimic Mod","Minty Spire (QoL Compilation)","Quick Restart","Relic Sorter","Replay The Spire","Shop Mod","StSLib","The IronCluck"],"gold_per_floor":[113,113,113,132,132,166,166,197,197,225,69,79,79,108,108,187,187,204,204,204,124,124,124,142,171,171,187,187,206,206,12,12,12,12],"floor_reached":33,"language":"ENG","playtime":1363,"items_purged":[],"score":637,"play_id":"74b115be-f38a-496f-89d9-89cd0c893f74","local_time":"20210203210121","is_ascension_mode":true,"campfire_choices":[{"data":"Wild Strike","floor":7,"key":"SMITH"},{"floor":15,"key":"REST"},{"floor":23,"key":"REST"},{"data":"Limit Break","floor":28,"key":"SMITH"},{"data":"infinitespire:OneForAll","floor":30,"key":"SMITH"},{"floor":32,"key":"RECALL"}],"circlet_count":0,"master_deck":["AscendersBane","Defend_R","Defend_R","Defend_R","Defend_R","Bash","Wild Strike+1","Fiend Fire","Anger","Second Wind","Limit Break+1","Flex","Metallicize","infinitespire:OneForAll+1","Injury","Run Through+1","Replay:Many Hands","Hemokinesis+1","Bite+1","Bite+1","Bite+1","Bite+1","Bite+1","Necronomicurse","Wild Strike+1","Flex","Rupture","Thunderclap+1","Flex+1"],"relics":["Burning Blood","ReplayTheSpireMod:CursedCoin","NeowsBlessing","Boot","aspiration:SeaSaltIceCream","aspiration:Nostalgia","m_ByrdBlood","Pantograph","Mercury Hourglass","aspiration:EmptySkull","Molten Egg 2","Oddly Smooth Stone","infinitespire:Burning Sword","Necronomicon","Counterbalance","Blue Doll","PreservedInsect"],"acts_visited":["Exordium","TheCity"],"potions_floor_usage":[14,14,33],"damage_taken":[{"damage":0,"enemies":"Cultist","floor":1,"turns":1},{"damage":0,"enemies":"Small Slimes","floor":4,"turns":1},{"damage":0,"enemies":"3 Sentries","floor":6,"turns":1},{"damage":8,"enemies":"Gremlin Nob","floor":8,"turns":3},{"damage":55,"enemies":"3 Sentries","floor":10,"turns":10},{"damage":0,"enemies":"2 Louse","floor":12,"turns":2},{"damage":25,"enemies":"Lagavulin","floor":14,"turns":6},{"damage":66,"enemies":"Slime Boss","floor":16,"turns":12},{"damage":30,"enemies":"3 Byrds","floor":18,"turns":4},{"damage":25,"enemies":"Shell Parasite","floor":24,"turns":2},{"damage":37,"enemies":"Replay:Snechameleon","floor":25,"turns":4},{"damage":15,"enemies":"3 Cultists","floor":27,"turns":5},{"damage":13,"enemies":"Sentry and Sphere","floor":29,"turns":4},{"damage":98,"enemies":"conspire:MysteriousRune","floor":33,"turns":7}],"seed_played":"-8730904312935621386","potions_obtained":[{"floor":4,"key":"Weak Potion"},{"floor":8,"key":"FearPotion"},{"floor":18,"key":"Ancient Potion"},{"floor":24,"key":"LifebloodPotion"}],"is_trial":false,"path_per_floor":["M","?","$","M","?","E","R","E","T","E","$","M","?","E","R","B",null,"M","?","?","?","?","R","M","E","T","M","R","M","R","$","R_BF","B"],"character_chosen":"IRONCLAD","items_purchased":["ReplayTheSpireMod:CursedCoin","Limit Break","Flex","Metallicize","PreservedInsect","Flex+1"],"campfire_rested":2,"item_purchase_floors":[11,11,11,11,31,31],"current_hp_per_floor":[74,75,75,75,75,75,75,75,75,35,35,50,50,43,65,33,65,56,52,52,52,31,46,46,37,37,52,52,52,52,52,52,0,0],"gold":12,"neow_bonus":"THREE_ENEMY_KILL","is_daily":false,"chose_seed":false,"campfire_upgraded":3,"win_rate":0.0,"timestamp":1612404081,"path_taken":["M","?","?","M","?","E","R","E","T","E","$","M","?","E","R","BOSS","M","?","?","?","?","R","M","E","T","?","R","?","R","?","R_BF","BOSS"],"items_purchased_type":["Relic","Card","Card","Card","Relic","Card"],"build_version":"2020-12-22","purchased_purges":0,"victory":false,"max_hp_per_floor":[75,75,75,75,75,75,75,75,75,75,75,75,75,75,75,75,75,75,52,52,52,52,52,52,52,52,52,52,52,52,52,52,52,52],"card_choices":[{"not_picked":["Hemokinesis","Heavy Blade"],"picked":"Carnage","floor":1},{"not_picked":["Heavy Blade","ReplayReversal"],"picked":"Wild Strike","floor":4},{"not_picked":["Sword Boomerang","Sentinel"],"picked":"Fiend Fire","floor":6},{"not_picked":["Life Link","Pommel Strike"],"picked":"Anger","floor":8},{"not_picked":["beaked:WarriorEssence","Demonic Infusion"],"picked":"Second Wind","floor":10},{"not_picked":["beaked:DesperateSwing","Dark Embrace"],"picked":"infinitespire:OneForAll","floor":12},{"not_picked":["Ghostly Armor","Heavy Blade+1"],"picked":"Run Through+1","floor":14},{"not_picked":["Corruption","Brutality"],"picked":"Replay:Many Hands","floor":16},{"not_picked":["Headbutt+1","Heavy Blade+1"],"picked":"Hemokinesis+1","floor":18},{"not_picked":["Run Through+1","Burning Pact+1"],"picked":"Wild Strike+1","floor":24},{"not_picked":["Thunderclap+1","Shrug It Off"],"picked":"Flex","floor":25},{"not_picked":["Twin Strike+1","Disarm"],"picked":"Rupture","floor":27},{"not_picked":["Clash+1","Cleave+1"],"picked":"Thunderclap+1","floor":29}],"player_experience":1281404,"relics_obtained":[{"floor":5,"key":"Boot"},{"floor":6,"key":"aspiration:SeaSaltIceCream"},{"floor":8,"key":"Pantograph"},{"floor":9,"key":"Mercury Hourglass"},{"floor":10,"key":"aspiration:EmptySkull"},{"floor":14,"key":"Oddly Smooth Stone"},{"floor":22,"key":"Necronomicon"},{"floor":25,"key":"Counterbalance"},{"floor":26,"key":"Blue Doll"}],"event_choices":[{"cards_removed":["Carnage"],"damage_healed":1,"gold_gain":0,"player_choice":"Offered Uncommon","damage_taken":0,"max_hp_gain":0,"max_hp_loss":0,"event_name":"Bonfire Elementals","floor":2,"gold_loss":0},{"damage_healed":0,"gold_gain":0,"player_choice":"Became a vampire","damage_taken":0,"max_hp_gain":0,"max_hp_loss":23,"event_name":"Vampires","floor":19,"gold_loss":0,"cards_obtained":["Bite","Bite","Bite","Bite","Bite"]},{"cards_removed":["conspire:NecroticWound"],"damage_healed":0,"gold_gain":0,"player_choice":"Elegance","damage_taken":0,"max_hp_gain":0,"max_hp_loss":0,"event_name":"Back to Basics","floor":20,"gold_loss":0},{"damage_healed":0,"gold_gain":0,"player_choice":"Obtained Book","damage_taken":21,"max_hp_gain":0,"max_hp_loss":0,"event_name":"Cursed Tome","floor":22,"gold_loss":0}],"is_beta":false,"boss_relics":[{"not_picked":["ChewingGum","Kintsugi"],"picked":"infinitespire:Burning Sword"}],"items_purged_floors":[],"is_endless":false,"potions_floor_spawned":[4,8,12,18,24],"killed_by":"conspire:MysteriousRune","ascension_level":19}}