{"host":"at8674jmuidj9jgx","time":1612450622,"event":{"mods":["AchievementEnabler","BaseMod","Colored Map","Colored Powertips","Minty Spire (QoL Compilation)","SuperFastMode"],"gold_per_floor":[112,112,112,112,131,163,163,180,206,239,249,263,290,307,307,412,412,426,426,426,442,456,456,489,501,538,550,578,616,678,715,727,835,847,878,890,902,931,551,551,551,72,98,98,131,145,145,185,185,185],"floor_reached":51,"language":"ENG","playtime":1905,"items_purged":[],"score":1106,"play_id":"4684fbbc-9a5a-4bea-81a2-30b0c15ef1a4","local_time":"20210204175702","is_ascension_mode":true,"campfire_choices":[{"data":"Blood for Blood","floor":7,"key":"SMITH"},{"data":"Infernal Blade","floor":15,"key":"SMITH"},{"data":"Demon Form","floor":23,"key":"SMITH"},{"data":"Limit Break","floor":27,"key":"SMITH"},{"data":"Pommel Strike","floor":32,"key":"SMITH"},{"data":"Mayhem","floor":40,"key":"SMITH"},{"data":"Bash","floor":44,"key":"SMITH"},{"floor":49,"key":"REST"}],"circlet_count":0,"master_deck":["Strike_R","Strike_R","Strike_R","Strike_R","Strike_R","Defend_R","Defend_R","Defend_R","Defend_R","Bash+1","Rampage+1","Pommel Strike+1","Blood for Blood+1","Limit Break+1","Infernal Blade+1","Demon Form+1","Uppercut+1","Shrug It Off+1","Iron Wave+1","Sword Boomerang+1","Twin Strike+1","Mayhem+1","Armaments+1"],"relics":["Burning Blood","PreservedInsect","White Beast Statue","Potion Belt","Bronze Scales","Red Skull","Busted Crown","Du-Vu Doll","MutagenicStrength","MawBank","Juzu Bracelet","Peace Pipe","Pantograph","Mark of Pain","Bird Faced Urn","Ancient Tea Set","Pear","Bag of Marbles","Regal Pillow"],"acts_visited":["Exordium","TheCity","TheBeyond"],"potions_floor_usage":[6,10,13,16,16,16,16,24,24,29,29,31,33,33,33,38,45,47,48,50,50,50,50],"damage_taken":[{"damage":8,"enemies":"Jaw Worm","floor":1,"turns":4},{"damage":4,"enemies":"Cultist","floor":5,"turns":4},{"damage":4,"enemies":"Gremlin Nob","floor":6,"turns":2},{"damage":2,"enemies":"2 Louse","floor":8,"turns":3},{"damage":25,"enemies":"Lagavulin","floor":10,"turns":4},{"damage":11,"enemies":"Blue Slaver","floor":11,"turns":3},{"damage":6,"enemies":"3 Louse","floor":12,"turns":4},{"damage":9,"enemies":"3 Sentries","floor":13,"turns":4},{"damage":22,"enemies":"Large Slime","floor":14,"turns":5},{"damage":38,"enemies":"The Guardian","floor":16,"turns":9},{"damage":13,"enemies":"3 Byrds","floor":18,"turns":3},{"damage":6,"enemies":"Spheric Guardian","floor":21,"turns":3},{"damage":16,"enemies":"Snecko","floor":22,"turns":3},{"damage":0,"enemies":"Book of Stabbing","floor":24,"turns":2},{"damage":7,"enemies":"Chosen and Byrds","floor":28,"turns":4},{"damage":15,"enemies":"Gremlin Leader","floor":29,"turns":4},{"damage":32,"enemies":"Slavers","floor":31,"turns":3},{"damage":32,"enemies":"Collector","floor":33,"turns":5},{"damage":0,"enemies":"3 Shapes","floor":35,"turns":3},{"damage":2,"enemies":"3 Darklings","floor":38,"turns":4},{"damage":13,"enemies":"Reptomancer","floor":45,"turns":2},{"damage":35,"enemies":"4 Shapes","floor":46,"turns":4},{"damage":0,"enemies":"Jaw Worm Horde","floor":47,"turns":1},{"damage":8,"enemies":"Sphere and 2 Shapes","floor":48,"turns":3},{"damage":81,"enemies":"Donu and Deca","floor":50,"turns":6}],"seed_played":"7909384956849838640","potions_obtained":[{"floor":1,"key":"Fire Potion"},{"floor":8,"key":"SpeedPotion"},{"floor":10,"key":"Ancient Potion"},{"floor":11,"key":"SpeedPotion"},{"floor":12,"key":"DuplicationPotion"},{"floor":13,"key":"SpeedPotion"},{"floor":14,"key":"Swift Potion"},{"floor":16,"key":"Fruit Juice"},{"floor":18,"key":"SkillPotion"},{"floor":21,"key":"Swift Potion"},{"floor":22,"key":"Block Potion"},{"floor":24,"key":"Block Potion"},{"floor":28,"key":"LiquidBronze"},{"floor":29,"key":"HeartOfIron"},{"floor":31,"key":"Strength Potion"},{"floor":33,"key":"Block Potion"},{"floor":35,"key":"Swift Potion"},{"floor":38,"key":"SmokeBomb"},{"floor":45,"key":"Dexterity Potion"},{"floor":46,"key":"ColorlessPotion"},{"floor":48,"key":"SkillPotion"}],"is_trial":false,"path_per_floor":["M","?","$","?","M","E","R","M","T","E","M","M","E","M","R","B",null,"M","?","?","M","M","R","E","?","T","R","M","E","?","E","R","B",null,"M","?","?","M","$","R","?","$","T","R","E","M","M","M","R","B",null],"character_chosen":"IRONCLAD","items_purchased":["Bird Faced Urn","Strength Potion","Strength Potion","Ancient Tea Set","Pear","DuplicationPotion"],"campfire_rested":1,"item_purchase_floors":[39,39,39,42,42,42],"current_hp_per_floor":[86,86,86,86,88,88,88,88,88,69,64,64,61,45,45,18,93,86,86,86,86,76,76,82,82,82,82,81,72,72,46,46,45,93,93,93,93,93,93,93,93,103,103,103,96,69,75,75,103,30],"gold":185,"neow_bonus":"TEN_PERCENT_HP_BONUS","is_daily":false,"chose_seed":false,"campfire_upgraded":7,"win_rate":0.0,"timestamp":1612450622,"path_taken":["M","?","?","?","M","E","R","M","T","E","M","M","E","M","R","BOSS","M","?","?","M","M","R","E","?","T","R","M","E","?","E","R","BOSS","M","?","?","M","$","R","?","$","T","R","E","M","M","M","R","BOSS"],"items_purchased_type":["Relic","Potion","Potion","Relic","Relic","Potion"],"build_version":"2020-12-22","purchased_purges":0,"victory":true,"max_hp_per_floor":[88,88,88,88,88,88,88,88,88,88,88,88,88,88,88,93,93,93,93,93,93,93,93,93,93,93,93,93,93,93,93,93,93,93,93,93,93,93,93,93,93,103,103,103,103,103,103,103,103,103],"card_choices":[{"not_picked":["Combust","Pummel"],"picked":"Rampage","floor":1},{"not_picked":["Clothesline","Dark Embrace"],"picked":"Pommel Strike","floor":5},{"not_picked":["Flex","Uppercut"],"picked":"Blood for Blood","floor":6},{"not_picked":["Cleave","Thunderclap"],"picked":"Shrug It Off","floor":8},{"not_picked":["Whirlwind","Heavy Blade"],"picked":"Limit Break","floor":10},{"not_picked":["Sever Soul","Spot Weakness"],"picked":"Infernal Blade","floor":11},{"not_picked":["Armaments","Heavy Blade","Dark Embrace"],"picked":"SKIP","floor":12},{"not_picked":["Shrug It Off","Exhume","Havoc"],"picked":"SKIP","floor":13},{"not_picked":["Warcry","Dual Wield","Clash"],"picked":"SKIP","floor":14},{"not_picked":["Double Tap","Feed"],"picked":"Demon Form","floor":16},{"not_picked":[],"picked":"Uppercut+1","floor":18},{"not_picked":["Clash"],"picked":"SKIP","floor":21},{"not_picked":[],"picked":"Shrug It Off+1","floor":22},{"not_picked":["Body Slam"],"picked":"SKIP","floor":24},{"not_picked":[],"picked":"Iron Wave+1","floor":28},{"not_picked":[],"picked":"Sword Boomerang+1","floor":29},{"not_picked":["Metallicize"],"picked":"SKIP","floor":31},{"not_picked":[],"picked":"Twin Strike+1","floor":35},{"not_picked":[],"picked":"Mayhem","floor":37},{"not_picked":[],"picked":"Armaments+1","floor":38},{"not_picked":["Whirlwind"],"picked":"SKIP","floor":45},{"not_picked":["Iron Wave"],"picked":"SKIP","floor":46},{"not_picked":["Feel No Pain+1"],"picked":"SKIP","floor":48}],"player_experience":126719,"relics_obtained":[{"floor":6,"key":"White Beast Statue"},{"floor":9,"key":"Potion Belt"},{"floor":10,"key":"Bronze Scales"},{"floor":13,"key":"Red Skull"},{"floor":24,"key":"MawBank"},{"floor":26,"key":"Juzu Bracelet"},{"floor":29,"key":"Peace Pipe"},{"floor":31,"key":"Pantograph"},{"floor":43,"key":"Bag of Marbles"},{"floor":45,"key":"Regal Pillow"}],"event_choices":[{"damage_healed":0,"gold_gain":0,"player_choice":"Upgraded","damage_taken":0,"max_hp_gain":0,"max_hp_loss":0,"event_name":"Upgrade Shrine","floor":2,"gold_loss":0,"cards_upgraded":["Rampage"]},{"damage_healed":0,"gold_gain":0,"player_choice":"Box","damage_taken":0,"relics_obtained":["PreservedInsect"],"max_hp_gain":0,"max_hp_loss":0,"event_name":"Big Fish","floor":4,"gold_loss":0,"cards_obtained":["Regret"]},{"damage_healed":0,"gold_gain":0,"player_choice":"Opened","damage_taken":0,"relics_obtained":["Du-Vu Doll"],"max_hp_gain":0,"max_hp_loss":0,"event_name":"The Mausoleum","floor":19,"gold_loss":0},{"damage_healed":0,"gold_gain":0,"player_choice":"Inject Mutagens","damage_taken":0,"relics_obtained":["MutagenicStrength"],"max_hp_gain":0,"max_hp_loss":0,"event_name":"Drug Dealer","floor":20,"gold_loss":0},{"cards_removed":["Regret"],"damage_healed":0,"gold_gain":0,"player_choice":"Elegance","damage_taken":0,"max_hp_gain":0,"max_hp_loss":0,"event_name":"Back to Basics","floor":25,"gold_loss":0},{"damage_healed":0,"gold_gain":100,"player_choice":"Bet on Murderer","damage_taken":0,"max_hp_gain":0,"max_hp_loss":0,"event_name":"The Joust","floor":30,"gold_loss":50},{"damage_healed":0,"gold_gain":0,"player_choice":"Ignored","damage_taken":0,"max_hp_gain":0,"max_hp_loss":0,"event_name":"Tomb of Lord Red Mask","floor":36,"gold_loss":0},{"damage_healed":0,"gold_gain":0,"player_choice":"Memory 1","damage_taken":0,"max_hp_gain":0,"max_hp_loss":0,"event_name":"SensoryStone","floor":37,"gold_loss":0},{"cards_removed":["Shrug It Off"],"damage_healed":0,"gold_gain":0,"player_choice":"Removed Skill","damage_taken":0,"max_hp_gain":0,"max_hp_loss":0,"event_name":"Falling","floor":41,"gold_loss":0}],"is_beta":false,"boss_relics":[{"not_picked":["Philosopher\u0027s Stone","Tiny House"],"picked":"Busted Crown"},{"not_picked":["Empty Cage","Snecko Eye"],"picked":"Mark of Pain"}],"items_purged_floors":[],"is_endless":false,"potions_floor_spawned":[1,8,10,11,12,13,14,16,18,21,22,24,28,29,31,33,35,38,45,46,47,48],"ascension_level":4}}