{"host":"hszimsrtxxc2k25w","time":1612474118,"event":{"mods":["AchievementEnabler","BaseMod","Colored Map","DeckTracker","Minty Spire (QoL Compilation)","Rare Cards Sparkle","SuperFastMode"],"gold_per_floor":[110,120,120,132,160,172,200,212,269,292,322,484,496,60,60,60,60],"floor_reached":16,"language":"KOR","playtime":269,"items_purged":["Strike_G"],"score":184,"play_id":"86ba7984-6219-4926-9901-a87de82a8eb9","local_time":"20210205062838","is_ascension_mode":true,"campfire_choices":[{"data":"Blade Dance","floor":6.0,"key":"SMITH"},{"data":"Neutralize","floor":8.0,"key":"SMITH"},{"data":"Footwork","floor":15.0,"key":"SMITH"}],"circlet_count":0,"master_deck":["AscendersBane","Strike_G","Strike_G","Strike_G","Strike_G","Defend_G","Defend_G","Defend_G","Defend_G","Defend_G","Survivor","Neutralize+1","Blade Dance+1","Cloak And Dagger+1","Backflip","Die Die Die","Dagger Throw","Footwork+1"],"relics":["Ring of the Snake","NeowsBlessing","MawBank","Blood Vial","Boot","MealTicket"],"acts_visited":["Exordium"],"potions_floor_usage":[],"damage_taken":[{"damage":0.0,"enemies":"Jaw Worm","floor":1.0,"turns":1.0},{"damage":0.0,"enemies":"Small Slimes","floor":2.0,"turns":1.0},{"damage":0.0,"enemies":"Cultist","floor":5.0,"turns":1.0},{"damage":0.0,"enemies":"2 Fungi Beasts","floor":7.0,"turns":4.0},{"damage":1.0,"enemies":"Looter","floor":10.0,"turns":4.0},{"damage":1.0,"enemies":"Exordium Wildlife","floor":11.0,"turns":2.0},{"damage":38,"enemies":"Slime Boss","floor":16,"turns":7}],"seed_played":"-6146622587636072699","potions_obtained":[{"floor":7.0,"key":"EssenceOfSteel"},{"floor":10.0,"key":"Regen Potion"}],"is_trial":false,"path_per_floor":["M","M","?","?","M","R","M","R","T","M","M","?","?","$","R","B"],"character_chosen":"THE_SILENT","items_purchased":["Footwork","Boot","MealTicket"],"campfire_rested":0,"item_purchase_floors":[14,14,14],"current_hp_per_floor":[59,59,41,41,41,41,41,41,41,42,43,43,36,36,36,0,0],"gold":60,"neow_bonus":"THREE_ENEMY_KILL","is_daily":false,"chose_seed":false,"campfire_upgraded":3,"win_rate":0.0,"timestamp":1612474118,"path_taken":["M","M","?","?","?","R","M","R","T","M","M","?","?","?","R","BOSS"],"items_purchased_type":["Card","Relic","Relic"],"build_version":"2020-12-22","purchased_purges":1,"victory":false,"max_hp_per_floor":[66,66,66,66,66,66,66,66,66,66,66,66,66,66,66,66,66],"card_choices":[{"not_picked":["Dagger Throw","Deflect"],"picked":"Blade Dance","floor":1.0},{"not_picked":["Concentrate","Sucker Punch"],"picked":"Cloak And Dagger","floor":2.0},{"not_picked":["Flechettes","Dodge and Roll"],"picked":"Backflip","floor":5.0},{"not_picked":["Sucker Punch","Dodge and Roll","Riddle With Holes"],"picked":"SKIP","floor":7.0},{"not_picked":["Deadly Poison","Escape Plan"],"picked":"Die Die Die","floor":10.0},{"not_picked":["Distraction","Calculated Gamble"],"picked":"Dagger Throw","floor":11.0}],"player_experience":665051,"relics_obtained":[{"floor":9.0,"key":"Blood Vial"}],"event_choices":[{"damage_healed":0.0,"max_hp_gain":0.0,"max_hp_loss":0.0,"gold_gain":0.0,"event_name":"Scrap Ooze","player_choice":"Success","floor":3.0,"gold_loss":0.0,"damage_taken":18.0,"relics_obtained":["MawBank"]},{"damage_healed":0.0,"max_hp_gain":0.0,"max_hp_loss":0.0,"gold_gain":0.0,"event_name":"Accursed Blacksmith","player_choice":"Forge","floor":4.0,"gold_loss":0.0,"damage_taken":0.0,"cards_upgraded":["Cloak And Dagger"]},{"damage_healed":0.0,"max_hp_gain":0.0,"max_hp_loss":0.0,"gold_gain":150.0,"event_name":"Liars Game","player_choice":"AGREE","floor":12.0,"gold_loss":0.0,"damage_taken":0.0,"cards_obtained":["Doubt"]},{"cards_removed":["Doubt"],"damage_healed":0.0,"max_hp_gain":0.0,"max_hp_loss":0.0,"gold_gain":0.0,"event_name":"Golden Wing","player_choice":"Card Removal","floor":13.0,"gold_loss":0.0,"damage_taken":7.0}],"is_beta":false,"boss_relics":[],"items_purged_floors":[14],"is_endless":false,"potions_floor_spawned":[7,10],"killed_by":"Slime Boss","ascension_level":20}}