{"host":"ywbsnexmk111etbw","time":1612474917,"event":{"mods":["100% Spire Juice","Act Like it!","Arknights","Aspiration","BaseMod","Beaked The Cultist","Colored Powertips","Conspire","Curses Come First","Energized Spire","Fireblade Mod","Fox Events","Hubris","Infinite Spire","Jorbs\u0027s Wanderer Trilogy","Marisa????????","Minty Spire (QoL Compilation)","Pale of the Ancients","Permanent Neow","Reliquary","Replay The Spire","Reworked Bosses","Robot Space Explorer","StSLib","The Blackbeard","The Bladedancer","The Blue Laboratory","The Cursed","The Dragon Tamer","The Marked","The Mystic","The Necromancer","The Saiyan","Wandering Minibosses"],"gold_per_floor":[115,115,115,190,205,205,239,250,250,400,400,400,400],"floor_reached":11,"language":"ENG","playtime":433,"items_purged":[],"score":146,"play_id":"14bd9b21-c5b4-4ba9-a232-569d6338968b","local_time":"20210204164157","is_ascension_mode":false,"metric_token":2195,"campfire_choices":[{"data":"DTMod:DragonDance","floor":6,"key":"SMITH"}],"dtmod_dragon_data":[6,50,-1,-1,0,0],"circlet_count":0,"master_deck":["conspire:GhostlyStrike","conspire:GhostlyStrike","conspire:GhostlyStrike","conspire:GhostlyStrike","DTMod:DoubleHit","conspire:GhostlyDefend","conspire:GhostlyDefend+1","conspire:GhostlyDefend","conspire:GhostlyDefend","DTMod:SwitchingTactic","DTMod:Threaten","DTMod:DragonDance+1","DTMod:BalancedStrike","DTMod:FlameSlash","hubris:Gluttony"],"relics":["DTMod:PactStone","HornCleat","reliquary:Knoch","hubris:FruitBowl","ReplayTheSpireMod:CursedCoin"],"acts_visited":["Exordium"],"potions_floor_usage":[11],"damage_taken":[{"damage":0,"enemies":"Small Slimes","floor":1,"turns":4},{"damage":0,"enemies":"Jaw Worm","floor":5,"turns":3},{"damage":0,"enemies":"Lagavulin","floor":7,"turns":6},{"damage":0,"enemies":"conspire:RoseBush","floor":8,"turns":3},{"damage":0,"enemies":"3 Sentries","floor":11,"turns":11}],"seed_played":"-4415638390488038124","potions_obtained":[{"floor":5,"key":"SteroidPotion"}],"is_trial":false,"path_per_floor":["M","?","?","?","M","R","E","M","T","$","E"],"character_chosen":"THE_DT","items_purchased":["hubris:FruitBowl","ReplayTheSpireMod:CursedCoin"],"campfire_rested":0,"item_purchase_floors":[10,10],"current_hp_per_floor":[45,45,45,34,34,34,34,34,34,15,15,15,15],"gold":400,"neow_bonus":"RANDOM_EVENT","is_daily":false,"chose_seed":false,"campfire_upgraded":1,"win_rate":0.0,"timestamp":1612474917,"path_taken":["M","?","?","?","M","R","E","M","T","?","E"],"items_purchased_type":["Relic","Relic"],"build_version":"2020-12-22","purchased_purges":0,"victory":false,"max_hp_per_floor":[45,45,45,45,45,45,45,45,45,45,45,45,45],"card_choices":[{"not_picked":["DTMod:LowKick","DTMod:SneakAttack"],"picked":"DTMod:Threaten","floor":1},{"not_picked":["DTMod:BlazingStrike","DTMod:BalancedStrike"],"picked":"DTMod:DragonDance","floor":5},{"not_picked":["DTMod:CleansingStrike","DTMod:TauntingStrike"],"picked":"DTMod:BalancedStrike","floor":7},{"not_picked":["DTMod:BreakAttack","DTMod:WarmUp"],"picked":"DTMod:FlameSlash","floor":8}],"player_experience":171997,"relics_obtained":[{"floor":7,"key":"HornCleat"},{"floor":9,"key":"reliquary:Knoch"}],"event_choices":[{"damage_healed":0,"gold_gain":0,"player_choice":"Agree","damage_taken":0,"max_hp_gain":0,"max_hp_loss":0,"event_name":"conspire:LoneGhost","floor":2,"gold_loss":0},{"damage_healed":0,"gold_gain":0,"player_choice":"Leave","damage_taken":0,"max_hp_gain":0,"max_hp_loss":0,"event_name":"The Cleric","floor":3,"gold_loss":0},{"damage_healed":0,"gold_gain":75,"player_choice":"Gather Gold","damage_taken":11,"max_hp_gain":0,"max_hp_loss":0,"event_name":"World of Goop","floor":4,"gold_loss":0}],"is_beta":false,"boss_relics":[],"items_purged_floors":[],"is_endless":false,"potions_floor_spawned":[5],"killed_by":"3 Sentries","ascension_level":0}}