{"host":"fortuna","time":1612448741,"event":{"mods":["100% Spire Juice","Act Like it!","Arknights","BaseMod","Downfall","Gensokyo","Hallownest","Luminous","Minty Spire (QoL Compilation)","Reimu£®≤©¿ˆ¡È√Œ£©","Relic Stats","StSLib","The Administrix","Waifu the Spire","WarShipGirlsR/’ΩΩ¢…Ÿ≈ÆR mod","Yakumo Yukari mod"],"gold_per_floor":[136,156,156,168,168,201,201,230,230,230,230,250,285,285,285,381,381,397,407,407,407,421,421,421,447,521,122,157,170,215,215,215,315,315,333,7,7,17,17,17,48,59,84,110,72,83,118,133,133,133,133,133,59,85,85],"floor_reached":56,"language":"ZHS","playtime":2409,"items_purged":["AT_purpleEX","AT_purpleEX"],"score":1714,"play_id":"f4d2ebb4-7297-414d-b35b-86a638f4bdaf","local_time":"20210204222541","is_ascension_mode":true,"campfire_choices":[{"floor":7.0,"key":"REST"},{"data":"EighthInstrument_OneDividesIntoTwo_purple","floor":10.0,"key":"SMITH"},{"floor":15.0,"key":"REST"},{"data":"ProofOfUnderstanding_purple","floor":23.0,"key":"SMITH"},{"data":"Apotheosis","floor":32.0,"key":"SMITH"},{"data":"RuleDissolution_purple","floor":40,"key":"SMITH"},{"floor":49,"key":"RECALL"},{"data":"WingOfChimera_purple","floor":52,"key":"SMITH"}],"circlet_count":0,"master_deck":["AT_purpleEX+1","AT_purpleEX","Defend_purpleEX","Defend_purpleEX","Defend_purpleEX","Defend_purpleEX","Observe_purple_1","Observe_purple_2","EighthInstrument_OneDividesIntoTwo_purple+1","StateErode_purple","WeekHit_purple+1","Erosivefilter_purple","StateDuplicate_purple","Boundary_DreamRealityDamnation_purple","ProofOfUnderstanding_purple+1","MNeedle_purple+1","Shallow_ocean_purpleEX+1","RuleDissolution_purple+1","ExistenceContinue_purple+1","Apotheosis+1","Mirror_FourBoundary_purple+1","WorldDissolvedintheRealm_purple","OmniscientAndOmnipotent_Monster_purple","DimensionStaggered_purple+1","OpenedBox_purple","GluttonyofRealm_purpleEX","DarkRealmRedLine_purple+1","Mirror_FourBoundary_purple+1","PurpleNeedle_purple","StateErode_purple+1","WingOfChimera_purple+1","CommonSense_AntiCommonSense_purple+1","Charmbait_purple","DimensionStaggered_purple+1","CommonSense_AntiCommonSense_purple+1"],"relics":["Boundary_crack","Memoryfragments_purpleEX","NeowsBlessing","Hallownest:DreamNailRelic","Hallownest:TeacherSealRelic","Centennial Puzzle","ThegodofHakurei_purpleEX","Mastiff:ReiMu","Blue Candle","Sozu","Bag of Preparation","Frozen Egg 2","MealTicket","InkBottle","Art of War","Red Mask","RedLine:ReiMu","Bronze Scales","Anchor","Blood Vial","Mercury Hourglass","Mummified Hand","Shuriken"],"acts_visited":["Hallownest:Greenpath","Hallownest:CityofTears","Hallownest:KingdomsEdge","TheEnding"],"potions_floor_usage":[],"damage_taken":[{"damage":0.0,"enemies":"Hallownest:2_Tiktiks_and_1_Crawlid","floor":1.0,"turns":2.0},{"damage":0.0,"enemies":"Hallownest:monsterHuskGuard","floor":2.0,"turns":1.0},{"damage":0.0,"enemies":"Hallownest:2_MossCreeps","floor":4.0,"turns":2.0},{"damage":53.0,"enemies":"Hallownest:eliteCrystalGuardian","floor":6.0,"turns":6.0},{"damage":12.0,"enemies":"Hallownest:eliteMossKnight","floor":8.0,"turns":4.0},{"damage":9.0,"enemies":"Hallownest:1_Ooma_and_2_Uuma","floor":12.0,"turns":5.0},{"damage":13.0,"enemies":"Hallownest:eliteCrystalGuardian","floor":13.0,"turns":3.0},{"damage":8.0,"enemies":"Hallownest:BossBrokenVessel","floor":16.0,"turns":6.0},{"damage":1.0,"enemies":"Hallownest:2_Mistakes","floor":18.0,"turns":3.0},{"damage":9.0,"enemies":"Hallownest:Guard_and_Sentry","floor":19.0,"turns":4.0},{"damage":2.0,"enemies":"Hallownest:monsterShrumalOgre","floor":22.0,"turns":2.0},{"damage":26.0,"enemies":"Hallownest:eliteSoulWarrior","floor":25.0,"turns":5.0},{"damage":0.0,"enemies":"Hallownest:Nosk","floor":28.0,"turns":2.0},{"damage":0.0,"enemies":"Hallownest:2_Flukemon","floor":29.0,"turns":4.0},{"damage":0.0,"enemies":"Hallownest:Glutton_and_Coward","floor":30.0,"turns":3.0},{"damage":13.0,"enemies":"Hallownest:BossGrimm","floor":33.0,"turns":3.0},{"damage":0,"enemies":"Hallownest:2_Littles","floor":35,"turns":2},{"damage":0,"enemies":"Hallownest:3_Siblings","floor":38,"turns":3},{"damage":0,"enemies":"Hallownest:StalkingDevout","floor":41,"turns":3},{"damage":0,"enemies":"Hallownest:2_Wandering_and_1_Horned","floor":42,"turns":3},{"damage":0,"enemies":"Hallownest:eliteCollector","floor":44,"turns":3},{"damage":0,"enemies":"Hallownest:2_Soldiers_and_1_Guardian","floor":46,"turns":2},{"damage":0,"enemies":"Hallownest:StalkingDevout","floor":47,"turns":2},{"damage":0,"enemies":"Hallownest:2_Great","floor":48,"turns":2},{"damage":26,"enemies":"Hallownest:BossHollowKnight","floor":50,"turns":5},{"damage":0,"enemies":"Shield and Spear","floor":54,"turns":3},{"damage":28,"enemies":"The Heart","floor":55,"turns":4}],"seed_played":"6688583326186599229","potions_obtained":[{"floor":6.0,"key":"Weak Potion"},{"floor":8.0,"key":"FearPotion"},{"floor":16.0,"key":"SkillPotion"}],"is_trial":false,"path_per_floor":["M","M","?","M","?","E","R","E","T","R","?","M","E","?","R","B",null,"M","M","?","?","M","R","T","E","T","$","E","M","M","?","R","B",null,"M","$","?","M","$","R","E","M","T","E","$","M","E","M","R","B",null,"R","$","E","B",null],"character_chosen":"Youkari","items_purchased":["Apotheosis","Mirror_FourBoundary_purple+1","WorldDissolvedintheRealm_purple","OmniscientAndOmnipotent_Monster_purple","Mirror_FourBoundary_purple+1","Bronze Scales","CommonSense_AntiCommonSense_purple+1","CommonSense_AntiCommonSense_purple+1"],"campfire_rested":2,"item_purchase_floors":[27,27,27,27,36,36,45,53],"current_hp_per_floor":[70,70,70,70,70,20,41,29,29,29,29,21,10,5,26,18,57,57,49,49,54,53,53,53,28,28,43,45,45,46,46,46,36,62,65,70,70,70,70,70,70,74,74,74,74,74,74,74,74,52,69,69,74,74,48],"gold":85,"neow_bonus":"THREE_ENEMY_KILL","is_daily":false,"chose_seed":false,"campfire_upgraded":5,"win_rate":0.0,"timestamp":1612448741,"path_taken":["M","M","?","?","?","E","R","E","T","R","?","?","E","?","R","BOSS","M","?","?","?","?","R","?","E","T","$","E","M","M","?","R","BOSS","M","?","?","M","$","R","E","M","T","E","$","M","E","M","R","BOSS","R","$","E","BOSS"],"items_purchased_type":["Card","Card","Card","Card","Card","Relic","Card","Card"],"build_version":"2020-12-18","purchased_purges":2,"victory":true,"max_hp_per_floor":[70,70,70,70,70,70,70,70,70,70,70,70,70,70,70,70,70,70,70,70,70,70,70,70,70,70,70,70,70,70,70,70,70,70,70,70,70,70,70,70,70,74,74,74,74,74,74,74,74,74,74,74,74,74,74],"relic_stats":{"counters":[27,87],"Blue Candle":[0],"Bag of Preparation":[34],"Mercury Hourglass":[74],"Sozu":9,"Blood Vial":0,"Centennial Puzzle":[30],"Mummified Hand":[21],"Shuriken":[2],"Bronze Scales":[157],"MealTicket":25,"Art of War":[2],"obtain_stats":[{"NeowsBlessing":0,"ThegodofHakurei_purpleEX":8,"Blue Candle":14,"Hallownest:DreamNailRelic":3,"Bag of Preparation":20,"Boundary_crack":0,"Frozen Egg 2":24,"RedLine:ReiMu":34,"Mercury Hourglass":44,"Sozu":17,"Blood Vial":43,"Centennial Puzzle":6,"Anchor":41,"Mastiff:ReiMu":13,"Mummified Hand":47,"Shuriken":54,"Bronze Scales":36,"MealTicket":25,"Art of War":28,"Red Mask":31,"Hallownest:TeacherSealRelic":5,"InkBottle":26,"Memoryfragments_purpleEX":0},{"NeowsBlessing":0,"ThegodofHakurei_purpleEX":5,"Blue Candle":7,"Hallownest:DreamNailRelic":2,"Bag of Preparation":10,"Boundary_crack":0,"Frozen Egg 2":11,"RedLine:ReiMu":16,"Mercury Hourglass":21,"Sozu":8,"Blood Vial":20,"Centennial Puzzle":4,"Anchor":19,"Mastiff:ReiMu":7,"Mummified Hand":23,"Shuriken":26,"Bronze Scales":17,"MealTicket":12,"Art of War":13,"Red Mask":15,"Hallownest:TeacherSealRelic":3,"InkBottle":12,"Memoryfragments_purpleEX":0},{"NeowsBlessing":0,"ThegodofHakurei_purpleEX":15,"Blue Candle":23,"Hallownest:DreamNailRelic":3,"Bag of Preparation":36,"Boundary_crack":0,"Frozen Egg 2":38,"RedLine:ReiMu":55,"Mercury Hourglass":69,"Sozu":29,"Blood Vial":66,"Centennial Puzzle":11,"Anchor":63,"Mastiff:ReiMu":23,"Mummified Hand":73,"Shuriken":83,"Bronze Scales":57,"MealTicket":43,"Art of War":45,"Red Mask":52,"Hallownest:TeacherSealRelic":5,"InkBottle":43,"Memoryfragments_purpleEX":0}],"InkBottle":[24]},"card_choices":[{"not_picked":["MeetDecomposer_purple","StateDuplicate_purple"],"picked":"EighthInstrument_OneDividesIntoTwo_purple","floor":1.0},{"not_picked":["Worldmountain_purple","MeetDecomposer_purple"],"picked":"StateErode_purple","floor":2.0},{"not_picked":["Boundary_ObjectiveBoundary_purple","Bait_Toxicbait_purple","SfantasyHide_purple"],"picked":"SKIP","floor":4.0},{"not_picked":["MonsterNeedle_purple","Mirror_WaveAndshot_purple"],"picked":"WeekHit_purple","floor":6.0},{"not_picked":["Boundary_ObjectiveBoundary_purple","Worldmountain_purple"],"picked":"Erosivefilter_purple","floor":8.0},{"not_picked":["Mirror_FormAndEmptin_purple","WeekHit_purple"],"picked":"StateDuplicate_purple","floor":12.0},{"not_picked":["Realm_recovery_purpleEX","Boundary_DynamicStaticEquilibrium_purple"],"picked":"Boundary_DreamRealityDamnation_purple","floor":13.0},{"not_picked":["Price_of_realm_purpleEX","Know_ledgeAbilityRealm_purple"],"picked":"ProofOfUnderstanding_purple","floor":16.0},{"not_picked":["WingOfChimera_purple","Realm_recovery_purpleEX"],"picked":"MNeedle_purple+1","floor":18.0},{"not_picked":["PositiveMatter_Antimatter_Universe_purple","Mirror_FormAndEmptin_purple"],"picked":"Shallow_ocean_purpleEX+1","floor":19.0},{"not_picked":["SharpContractionReality_purple","Mirror_FormAndEmptin_purple"],"picked":"RuleDissolution_purple","floor":22.0},{"not_picked":["Umbrella_purple","Erosivefilter_purple"],"picked":"ExistenceContinue_purple+1","floor":25.0},{"not_picked":["WeekHit_purple","StateDuplicate_purple","WasteWire_Metro_purple"],"picked":"SKIP","floor":28.0},{"not_picked":["Umbrella_purple","WorldDissolvedintheRealm_purple"],"picked":"DimensionStaggered_purple+1","floor":29.0},{"not_picked":["Photoelasticity_Doppler_Effect_purple","PositiveMatter_Antimatter_Universe_purple"],"picked":"OpenedBox_purple","floor":30.0},{"not_picked":["BarrageBoundary_PipeDream_purple","Price_of_realm_purpleEX"],"picked":"GluttonyofRealm_purpleEX","floor":33.0},{"not_picked":["MeetDecomposer_purple+1","DimensionStaggered_purple"],"picked":"DarkRealmRedLine_purple+1","floor":35},{"not_picked":["MNeedle_purple+1","EighthInstrument_OneDividesIntoTwo_purple"],"picked":"PurpleNeedle_purple","floor":38},{"not_picked":["Worldmountain_purple","Boundary_DynamicStaticEquilibrium_purple"],"picked":"StateErode_purple+1","floor":41},{"not_picked":["AdvanceAttack_purple","Mirror_WaveAndshot_purple","Worldmountain_purple"],"picked":"SKIP","floor":42},{"not_picked":["StretchesForeverDream_purple","SfantasyHide_purple+1"],"picked":"WingOfChimera_purple","floor":44},{"not_picked":["Mirror_WaveAndshot_purple","MagicEyes_LaplaceDemon_purple"],"picked":"Charmbait_purple","floor":46},{"not_picked":["DarkRealmRedLine_purple","MonsterNeedle_purple"],"picked":"DimensionStaggered_purple+1","floor":47},{"not_picked":["StateDuplicate_purple","Mirror_FormAndEmptin_purple+1","Realm_recovery_purpleEX+1"],"picked":"SKIP","floor":48},{"not_picked":["ButterflyHabitatTemple_purple","Worldmountain_purple"],"picked":"UniverseChoice_purple+1","floor":54}],"player_experience":320768,"relics_obtained":[{"floor":6.0,"key":"Centennial Puzzle"},{"floor":8.0,"key":"ThegodofHakurei_purpleEX"},{"floor":13.0,"key":"Mastiff:ReiMu"},{"floor":24.0,"key":"Frozen Egg 2"},{"floor":25.0,"key":"MealTicket"},{"floor":26.0,"key":"InkBottle"},{"floor":28.0,"key":"Art of War"},{"floor":41,"key":"Anchor"},{"floor":43,"key":"Blood Vial"},{"floor":44,"key":"Mercury Hourglass"},{"floor":47,"key":"Mummified Hand"},{"floor":54,"key":"Shuriken"}],"event_choices":[],"is_beta":true,"boss_relics":[{"not_picked":["Velvet Choker","Empty Cage"],"picked":"Sozu"},{"not_picked":["Black Star","Calling Bell"],"picked":"RedLine:ReiMu"}],"items_purged_floors":[27,36],"is_endless":false,"potions_floor_spawned":[6,8,16,18,22,28,29,33,35,38,41,48],"ascension_level":5}}