{"host":"92wx9z21c4p52du4","time":1612478209,"event":{"mods":["BaseMod","Downfall","Hermit","Minty Spire (QoL Compilation)","Reliquary","StSLib","The Hierophant"],"gold_per_floor":[99,399,399,399,399,425,507,115,131,131,165,175,175,193,210,308,308,308,321,321,339,339,339,339,0,31,31,31,31],"floor_reached":27,"language":"ENG","playtime":1293,"items_purged":["downfall:Icky","downfall:Icky"],"score":262,"play_id":"08140d70-958c-49a6-8c10-7c2d136e3e70","local_time":"20210204163649","is_ascension_mode":false,"campfire_choices":[{"data":"hexamod:Float","floor":1,"key":"SMITH"},{"data":"hexamod:FastForward","floor":13,"key":"SMITH"},{"data":"hexamod:SearingWound","floor":18,"key":"SMITH"},{"floor":23,"key":"REST"}],"circlet_count":0,"master_deck":["hexamod:Sear","hexamod:Float+1","hexamod:ExtraCrispy","hexamod:SuperheatedStrike","hexamod:TimeOfNeed+1","hexamod:FastForward+1","hexamod:RadiantFlame","hexamod:ChargedBarrage+1","hexamod:SkipABeat","downfall:Malfunctioning","hexamod:WildfireWeapon","hexamod:DynamicBlow","hexamod:SpectralSpark","hexamod:HeatCrush","hexamod:VolcanoVisage","hexamod:GhostShield","hexamod:BurningTouch","hexamod:FlamesFromBeyond","hexamod:SearingWound+1","hexamod:SkipABeat","hexamod:VolcanoVisage","hexamod:HexaLevel","hexamod:FourthSeal","hexamod:SpectralSpark","Pride","hexamod:HeatShield","Necronomicurse","hexamod:Hexaguard","Apotheosis","hexamod:ExtraCrispy","hexamod:SixthSeal"],"relics":["hexamod:SpiritBrand","downfall:HeartsMalice","reliquary:PartyBalloon","reliquary:QuartzCube","Blood Vial","Pantograph","Pandora\u0027s Box","reliquary:RosewoodLute","Necronomicon","Bottled Flame","Ancient Tea Set"],"acts_visited":["Exordium","TheCity"],"potions_floor_usage":[12,21,21,25,25,26],"damage_taken":[{"damage":0,"enemies":"2 Louse","floor":4,"turns":1},{"damage":0,"enemies":"Jaw Worm","floor":5,"turns":1},{"damage":0,"enemies":"Lagavulin","floor":6,"turns":1},{"damage":0,"enemies":"downfall:FleeingMerchant","floor":8,"turns":4},{"damage":0,"enemies":"Cultist","floor":9,"turns":3},{"damage":33,"enemies":"3 Sentries","floor":11,"turns":8},{"damage":5,"enemies":"2 Fungi Beasts","floor":12,"turns":4},{"damage":10,"enemies":"Blue Slaver","floor":14,"turns":3},{"damage":11,"enemies":"3 Louse","floor":15,"turns":4},{"damage":24,"enemies":"WA_ARCHETYPE_RETAIN","floor":16,"turns":6},{"damage":5,"enemies":"Chosen","floor":19,"turns":4},{"damage":35,"enemies":"Shell Parasite","floor":21,"turns":5},{"damage":10,"enemies":"downfall:FleeingMerchant","floor":25,"turns":4},{"damage":28,"enemies":"Slavers","floor":26,"turns":4},{"damage":22,"enemies":"Sentry and Sphere","floor":27,"turns":3}],"seed_played":"-2278301135685868608","potions_obtained":[{"floor":3,"key":"LiquidMemories"},{"floor":3,"key":"DuplicationPotion"},{"floor":3,"key":"sneckomod:MuddlingPotion"},{"floor":11,"key":"Energy Potion"},{"floor":12,"key":"BlessingOfTheForge"},{"floor":21,"key":"BlessingOfTheForge"},{"floor":21,"key":"Regen Potion"},{"floor":25,"key":"DuplicationPotion"},{"floor":26,"key":"FearPotion"}],"is_trial":false,"path_per_floor":["R","?","?","M","M","E","T","$","M","?","E","M","R","M","M","B",null,"R","M","?","M","?","R","T","$","E","M"],"character_chosen":"THE_SPIRIT","items_purchased":["hexamod:FastForward","hexamod:RadiantFlame","hexamod:ChargedBarrage","Blood Vial","Apotheosis","hexamod:ExtraCrispy"],"campfire_rested":1,"item_purchase_floors":[8,8,8,8,25,25],"current_hp_per_floor":[70,70,70,70,70,70,70,70,70,70,37,34,34,26,17,20,70,70,65,65,32,16,37,37,43,17,0,0,0],"gold":31,"neow_bonus":"THREE_ENEMY_KILL","is_daily":false,"chose_seed":false,"campfire_upgraded":3,"win_rate":0.0,"timestamp":1612478209,"path_taken":["R","?","?","?","M","E","T","$","M","?","E","M","R","M","M","BOSS","R","M","?","M","?","R","T","$","E","M"],"items_purchased_type":["Card","Card","Card","Relic","Card","Card"],"build_version":"2020-12-22","purchased_purges":2,"victory":false,"max_hp_per_floor":[70,70,70,70,70,70,70,70,70,70,70,70,70,70,70,70,70,70,70,70,70,70,70,70,70,70,70,70,70],"card_choices":[{"not_picked":["hexamod:DynamicBlow","hexamod:SkipABeat"],"picked":"hexamod:ExtraCrispy","floor":4},{"not_picked":["hexamod:InspiringFlames","hexamod:SwordOfDarkness"],"picked":"hexamod:SuperheatedStrike","floor":5},{"not_picked":["hexamod:RetreatToShadows","hexamod:EtherealExpedition"],"picked":"hexamod:TimeOfNeed","floor":6},{"not_picked":["hexamod:HauntingEcho","hexamod:ShieldOfDarkness","hexamod:GhostOfSpireFuture"],"picked":"SKIP","floor":8},{"not_picked":["hexamod:SwordOfDarkness","hexamod:ThermalTransfer"],"picked":"hexamod:SkipABeat","floor":9},{"not_picked":["hexamod:Rewind","hexamod:HeatMetal"],"picked":"hexamod:WildfireWeapon","floor":11},{"not_picked":["hexamod:BacktrackSmack","hexamod:ThermalTransfer"],"picked":"hexamod:DynamicBlow","floor":12},{"not_picked":["hexamod:PhantomCloak","hexamod:NightmareGuise"],"picked":"hexamod:SpectralSpark","floor":14},{"not_picked":["hexamod:NightmareGuise","hexamod:HeatMetal"],"picked":"hexamod:HeatCrush","floor":15},{"not_picked":["hexamod:UnlimitedPower","hexamod:TurnItUp"],"picked":"hexamod:VolcanoVisage","floor":16},{"not_picked":["hexamod:RainOfEmbers","hexamod:ThermalTransfer"],"picked":"hexamod:SpectralSpark","floor":19},{"not_picked":["hexamod:SuperheatedStrike","hexamod:PhantomFireball"],"picked":"hexamod:HeatShield","floor":21},{"not_picked":["hexamod:GhostOfSpireFuture+1","hexamod:Again"],"picked":"hexamod:Hexaguard","floor":25},{"not_picked":["hexamod:GhostLash","hexamod:GhostShield"],"picked":"hexamod:SixthSeal","floor":26}],"player_experience":269658,"relics_obtained":[{"floor":6,"key":"reliquary:PartyBalloon"},{"floor":7,"key":"reliquary:QuartzCube"},{"floor":11,"key":"Pantograph"},{"floor":22,"key":"Necronomicon"},{"floor":24,"key":"Bottled Flame"},{"floor":26,"key":"Ancient Tea Set"}],"event_choices":[{"damage_healed":0,"gold_gain":0,"player_choice":"Got Potions","damage_taken":0,"max_hp_gain":0,"max_hp_loss":0,"event_name":"Lab","floor":3,"gold_loss":0},{"damage_healed":0,"gold_gain":0,"player_choice":"Stole Relic","damage_taken":0,"relics_obtained":["reliquary:RosewoodLute"],"max_hp_gain":0,"max_hp_loss":0,"event_name":"Addict","floor":20,"gold_loss":0,"cards_obtained":["Pride"]}],"is_beta":false,"boss_relics":[{"not_picked":["hexamod:IceCube","Busted Crown"],"picked":"Pandora\u0027s Box"}],"items_purged_floors":[8,25],"is_endless":false,"potions_floor_spawned":[6,9,11,12,21,26],"killed_by":"Sentry and Sphere","ascension_level":0}}