{"host":"eedodlo27pfhzv3w","time":1612436327,"event":{"mods":["BaseMod","Colored Map","Downfall","Minty Spire (QoL Compilation)","StSLib","SuperFastMode","The Death Knight","The Necromancer","Yuri Mod"],"gold_per_floor":[99,119,78,78,96,113,140,150,150,182,182,213,213,29,39,134,134,134,147,147,166,181,181,181,193,232,264,287,94,94,229,245,349,399,299,310,410,410,410,410,464,476,488,488,192,192,225,225,235,235,235,235],"floor_reached":50,"language":"ENG","playtime":2781,"items_purged":[],"score":555,"play_id":"f6e7d08f-8136-4b1b-afb8-8f8c935fbdba","local_time":"20210204115847","is_ascension_mode":false,"campfire_choices":[{"data":"bronze:Goto","floor":1.0,"key":"SMITH"},{"floor":9.0,"key":"REST"},{"floor":13.0,"key":"REST"},{"data":"bronze:Assembly","floor":18.0,"key":"SMITH"},{"floor":23.0,"key":"REST"},{"floor":35,"key":"RECALL"},{"floor":46,"key":"REST"},{"floor":48,"key":"REST"}],"circlet_count":0,"master_deck":["bronze:Strike","bronze:Strike","bronze:Strike+1","bronze:Defend","bronze:Defend","bronze:Defend","bronze:Defend","bronze:Replicate+1","bronze:Goto+1","bronze:DelayedSlice","bronze:DigitalCarnage","bronze:DelayedGuard","bronze:Overheat","bronze:Safeguard","bronze:Repair","bronze:Assembly+1","bronze:Explode","bronze:ChosenStrike+1","bronze:HardenedForm+1","bronze:Iterate","expansioncontent:QuickStudy","bronze:WhirlingStrike","bronze:Virus","bronze:NullPointer+1","bronze:ChildClass","bronze:CutThrough","bronze:WhirlingStrike","bronze:HyperBeam","bronze:DarkDash","bronze:ChosenStrike","bronze:BitShift+1","bronze:ClassDefault+1","expansioncontent:Hexaburn+1","bronze:ChosenStrike","bronze:AlphaBuild","bronze:OilSpill+1","bronze:Branch+1","bronze:Shield+1","bronze:DelayedGuard","expansioncontent:AwakenDeath+1","bronze:Shield+1","bronze:Invalidate","expansioncontent:StudyTheSpire+1","bronze:Overheat+1","bronze:WildBeam+1"],"relics":["bronze:PlatinumCore","Calipers","Frozen Egg 2","Juzu Bracelet","MawBank","Vajra","Membership Card","bronze:BottledCode","bronze:SilverBullet","Bronze Scales","Tiny House","downfall:HeartBlessingBlue","White Beast Statue","Bag of Preparation","Letter Opener","Strange Spoon","Bottled Lightning"],"acts_visited":["Exordium","TheCity","TheBeyond"],"potions_floor_usage":[31,36,37,43,43,43,47,49,50],"damage_taken":[{"damage":1.0,"enemies":"2 Louse","floor":2.0,"turns":3.0},{"damage":10.0,"enemies":"downfall:FleeingMerchant","floor":3.0,"turns":4.0},{"damage":1.0,"enemies":"Jaw Worm","floor":5.0,"turns":2.0},{"damage":0.0,"enemies":"Small Slimes","floor":6.0,"turns":3.0},{"damage":11.0,"enemies":"Gremlin Gang","floor":8.0,"turns":4.0},{"damage":18.0,"enemies":"3 Sentries","floor":10.0,"turns":7.0},{"damage":0.0,"enemies":"3 Sentries","floor":11.0,"turns":2.0},{"damage":20.0,"enemies":"Gremlin Nob","floor":12.0,"turns":4.0},{"damage":3.0,"enemies":"downfall:FleeingMerchant","floor":14.0,"turns":4.0},{"damage":0.0,"enemies":"Lots of Slimes","floor":15.0,"turns":1.0},{"damage":13.0,"enemies":"SI_SHIV_ARCHETYPE","floor":16.0,"turns":10.0},{"damage":17.0,"enemies":"Shell Parasite","floor":19.0,"turns":4.0},{"damage":6.0,"enemies":"Spheric Guardian","floor":21.0,"turns":3.0},{"damage":0.0,"enemies":"Snecko","floor":22.0,"turns":2.0},{"damage":6.0,"enemies":"Centurion and Healer","floor":27.0,"turns":3.0},{"damage":2.0,"enemies":"Sentry and Sphere","floor":28.0,"turns":3.0},{"damage":0,"enemies":"downfall:FleeingMerchant","floor":29,"turns":4},{"damage":1,"enemies":"downfall:FleeingMerchant","floor":31,"turns":3},{"damage":0,"enemies":"Snecko","floor":32,"turns":3},{"damage":44,"enemies":"DF_ARCHETYPE_CLAW","floor":33,"turns":6},{"damage":3,"enemies":"Orb Walker","floor":36,"turns":3},{"damage":16,"enemies":"downfall:LadyInBlue","floor":37,"turns":9},{"damage":0,"enemies":"3 Shapes","floor":42,"turns":1},{"damage":35,"enemies":"Writhing Mass","floor":43,"turns":4},{"damage":64,"enemies":"Giant Head","floor":47,"turns":8},{"damage":6,"enemies":"Spire Growth","floor":49,"turns":2},{"damage":40,"enemies":"IC_BLOCK_ARCHETYPE","floor":50,"turns":2}],"seed_played":"5538666921737614270","potions_obtained":[{"floor":5.0,"key":"LiquidMemories"},{"floor":8.0,"key":"sneckomod:MuddlingPotion"},{"floor":10.0,"key":"EssenceOfSteel"},{"floor":12.0,"key":"Dexterity Potion"},{"floor":16.0,"key":"SpeedPotion"},{"floor":21.0,"key":"SteroidPotion"},{"floor":22.0,"key":"sneckomod:MuddlingPotion"},{"floor":27.0,"key":"bronze:CleanCodePotion"},{"floor":34,"key":"sneckomod:MuddlingPotion"},{"floor":37,"key":"Weak Potion"},{"floor":37,"key":"DeathKnight:RimePotion"},{"floor":37,"key":"GamblersBrew"},{"floor":37,"key":"PowerPotion"},{"floor":43,"key":"SkillPotion"},{"floor":47,"key":"DistilledChaos"},{"floor":49,"key":"Fire Potion"}],"is_trial":false,"path_per_floor":["R","M","$","?","M","M","T","M","R","E","?","E","R","$","M","B",null,"R","M","?","M","M","R","T","?","T","M","M","$","?","$","M","B",null,"R","M","?","?","?","?","T","M","M","?","$","R","E","R","M","B"],"character_chosen":"THE_AUTOMATON","items_purchased":["bronze:DelayedGuard","expansioncontent:QuickStudy","Membership Card","bronze:ChosenStrike","bronze:SilverBullet","Bronze Scales","bronze:ClassDefault+1","expansioncontent:Hexaburn","Letter Opener","expansioncontent:StudyTheSpire","Strange Spoon"],"campfire_rested":5,"item_purchase_floors":[3,14,29,29,31,31,31,31,45,45,45],"current_hp_per_floor":[77,76,66,59,58,58,58,47,70,59,59,46,69,73,73,67,77,77,67,53,47,54,78,78,78,78,72,70,77,72,71,71,27,77,87,84,68,68,68,68,68,68,33,33,33,59,2,28,22,0,0,0],"gold":235,"neow_bonus":"TEN_PERCENT_HP_BONUS","is_daily":false,"chose_seed":false,"campfire_upgraded":2,"win_rate":0.0,"timestamp":1612436327,"path_taken":["R","M","$","?","M","M","T","M","R","E","?","E","R","$","M","BOSS","R","M","?","M","M","R","T","?","?","M","M","$","?","?","M","BOSS","R","M","?","?","?","?","T","M","M","?","$","R","E","R","M","BOSS"],"items_purchased_type":["Card","Card","Relic","Card","Relic","Relic","Card","Card","Relic","Card","Relic"],"build_version":"2020-12-22","purchased_purges":0,"victory":false,"max_hp_per_floor":[77,77,77,77,77,77,77,77,77,77,77,77,77,77,77,77,77,77,77,82,82,82,82,82,82,82,82,82,82,72,72,72,72,77,87,87,87,87,87,87,87,87,87,87,87,87,87,87,87,87,87,87],"card_choices":[{"not_picked":["bronze:Fortify","bronze:MaxOutput"],"picked":"bronze:DelayedSlice","floor":2.0},{"not_picked":["bronze:Shield","bronze:Overload"],"picked":"bronze:DigitalCarnage","floor":3.0},{"not_picked":["bronze:Shield","bronze:DelayedGuard"],"picked":"bronze:Overheat","floor":5.0},{"not_picked":["bronze:ForLoop","bronze:BugBarrage"],"picked":"bronze:Safeguard","floor":6.0},{"not_picked":["bronze:Repulsor","bronze:BugBarrage"],"picked":"bronze:Repair","floor":8.0},{"not_picked":["bronze:Fortify","bronze:Repair"],"picked":"bronze:Assembly","floor":10.0},{"not_picked":[],"picked":"bronze:Explode","floor":11.0},{"not_picked":["bronze:Frontload","bronze:ForceShield"],"picked":"bronze:ChosenStrike","floor":11.0},{"not_picked":["bronze:Branch","bronze:ForLoop"],"picked":"bronze:HardenedForm+1","floor":12.0},{"not_picked":["bronze:Boost","bronze:DelayedSlice"],"picked":"bronze:Iterate","floor":14.0},{"not_picked":["bronze:BuggyMess","bronze:Turbo"],"picked":"bronze:WhirlingStrike","floor":15.0},{"not_picked":["bronze:BurnOut","bronze:HardenedForm+1"],"picked":"bronze:Virus","floor":16.0},{"not_picked":["bronze:Deprecate+1","bronze:Frontload"],"picked":"bronze:NullPointer","floor":19.0},{"not_picked":["bronze:Allocate","bronze:OilSpill"],"picked":"bronze:ChildClass","floor":21.0},{"not_picked":["bronze:WhirlingStrike","bronze:Repulsor+1"],"picked":"bronze:CutThrough","floor":22.0},{"not_picked":["bronze:BuggyMess+1","bronze:BugBarrage"],"picked":"bronze:WhirlingStrike","floor":27.0},{"not_picked":["bronze:Boost","bronze:CutThrough"],"picked":"bronze:HyperBeam","floor":28.0},{"not_picked":["bronze:DelayedGuard","bronze:MaxOutput+1"],"picked":"bronze:DarkDash","floor":29},{"not_picked":["bronze:Shield","bronze:Branch"],"picked":"bronze:BitShift+1","floor":31},{"not_picked":["bronze:DelayedSlice","bronze:Return"],"picked":"bronze:ChosenStrike","floor":32},{"not_picked":["bronze:Assembly","bronze:Virus"],"picked":"bronze:AlphaBuild","floor":33},{"not_picked":["bronze:BugBarrage","bronze:CutThrough"],"picked":"bronze:OilSpill+1","floor":34},{"not_picked":["bronze:MaxOutput+1","bronze:Overheat"],"picked":"bronze:Branch+1","floor":36},{"not_picked":["bronze:Invalidate","bronze:DelayedSlice+1"],"picked":"bronze:Shield+1","floor":37},{"not_picked":["expansioncontent:YouAreMine","expansioncontent:Hexaburn"],"picked":"expansioncontent:AwakenDeath","floor":39},{"not_picked":["bronze:Frontload","bronze:Return"],"picked":"bronze:Shield+1","floor":42},{"not_picked":["bronze:MaxOutput+1","bronze:BitShift+1"],"picked":"bronze:Invalidate","floor":43},{"not_picked":["bronze:FineTuning","bronze:Fortify"],"picked":"bronze:Overheat+1","floor":47},{"not_picked":["bronze:Return+1","bronze:HardenedForm+1"],"picked":"bronze:WildBeam+1","floor":49}],"player_experience":205609,"relics_obtained":[{"floor":10.0,"key":"Frozen Egg 2"},{"floor":12.0,"key":"Juzu Bracelet"},{"floor":24.0,"key":"MawBank"},{"floor":26.0,"key":"Vajra"},{"floor":37,"key":"White Beast Statue"},{"floor":41,"key":"Bag of Preparation"},{"floor":47,"key":"Bottled Lightning"}],"event_choices":[{"damage_healed":0.0,"max_hp_gain":0.0,"max_hp_loss":0.0,"gold_gain":0.0,"event_name":"Scrap Ooze","player_choice":"Success","floor":4.0,"gold_loss":0.0,"damage_taken":7.0,"relics_obtained":["Calipers"]},{"damage_healed":0.0,"max_hp_gain":0.0,"max_hp_loss":0.0,"gold_gain":0.0,"event_name":"The Library","player_choice":"Read","floor":25.0,"gold_loss":0.0,"damage_taken":0.0,"cards_obtained":["bronze:Overheat"]},{"cards_removed":["bronze:Overheat"],"damage_healed":0,"gold_gain":0,"player_choice":"Removed Attack","damage_taken":0,"max_hp_gain":0,"max_hp_loss":0,"event_name":"Falling","floor":40,"gold_loss":0}],"is_beta":false,"boss_relics":[{"not_picked":["Calling Bell","Runic Pyramid"],"picked":"bronze:PlatinumCore"},{"not_picked":["Empty Cage","Coffee Dripper"],"picked":"Tiny House"}],"items_purged_floors":[],"is_endless":false,"potions_floor_spawned":[5,8,10,12,16,21,22,27,37,42,43,47,49],"killed_by":"IC_BLOCK_ARCHETYPE","ascension_level":0}}