{"host":"dvpvhz1t6etneyb3","time":1612452880,"event":{"mods":["AchievementEnabler","BaseMod","Colored Map","Highlight Path","Minty Spire (QoL Compilation)","Permanent Neow","Quick Restart"],"gold_per_floor":[114,126,143,160,170,199,199,525,525,537,537,537,537,564,564,641,641,657,657,15,30,30,30,30],"floor_reached":23,"language":"ENG","playtime":1060,"items_purged":[],"score":472,"play_id":"a7b96af3-ad63-48fe-beb4-7fc4e76a234f","local_time":"20210204103440","is_ascension_mode":true,"campfire_choices":[{"floor":7.0,"key":"REST"},{"data":"Capacitor","floor":13.0,"key":"SMITH"},{"data":"Dualcast","floor":15.0,"key":"SMITH"}],"circlet_count":0,"master_deck":["AscendersBane","Strike_B","Strike_B","Defend_B","Defend_B","Defend_B","Defend_B","Zap","Dualcast+1","Capacitor+1","Cold Snap","Chaos+1","Doom and Gloom","Ball Lightning","Glacier","Glacier","Compile Driver","Buffer","Loop"],"relics":["Cracked Core","Nunchaku","Old Coin","Mango","Ancient Tea Set","Symbiotic Virus","Inserter","Gambling Chip","Happy Flower","OrangePellets"],"acts_visited":["TheCity"],"potions_floor_usage":[23,23],"damage_taken":[{"damage":1.0,"enemies":"Cultist","floor":1.0,"turns":4.0},{"damage":1.0,"enemies":"2 Louse","floor":2.0,"turns":2.0},{"damage":10.0,"enemies":"Jaw Worm","floor":3.0,"turns":6.0},{"damage":9.0,"enemies":"Exordium Wildlife","floor":4.0,"turns":2.0},{"damage":13.0,"enemies":"Lots of Slimes","floor":5.0,"turns":3.0},{"damage":11.0,"enemies":"Lagavulin","floor":6.0,"turns":6.0},{"damage":6.0,"enemies":"3 Sentries","floor":8.0,"turns":7.0},{"damage":0.0,"enemies":"Looter","floor":10.0,"turns":4.0},{"damage":0.0,"enemies":"Lagavulin","floor":14.0,"turns":6.0},{"damage":20.0,"enemies":"Hexaghost","floor":16.0,"turns":10.0},{"damage":2.0,"enemies":"Spheric Guardian","floor":18.0,"turns":5.0},{"damage":45,"enemies":"3 Byrds","floor":21,"turns":7},{"damage":35,"enemies":"Slavers","floor":23,"turns":3}],"seed_played":"2132764130405251887","potions_obtained":[{"floor":1.0,"key":"BlessingOfTheForge"},{"floor":2.0,"key":"SpeedPotion"},{"floor":5.0,"key":"DuplicationPotion"},{"floor":6.0,"key":"BlessingOfTheForge"},{"floor":8.0,"key":"ColorlessPotion"},{"floor":21,"key":"BlessingOfTheForge"}],"is_trial":false,"path_per_floor":["M","M","M","M","M","E","R","E","T","M","?","T","R","E","R","B",null,"M","?","$","M","?","E"],"character_chosen":"DEFECT","items_purchased":["Gambling Chip","Happy Flower","OrangePellets"],"campfire_rested":1,"item_purchase_floors":[20,20,20],"current_hp_per_floor":[63,62,52,43,30,19,40,34,48,48,48,48,48,48,48,28,71,69,69,69,24,24,0,0],"gold":30,"neow_bonus":"TRANSFORM_CARD","is_daily":false,"chose_seed":false,"campfire_upgraded":2,"win_rate":0.0,"timestamp":1612452880,"path_taken":["M","M","?","M","M","E","R","E","T","M","?","?","R","E","R","BOSS","M","?","$","M","?","E"],"items_purchased_type":["Relic","Relic","Relic"],"build_version":"2020-12-22","purchased_purges":0,"victory":false,"max_hp_per_floor":[71,71,71,71,71,71,71,71,85,85,85,85,85,85,85,85,85,85,85,85,85,85,85,85],"card_choices":[{"not_picked":["Skim","Steam"],"picked":"Cold Snap","floor":1.0},{"not_picked":["Leap","Redo"],"picked":"Chaos","floor":2.0},{"not_picked":["Sunder","Turbo"],"picked":"Doom and Gloom","floor":3.0},{"not_picked":["Recycle","Force Field"],"picked":"Ball Lightning","floor":4.0},{"not_picked":["Heatsinks","Conserve Battery"],"picked":"Glacier","floor":5.0},{"not_picked":["Leap","Fusion","Barrage"],"picked":"SKIP","floor":6.0},{"not_picked":["Conserve Battery","Cold Snap"],"picked":"Glacier","floor":8.0},{"not_picked":["Redo","Recycle"],"picked":"Compile Driver","floor":10.0},{"not_picked":["Hyperbeam","Stack","Skim"],"picked":"SKIP","floor":14.0},{"not_picked":["Multi-Cast","All For One"],"picked":"Buffer","floor":16.0},{"not_picked":["Gash+1","Ball Lightning"],"picked":"Loop","floor":18.0},{"not_picked":["Compile Driver","Coolheaded","Rebound"],"picked":"SKIP","floor":21}],"player_experience":2143084,"relics_obtained":[{"floor":6.0,"key":"Nunchaku"},{"floor":8.0,"key":"Old Coin"},{"floor":9.0,"key":"Mango"},{"floor":12.0,"key":"Ancient Tea Set"},{"floor":14.0,"key":"Symbiotic Virus"}],"event_choices":[{"damage_healed":0.0,"max_hp_gain":0.0,"max_hp_loss":0.0,"gold_gain":0.0,"event_name":"Living Wall","player_choice":"Grow","floor":11.0,"gold_loss":0.0,"damage_taken":0.0,"cards_upgraded":["Chaos"]},{"damage_healed":0.0,"max_hp_gain":0.0,"max_hp_loss":0.0,"gold_gain":0.0,"event_name":"Vampires","player_choice":"Ignored","floor":19.0,"gold_loss":0.0,"damage_taken":0.0},{"cards_removed":["Strike_B"],"damage_healed":0,"gold_gain":0,"player_choice":"Purged","damage_taken":0,"max_hp_gain":0,"max_hp_loss":0,"event_name":"Purifier","floor":22,"gold_loss":0}],"is_beta":false,"boss_relics":[{"not_picked":["Tiny House","Busted Crown"],"picked":"Inserter"}],"items_purged_floors":[],"is_endless":false,"potions_floor_spawned":[1,2,5,6,8,21],"killed_by":"Slavers","ascension_level":20}}