{"host":"c4psiqwczhd30bq5","time":1612467346,"event":{"mods":["Act Like it!","Aspiration","BaseMod","BetterRewards","Conspire","Downfall","Hallownest","Hubris","Minty Spire (QoL Compilation)","StSLib"],"gold_per_floor":[118,118,142,142,154,154,329,347,347,44,63,92,92,108,108,205,205,222,222,234,234,249,276,276,289,289,301,313,325,347,375,387,500,512,540,570,582,582],"floor_reached":37,"language":"ENG","playtime":1560,"items_purged":["Doubt"],"score":539,"play_id":"2c9043e3-a1d0-4f4d-80c0-0c8b9f3023fc","local_time":"20210204203546","is_ascension_mode":true,"campfire_choices":[{"data":"hubris:ReadiedAction","floor":6,"key":"SMITH"},{"floor":15,"key":"REST"},{"data":"Limit Break","floor":24,"key":"SMITH"},{"data":"Ghostly","floor":29,"key":"SMITH"},{"data":"Ghostly","floor":32,"key":"SMITH"}],"circlet_count":0,"master_deck":["Strike_R+1","Strike_R","Strike_R","Strike_R","Strike_R+1","Defend_R","Defend_R","Defend_R","Defend_R","Bash","Limit Break+1","conspire:Charge","Injury","hubris:ReadiedAction+1","Seeing Red","Twin Strike+1","Headbutt+1","conspire:HitWhereItHurts+1","Inflame","Rampage+1","Reaper+1","Armaments","Flash of Steel+1","Rage","Anger+1","hubris:CleavingFinish+1","Ghostly+1","Ghostly+1","Ghostly","Ghostly","Ghostly","hubris:StunningStrike+1","conspire:Charge+1","Immolate+1","Iron Wave+1","Ghostly Armor+1"],"relics":["Burning Blood","Molten Egg 2","Blood Vial","Shuriken","Gremlin Horn","Vajra","hubris:ScarierMask","hubris:BottledHeart","Ancient Tea Set","MawBank","Nloth\u0027s Gift","conspire:SpecialSausage"],"acts_visited":["Exordium","TheCity","TheBeyond"],"potions_floor_usage":[16,20,37,37],"damage_taken":[{"damage":0,"enemies":"conspire:RoseBush","floor":1,"turns":5},{"damage":6,"enemies":"Jaw Worm","floor":5,"turns":3},{"damage":0,"enemies":"2 Louse","floor":8,"turns":2},{"damage":10,"enemies":"Exordium Wildlife","floor":11,"turns":5},{"damage":26,"enemies":"Lagavulin","floor":12,"turns":4},{"damage":6,"enemies":"Large Slime","floor":14,"turns":4},{"damage":53,"enemies":"The Guardian","floor":16,"turns":8},{"damage":38,"enemies":"Shell Parasite","floor":18,"turns":5},{"damage":15,"enemies":"Chosen","floor":20,"turns":4},{"damage":0,"enemies":"Centurion and Healer","floor":22,"turns":3},{"damage":0,"enemies":"Book of Stabbing","floor":23,"turns":4},{"damage":0,"enemies":"Snecko","floor":25,"turns":4},{"damage":0,"enemies":"conspire:HollyBat","floor":30,"turns":9},{"damage":0,"enemies":"Cultist and Chosen","floor":31,"turns":4},{"damage":0,"enemies":"hubris:MusketHawk","floor":33,"turns":9},{"damage":0,"enemies":"3 Darklings","floor":35,"turns":3},{"damage":0,"enemies":"Orb Walker","floor":36,"turns":3},{"damage":10,"enemies":"Writhing Mass","floor":37,"turns":4}],"seed_played":"-1322677825886766678","potions_obtained":[{"floor":5,"key":"Explosive Potion"},{"floor":8,"key":"BloodPotion"},{"floor":12,"key":"Energy Potion"},{"floor":16,"key":"FairyPotion"},{"floor":20,"key":"BloodPotion"},{"floor":31,"key":"Ancient Potion"},{"floor":36,"key":"hexamod:SoulburnPotion"}],"is_trial":false,"path_per_floor":["M","?","T","?","M","R","?","M","T","$","M","E","T","M","R","B",null,"M","?","M","?","M","E","R","M","T","?","?","R","M","M","R","B",null,"M","M","M"],"character_chosen":"IRONCLAD","items_purchased":["Twin Strike+1","Strange Spoon","Headbutt+1"],"campfire_rested":1,"item_purchase_floors":[10,10,10],"current_hp_per_floor":[80,80,80,64,66,66,66,74,74,74,72,54,54,56,80,33,80,48,48,63,1,1,1,1,1,1,1,1,1,1,1,1,1,1,1,1,0,0],"gold":582,"neow_bonus":"ONE_RANDOM_RARE_CARD","is_daily":false,"chose_seed":false,"campfire_upgraded":4,"win_rate":0.0,"timestamp":1612467346,"path_taken":["M","?","?","?","?","R","?","M","T","$","M","E","?","M","R","BOSS","M","?","?","?","M","E","R","M","T","?","?","R","M","?","R","BOSS","M","M","M"],"items_purchased_type":["Card","Relic","Card"],"build_version":"2020-12-22","purchased_purges":1,"victory":false,"max_hp_per_floor":[80,80,80,80,80,80,80,80,80,80,80,80,80,80,80,80,80,80,80,80,1,1,1,1,1,1,1,1,1,1,1,1,1,1,1,1,1,1],"card_choices":[{"not_picked":["Headbutt","Battle Trance"],"picked":"conspire:Charge","floor":1},{"not_picked":["hubris:SharpeningStone","Shrug It Off"],"picked":"hubris:ReadiedAction","floor":5},{"not_picked":["hubris:ReadiedAction","Heavy Blade+1"],"picked":"Seeing Red","floor":8},{"not_picked":["Perfected Strike+1","Shrug It Off"],"picked":"conspire:HitWhereItHurts+1","floor":11},{"not_picked":["Battle Trance","hubris:CleavingFinish+1"],"picked":"Inflame","floor":12},{"not_picked":["Whirlwind+1","Second Wind"],"picked":"Rampage+1","floor":14},{"not_picked":["Double Tap","Corruption"],"picked":"Reaper+1","floor":16},{"not_picked":["Carnage+1","hubris:ReadiedAction"],"picked":"Armaments","floor":18},{"not_picked":["Flame Barrier","Sentinel"],"picked":"Rage","floor":20},{"not_picked":["Havoc+1","Shrug It Off"],"picked":"Anger+1","floor":22},{"not_picked":["Twin Strike+1","Anger+1"],"picked":"hubris:CleavingFinish+1","floor":23},{"not_picked":["Battle Trance","True Grit+1","Sentinel"],"picked":"SKIP","floor":25},{"not_picked":["Cleave+1","Burning Pact+1"],"picked":"hubris:StunningStrike+1","floor":30},{"not_picked":["Searing Blow+1","Flame Barrier"],"picked":"conspire:Charge+1","floor":31},{"not_picked":["Bludgeon+1","Limit Break"],"picked":"Immolate+1","floor":33},{"not_picked":["Headbutt+1","Anger+1"],"picked":"Iron Wave+1","floor":35},{"not_picked":["Body Slam+1","Cleave+1"],"picked":"Ghostly Armor+1","floor":36}],"player_experience":267966,"relics_obtained":[{"floor":3,"key":"Blood Vial"},{"floor":9,"key":"Shuriken"},{"floor":12,"key":"Gremlin Horn"},{"floor":13,"key":"Vajra"},{"floor":23,"key":"Ancient Tea Set"},{"floor":26,"key":"MawBank"}],"event_choices":[{"damage_healed":0,"gold_gain":0,"player_choice":"Entered Light","damage_taken":16,"max_hp_gain":0,"max_hp_loss":0,"event_name":"Shining Light","floor":4,"gold_loss":0,"cards_upgraded":["Strike_R","Strike_R"]},{"damage_healed":0,"gold_gain":175,"player_choice":"AGREE","damage_taken":0,"max_hp_gain":0,"max_hp_loss":0,"event_name":"Liars Game","floor":7,"gold_loss":0,"cards_obtained":["Doubt"]},{"damage_healed":0,"gold_gain":0,"player_choice":"1 cards matched","damage_taken":0,"max_hp_gain":0,"max_hp_loss":0,"event_name":"Match and Keep!","floor":19,"gold_loss":0,"cards_obtained":["Flash of Steel"]},{"damage_healed":0,"gold_gain":0,"player_choice":"Became a Ghost","damage_taken":0,"max_hp_gain":0,"max_hp_loss":0,"event_name":"Ghosts","floor":27,"gold_loss":0,"cards_obtained":["Ghostly","Ghostly","Ghostly","Ghostly","Ghostly"]},{"damage_healed":0,"gold_gain":0,"player_choice":"Traded Relic","damage_taken":0,"relics_obtained":["Nloth\u0027s Gift"],"max_hp_gain":0,"max_hp_loss":0,"event_name":"N\u0027loth","floor":28,"relics_lost":["Strange Spoon"],"gold_loss":0}],"is_beta":false,"boss_relics":[{"not_picked":["Ectoplasm","Sozu"],"picked":"hubris:ScarierMask"},{"not_picked":["Black Star","Pandora\u0027s Box"],"picked":"conspire:SpecialSausage"}],"items_purged_floors":[10],"is_endless":false,"potions_floor_spawned":[5,8,12,16,20,22,31,36],"killed_by":"Writhing Mass","ascension_level":1}}