{"host":"vyjryxuuuxkt43k4","time":1612400857,"event":{"mods":["AchievementEnabler","BaseMod","Colored Map","DeckTracker","Keyboard Shortcuts","Minty Spire (QoL Compilation)","Permanent Neow","Quick Restart","Rare Cards Sparkle","Relic Stats","StSLib","SuperFastMode","everything is the same but u backflip on backflip"],"gold_per_floor":[112,126,143,143,31,31,63,63,63,13,13,40,40,68,68,167,167,179,179,191,191,208,208,208],"floor_reached":23,"language":"KOR","playtime":1722,"items_purged":["Strike_B"],"score":346,"play_id":"f0b16296-dacc-49d4-b5ea-2ccc15434c4c","local_time":"20210204100737","is_ascension_mode":true,"campfire_choices":[{"data":"Zap","floor":6.0,"key":"SMITH"},{"data":"Defragment","floor":8.0,"key":"SMITH"},{"floor":11.0,"key":"REST"},{"data":"Creative AI","floor":15.0,"key":"SMITH"}],"circlet_count":0,"master_deck":["AscendersBane","Strike_B","Defend_B","Defend_B","Defend_B","Defend_B","Zap+1","Dualcast","Hello World","Defragment+1","FTL","Ball Lightning","Defragment","Coolheaded","Reboot","Creative AI+1","Amplify","Defragment+1","Defragment+1","Aggregate"],"relics":["Cracked Core","Bottled Tornado","Meat on the Bone","Nunchaku","Potion Belt","FaceOfCleric","Mummified Hand","Inserter"],"acts_visited":["Exordium","TheCity"],"potions_floor_usage":[],"damage_taken":[{"damage":0.0,"enemies":"Cultist","floor":1.0,"turns":4.0},{"damage":8.0,"enemies":"Jaw Worm","floor":2.0,"turns":4.0},{"damage":4.0,"enemies":"2 Louse","floor":3.0,"turns":4.0},{"damage":37.0,"enemies":"Lagavulin","floor":7.0,"turns":5.0},{"damage":6.0,"enemies":"Gremlin Nob","floor":12.0,"turns":3.0},{"damage":5.0,"enemies":"3 Sentries","floor":14.0,"turns":5.0},{"damage":31.0,"enemies":"The Guardian","floor":16.0,"turns":7.0},{"damage":7.0,"enemies":"Spheric Guardian","floor":18.0,"turns":3.0},{"damage":15.0,"enemies":"Shell Parasite","floor":20.0,"turns":5.0},{"damage":8.0,"enemies":"Cultist and Chosen","floor":22.0,"turns":4.0},{"damage":56,"enemies":"Slavers","floor":23,"turns":3}],"seed_played":"3615590389433413570","potions_obtained":[{"floor":1.0,"key":"Fire Potion"},{"floor":3.0,"key":"Energy Potion"}],"is_trial":false,"path_per_floor":["M","M","M","T","$","R","E","R","T","?","R","E","?","E","R","B",null,"M","?","M","?","M","E"],"character_chosen":"DEFECT","items_purchased":["Defragment"],"campfire_rested":1,"item_purchase_floors":[5],"current_hp_per_floor":[68,60,56,56,56,56,19,19,19,19,41,47,47,43,43,25,64,58,58,44,44,49,0,0],"gold":208,"neow_bonus":"TRANSFORM_CARD","is_daily":false,"chose_seed":false,"campfire_upgraded":3,"win_rate":0.0,"timestamp":1612400857,"path_taken":["M","M","M","?","$","R","E","R","T","?","R","E","?","E","R","BOSS","M","?","M","?","M","E"],"items_purchased_type":["Card"],"build_version":"2020-12-22","purchased_purges":1,"victory":false,"max_hp_per_floor":[75,75,75,75,75,75,75,75,75,75,75,75,75,76,76,77,77,78,78,79,79,80,80,80],"relic_stats":{"Nunchaku":[3],"Inserter":[7],"FaceOfCleric":5,"counters":[11,47],"Mummified Hand":[32],"obtain_stats":[{"Potion Belt":12,"Nunchaku":9,"Inserter":17,"FaceOfCleric":13,"Mummified Hand":14,"Bottled Tornado":4,"Cracked Core":0,"Meat on the Bone":7},{"Potion Belt":5,"Nunchaku":4,"Inserter":7,"FaceOfCleric":5,"Mummified Hand":6,"Bottled Tornado":3,"Cracked Core":0,"Meat on the Bone":4},{"Potion Belt":20,"Nunchaku":17,"Inserter":32,"FaceOfCleric":20,"Mummified Hand":25,"Bottled Tornado":12,"Cracked Core":0,"Meat on the Bone":17}],"Meat on the Bone":36},"card_choices":[{"not_picked":["Recycle","Cold Snap"],"picked":"Defragment","floor":1.0},{"not_picked":["Blizzard","Double Energy"],"picked":"FTL","floor":2.0},{"not_picked":["Gash","Rebound"],"picked":"Ball Lightning","floor":3.0},{"not_picked":["Reinforced Body","Leap"],"picked":"Coolheaded","floor":7.0},{"not_picked":["Steam","Beam Cell"],"picked":"Reboot","floor":12.0},{"not_picked":["Sweeping Beam","Hologram"],"picked":"Creative AI","floor":14.0},{"not_picked":["Meteor Strike","All For One"],"picked":"Amplify","floor":16.0},{"not_picked":["Hologram","Auto Shields"],"picked":"Defragment+1","floor":18.0},{"not_picked":["Barrage","Ball Lightning+1"],"picked":"Defragment+1","floor":20.0},{"not_picked":["Hello World","Go for the Eyes"],"picked":"Aggregate","floor":22.0}],"player_experience":682103,"relics_obtained":[{"floor":4.0,"key":"Bottled Tornado"},{"floor":7.0,"key":"Meat on the Bone"},{"floor":9.0,"key":"Nunchaku"},{"floor":12.0,"key":"Potion Belt"},{"floor":14.0,"key":"Mummified Hand"}],"event_choices":[{"cards_removed":["Strike_B"],"damage_healed":0.0,"max_hp_gain":0.0,"max_hp_loss":0.0,"gold_gain":0.0,"event_name":"The Cleric","player_choice":"Card Removal","floor":10.0,"gold_loss":50.0,"damage_taken":0.0},{"damage_healed":0.0,"max_hp_gain":0.0,"max_hp_loss":0.0,"gold_gain":0.0,"event_name":"FaceTrader","player_choice":"Trade","floor":13.0,"gold_loss":0.0,"damage_taken":0.0,"relics_obtained":["FaceOfCleric"]},{"damage_healed":0.0,"max_hp_gain":0.0,"max_hp_loss":0.0,"gold_gain":0.0,"event_name":"The Mausoleum","player_choice":"Ignored","floor":19.0,"gold_loss":0.0,"damage_taken":0.0},{"damage_healed":0.0,"max_hp_gain":0.0,"max_hp_loss":0.0,"gold_gain":0.0,"event_name":"Ghosts","player_choice":"Ignored","floor":21.0,"gold_loss":0.0,"damage_taken":0.0}],"is_beta":false,"boss_relics":[{"not_picked":["Snecko Eye","Black Star"],"picked":"Inserter"}],"items_purged_floors":[5],"is_endless":false,"potions_floor_spawned":[1,3,7],"killed_by":"Slavers","ascension_level":11}}