{"host":"dn2xyj3kd3d9cfyb","time":1612443596,"event":{"mods":["BaseMod","Colored Powertips","Downfall","Hubris","Marisa£®ÏF”Í°°ƒß¿Ì…≥£©","Minty Spire (QoL Compilation)","Remilia£®¿Ÿ√◊¿Ú—«£©","Replay The Spire","Shop Mod","StSLib","The Animator","The Construct","The Cursed","The Mystic","Youmu£®ªÍ∆«—˝√Œ£©","Yuri Mod","Yuyuko"],"gold_per_floor":[99,116,54,74,59,76,76,105,5,5,0,0,26,26,91,136,136],"floor_reached":16,"language":"ZHS","playtime":1186,"items_purged":[],"score":171,"play_id":"097defe9-fc63-48ea-88ea-4d380307415e","local_time":"20210204205956","is_ascension_mode":true,"campfire_choices":[{"data":"Thinking Ahead","floor":1,"key":"SMITH"},{"data":"construct:Autoturret","floor":9,"key":"SMITH"}],"circlet_count":0,"master_deck":["construct:GuardCore+2","construct:Strike_Gold","construct:Strike_Gold","construct:Strike_Gold","construct:Strike_Gold","construct:Strike_Gold","construct:Defend_Gold","construct:Defend_Gold","construct:Defend_Gold","construct:Defend_Gold","construct:Defend_Gold","construct:AttackMode","construct:DefenseMode","Thinking Ahead+1","construct:Autoturret+1","construct:HammerDown","Madness","construct:ElectricArmor","Languid"],"relics":["construct:ClockworkPhoenix","Replay:Wax Seal","downfall:HeartBlessingBlue","ReplayTheSpireMod:Ring of Challenge","ReplayTheSpireMod:Ring of Addiction","Toy Ornithopter","SacredBark","Mango","hubris:Icosahedron"],"acts_visited":["Exordium"],"potions_floor_usage":[5,8,8,13,15,15,16],"damage_taken":[{"damage":6,"enemies":"Jaw Worm","floor":2,"turns":7},{"damage":3,"enemies":"downfall:FleeingMerchant","floor":3,"turns":4},{"damage":1,"enemies":"Cultist","floor":4,"turns":6},{"damage":6,"enemies":"downfall:FleeingMerchant","floor":5,"turns":4},{"damage":14,"enemies":"2 Louse","floor":6,"turns":6},{"damage":23,"enemies":"3 Sentries","floor":8,"turns":14},{"damage":4,"enemies":"downfall:FleeingMerchant","floor":11,"turns":4},{"damage":0,"enemies":"Lagavulin","floor":13,"turns":8},{"damage":45,"enemies":"Large Slime","floor":15,"turns":8},{"damage":26,"enemies":"IC_STATUS_ARCHETYPE","floor":16,"turns":2}],"seed_played":"-2133037887587663682","potions_obtained":[{"floor":2,"key":"Adrenaline Potion"},{"floor":4,"key":"Dexterity Potion"},{"floor":6,"key":"Fire Potion"},{"floor":12,"key":"SkillPotion"},{"floor":12,"key":"Energy Potion"},{"floor":12,"key":"Weak Potion"},{"floor":15,"key":"Adrenaline Potion"}],"is_trial":false,"path_per_floor":["R","M","$","M","$","M","T","E","R","?","$","?","E","?","M","B"],"character_chosen":"THE_CONSTRUCT_MOD","items_purchased":["construct:Autoturret"],"campfire_rested":0,"item_purchase_floors":[3],"current_hp_per_floor":[77,71,68,67,61,47,47,24,34,34,30,30,49,49,14,0,0],"gold":136,"neow_bonus":"RANDOM_COLORLESS_2","is_daily":false,"chose_seed":false,"campfire_upgraded":2,"win_rate":0.0,"timestamp":1612443596,"path_taken":["R","M","$","M","$","M","T","E","R","?","?","?","E","?","M","BOSS"],"items_purchased_type":["Card"],"build_version":"2020-12-22","purchased_purges":0,"victory":false,"max_hp_per_floor":[77,77,77,77,77,77,77,77,87,87,87,87,101,101,101,101,101],"card_choices":[{"not_picked":["hubris:EnhanceAbility","Magnetism"],"picked":"Thinking Ahead","floor":0},{"not_picked":["construct:Anticipate","construct:SaveState","construct:Forcefield"],"picked":"SKIP","floor":2},{"not_picked":["construct:HeavyBolt","construct:ShiftStrike","construct:ClusterMines"],"picked":"SKIP","floor":3},{"not_picked":["construct:Accumulate","construct:Forcefield","construct:ModeShift"],"picked":"SKIP","floor":4},{"not_picked":["construct:SaveState","construct:Chainstrike"],"picked":"construct:HammerDown","floor":5},{"not_picked":["construct:Backup","construct:SuppressiveFire","construct:ScrapCannon"],"picked":"SKIP","floor":6},{"not_picked":["construct:MassProduction","construct:FierceBash","construct:SuppressiveFire"],"picked":"SKIP","floor":8},{"not_picked":["construct:HastyRepair","construct:Electrocute"],"picked":"construct:ElectricArmor","floor":11},{"not_picked":["construct:Anticipate","construct:SyphonStrike","construct:Autoturret"],"picked":"SKIP","floor":13},{"not_picked":["construct:ShiftStrike","construct:CripplingShot","construct:Boost"],"picked":"SKIP","floor":15}],"player_experience":606477,"relics_obtained":[{"floor":8,"key":"Replay:Wax Seal"},{"floor":12,"key":"ReplayTheSpireMod:Ring of Challenge"},{"floor":12,"key":"ReplayTheSpireMod:Ring of Addiction"},{"floor":12,"key":"Toy Ornithopter"},{"floor":12,"key":"SacredBark"},{"floor":13,"key":"Mango"}],"event_choices":[],"is_beta":false,"boss_relics":[],"items_purged_floors":[],"is_endless":false,"potions_floor_spawned":[2,4,6,15],"killed_by":"IC_STATUS_ARCHETYPE","ascension_level":2}}