{"host":"osk2oboccoevp2u5","time":1612465729,"event":{"mods":["AchievementEnabler","Alarm Clock","BaseMod","Colored Powertips","Disable Question Mark Monsters","Displayed Cursed Tome","Key Reminder","Minty Spire (QoL Compilation)","Potion Indicator Mod","Quick Restart","Rare Cards Sparkle","Reorder Act Four","StSLib","The Bug Knight","Useless Jewels Mod"],"gold_per_floor":[113,128,128,146,163,198,14,14,37,37,48,58,73,24,24,24,24],"floor_reached":16,"language":"ENG","playtime":1247,"items_purged":["HollowMod:NailStrikeStart"],"score":104,"play_id":"0a934d64-4062-42ce-9e59-005bd761575c","local_time":"20210204150849","is_ascension_mode":false,"campfire_choices":[{"floor":8,"key":"REST"},{"floor":10,"key":"REST"},{"data":"HollowMod:VengefulVoid","floor":15,"key":"SMITH"}],"circlet_count":0,"master_deck":["HollowMod:NailStrikeStart+1","HollowMod:NailStrikeStart+1","HollowMod:NailStrikeStart","HollowMod:QuickDashStart","HollowMod:QuickDashStart","HollowMod:QuickDashStart","HollowMod:QuickDashStart","HollowMod:FocusHealStart","HollowMod:PogoStrike","HollowMod:BlackTendrils","HollowMod:ShadowDash","HollowMod:GoodIntentions","HollowMod:MawleksShell","HollowMod:BlackTendrils","HollowMod:AbyssShriek","HollowMod:CornifersMapStart","HollowMod:BlackTendrils","HollowMod:InfectionAssault","HollowMod:VengefulVoid+1"],"relics":["HollowMod:VesselMask","HollowMod:MillibellesNoteRelic","keyreminder:keyreminder","Bag of Marbles"],"acts_visited":["Exordium"],"potions_floor_usage":[2,6,6,11,16],"damage_taken":[{"damage":4,"enemies":"Jaw Worm","floor":1,"turns":6},{"damage":4,"enemies":"2 Louse","floor":2,"turns":4},{"damage":0,"enemies":"Small Slimes","floor":4,"turns":3},{"damage":4,"enemies":"Exordium Wildlife","floor":5,"turns":3},{"damage":43,"enemies":"Gremlin Nob","floor":6,"turns":5},{"damage":16,"enemies":"Large Slime","floor":11,"turns":8},{"damage":18,"enemies":"Red Slaver","floor":12,"turns":6},{"damage":2,"enemies":"2 Fungi Beasts","floor":13,"turns":3},{"damage":55,"enemies":"The Guardian","floor":16,"turns":11}],"seed_played":"3391065995671168981","potions_obtained":[{"floor":0,"key":"Dexterity Potion"},{"floor":0,"key":"Block Potion"},{"floor":0,"key":"Block Potion"},{"floor":1,"key":"Dexterity Potion"},{"floor":2,"key":"Fruit Juice"},{"floor":4,"key":"Energy Potion"},{"floor":12,"key":"LiquidBronze"}],"is_trial":false,"path_per_floor":["M","M","?","M","M","E","$","R","T","R","M","M","M","$","R","B"],"character_chosen":"THE_BUGKNIGHT","items_purchased":["HollowMod:BlackTendrils","HollowMod:AbyssShriek","HollowMod:VengefulVoid"],"campfire_rested":2,"item_purchase_floors":[7,7,14],"current_hp_per_floor":[71,79,63,65,69,28,28,52,52,76,68,61,59,59,59,13,13],"gold":24,"neow_bonus":"THREE_SMALL_POTIONS","is_daily":false,"chose_seed":false,"campfire_upgraded":1,"win_rate":0.0,"timestamp":1612465729,"path_taken":["M","M","?","M","M","E","$","R","T","R","M","M","M","$","R","BOSS"],"items_purchased_type":["Card","Card","Card"],"build_version":"2020-12-22","purchased_purges":1,"victory":false,"max_hp_per_floor":[75,80,80,80,80,80,80,80,80,80,80,80,80,80,80,80,80],"card_choices":[{"not_picked":["HollowMod:WraithStrike","HollowMod:DoubleDash"],"picked":"HollowMod:BlackTendrils","floor":1},{"not_picked":["HollowMod:CornifersMapStart","HollowMod:TaintedHusks","HollowMod:VengefulSpirit"],"picked":"SKIP","floor":2},{"not_picked":["HollowMod:DescendingDark","HollowMod:DungDefenderAura"],"picked":"HollowMod:ShadowDash","floor":4},{"not_picked":["HollowMod:DoubleDash","HollowMod:SoulSplash"],"picked":"HollowMod:GoodIntentions","floor":5},{"not_picked":["HollowMod:HuntersJournal","HollowMod:TaintedHusks"],"picked":"HollowMod:MawleksShell","floor":6},{"not_picked":["HollowMod:HowlingWraiths","HollowMod:SiblingsSouls"],"picked":"HollowMod:CornifersMapStart","floor":11},{"not_picked":["HollowMod:HowlingWraiths","HollowMod:GrimmsGift"],"picked":"HollowMod:BlackTendrils","floor":12},{"not_picked":["HollowMod:FallenFury","HollowMod:SoulEater"],"picked":"HollowMod:InfectionAssault","floor":13}],"player_experience":932154,"relics_obtained":[{"floor":6,"key":"HollowMod:MillibellesNoteRelic"},{"floor":9,"key":"Bag of Marbles"}],"event_choices":[{"damage_healed":0,"gold_gain":0,"player_choice":"Entered Light","damage_taken":16,"max_hp_gain":0,"max_hp_loss":0,"event_name":"Shining Light","floor":3,"gold_loss":0,"cards_upgraded":["HollowMod:NailStrikeStart","HollowMod:NailStrikeStart"]}],"is_beta":false,"boss_relics":[],"items_purged_floors":[7],"is_endless":false,"potions_floor_spawned":[1,2,4,12],"killed_by":"The Guardian","ascension_level":0}}