{"host":"2haferq23ht5nrlk","time":1612447246,"event":{"mods":["ATMod(°¢èªMod)","BaseMod","Colored Powertips","Conspire","KomeijiMod","Minty Spire (QoL Compilation)","Permanent Neow","Quick Restart","Relic Stats","Reliquary","Replay The Spire","Spicy Shops","StSLib","¡¾ÒÅÎï¿¨ÅÆ¡¿REMEMod"],"gold_per_floor":[118,118,118,148,148,195,195,212,265,20,20,90,90,90,90,154,154,162,162],"floor_reached":18,"language":"ZHS","playtime":578,"items_purged":[],"score":252,"play_id":"28b49ce3-ce77-4b46-8556-7388e071d282","local_time":"20210204220046","is_ascension_mode":true,"campfire_choices":[{"data":"AT_ManFootWork","floor":7,"key":"SMITH"},{"data":"Limit Break","floor":11,"key":"SMITH"},{"floor":17,"key":"REST"}],"circlet_count":0,"master_deck":["AscendersBane","Strike_R+1","Strike_R","Strike_R","Strike_R","Defend_R","Defend_R","Defend_R","Defend_R","AT_OneInchPunch+1","HandOfGreed","Run Through","AT_ManFootWork+1","Impervious","Twin Strike","Limit Break+1","Body Slam","Power Through","Dropkick+1","ReplayTheSpireMod:Strike From Hell"],"relics":["Burning Blood","AT_ATBox","REME_ComplimentaryCards","Replay:Bandana","reliquary:ExpiredCoupon","ReplayTheSpireMod:Spearhead","Lantern"],"acts_visited":["Exordium"],"potions_floor_usage":[12,12],"damage_taken":[{"damage":7,"enemies":"Jaw Worm","floor":1,"turns":2},{"damage":0,"enemies":"Small Slimes","floor":4,"turns":2},{"damage":6,"enemies":"Gremlin Nob","floor":6,"turns":3},{"damage":0,"enemies":"Cultist","floor":8,"turns":1},{"damage":21,"enemies":"3 Sentries","floor":12,"turns":7},{"damage":35,"enemies":"Lagavulin","floor":16,"turns":5},{"damage":46,"enemies":"Hexaghost","floor":18,"turns":7}],"seed_played":"4567396206143475404","potions_obtained":[{"floor":1,"key":"Regen Potion"},{"floor":8,"key":"Adrenaline Potion"},{"floor":12,"key":"ExcitationPotion"}],"is_trial":false,"path_per_floor":["M","?","?","M","$","E","R","M","T","$","R","E","?","PTL","PTL","E","R","B"],"character_chosen":"IRONCLAD","items_purchased":["Limit Break","Sword Boomerang","Body Slam"],"campfire_rested":1,"item_purchase_floors":[10,10,10],"current_hp_per_floor":[67,67,44,50,50,50,50,56,56,56,56,53,53,53,53,24,46,0,0],"gold":162,"neow_bonus":"REMOVE_CARD","is_daily":false,"chose_seed":false,"campfire_upgraded":2,"win_rate":0.0,"timestamp":1612447246,"path_taken":["M","?","?","M","$","E","R","M","T","?","R","E","?","PTL","PTL","E","R","BOSS"],"items_purchased_type":["Card","Card","Card"],"build_version":"2020-12-22","purchased_purges":0,"victory":false,"max_hp_per_floor":[75,75,75,75,75,75,75,75,75,75,75,75,75,75,75,75,75,75,75],"relic_stats":{"counters":[7,27],"obtain_stats":[{"reliquary:ExpiredCoupon":9,"Replay:Bandana":6,"ReplayTheSpireMod:Spearhead":12,"Lantern":16,"AT_ATBox":0,"Burning Blood":0,"REME_ComplimentaryCards":0},{"reliquary:ExpiredCoupon":4,"Replay:Bandana":3,"ReplayTheSpireMod:Spearhead":5,"Lantern":6,"AT_ATBox":0,"Burning Blood":0,"REME_ComplimentaryCards":0},{"reliquary:ExpiredCoupon":8,"Replay:Bandana":7,"ReplayTheSpireMod:Spearhead":15,"Lantern":20,"AT_ATBox":0,"Burning Blood":0,"REME_ComplimentaryCards":0}],"Burning Blood":36},"card_choices":[{"not_picked":["Twin Strike","Sever Soul"],"picked":"Run Through","floor":1},{"not_picked":["Run Through","Clothesline"],"picked":"AT_ManFootWork","floor":4},{"not_picked":["Body Slam","Entrench"],"picked":"Impervious","floor":6},{"not_picked":["ReplayTheSpireMod:Limb From Limb","Spot Weakness"],"picked":"Twin Strike","floor":8},{"not_picked":["Wild Strike","Intimidate"],"picked":"Power Through","floor":12},{"not_picked":["Headbutt","Warcry"],"picked":"ReplayTheSpireMod:Strike From Hell","floor":16}],"player_experience":15824,"relics_obtained":[{"floor":6,"key":"Replay:Bandana"},{"floor":9,"key":"reliquary:ExpiredCoupon"},{"floor":12,"key":"ReplayTheSpireMod:Spearhead"},{"floor":16,"key":"Lantern"}],"event_choices":[{"damage_healed":0,"gold_gain":0,"player_choice":"Entered Light","damage_taken":23,"max_hp_gain":0,"max_hp_loss":0,"event_name":"Shining Light","floor":3,"gold_loss":0,"cards_upgraded":["AT_OneInchPunch","Strike_R"]}],"is_beta":false,"boss_relics":[],"items_purged_floors":[],"is_endless":false,"potions_floor_spawned":[1,8,12],"killed_by":"Hexaghost","ascension_level":20}}