{"host":"e1r14iqujvrv6qpf","time":1612439616,"event":{"mods":["AchievementEnabler","Act Like it!","Aspiration","Bard","BaseMod","BetterRewards","Colored Map","Colored Powertips","Conspire","Downfall","Friendly Minions","Gensokyo","Googly Eyes","Hallownest","Highlight Path","Hubris","KinomotoSakuraMod(ƒæ÷Æ±æ”£)","Koishi","KomeijiMod","LagranYue(¿≠∏Ò¿ °§‘¬)","Lobotomy","Marisa£®ÏF”Í°°ƒß¿Ì…≥£©","Minty Spire (QoL Compilation)","Quick Restart","Reimu£®≤©¿ˆ¡È√Œ£©","Remilia£®¿Ÿ√◊¿Ú—«£©","Replay The Spire","Shop Mod","StSLib","The Administrix","The Animator","The Construct","The Cursed","The Servant 0.9.4","Waifu the Spire","WarShipGirlsR/’ΩΩ¢…Ÿ≈ÆR mod","Youmu£®ªÍ∆«—˝√Œ£©","Yuyuko"],"gold_per_floor":[99,99,99,99,24,24,50,75,87,117,129,139,151,251,265,362,362,438,457,467,467,480,515,539,554,539,499,514,531,556,128,141,240,240,240,259,259,259,64,64,64,64],"floor_reached":40,"language":"ZHS","playtime":6670,"items_purged":["Regret","Confused"],"score":436,"play_id":"b79b134b-7a5a-4f7e-b0ba-41a488ac7653","local_time":"20210204195336","is_ascension_mode":false,"campfire_choices":[{"floor":1.0,"key":"DIG"},{"data":"Slimebound:WasteNot","floor":35.0,"key":"SMITH"}],"circlet_count":0,"master_deck":["Slimebound:Tackle","Slimebound:Defend_Slimebound","Slimebound:Defend_Slimebound+1","Slimebound:Defend_Slimebound","Slimebound:Defend_Slimebound+1","Slimebound:Split","Slimebound:CorrosiveSpit+1","Slimebound:SplitMire+1","Slimebound:OneTwoCombo+1","Slimebound:Schlurp+1","Slimebound:SplitAcid","Slimebound:OozeBath","Slimebound:PressTheAttack+1","Slimebound:SpikyOuterGoop+1","Slimebound:Equalize+1","Slimebound:AcidTongue","Slimebound:Nibble","Slimebound:Teamwork","Slimebound:Replication+1","Slimebound:WasteNot+1","Slimebound:SplitAcid","Slimebound:Gluttony+1","Slimebound:GoopSpray","Slimebound:Grow+1","Slimebound:DuplicatedForm+1","Slimebound:TongueLash+1","Thinking Ahead","Slimebound:FinishingTackle","Slimebound:OozeBath","Slimebound:ComboTackle+1","Slimebound:SplitBruiser","Slimebound:TongueLash"],"relics":["Slimebound:AbsorbEndCombat","LagranYue:RandomDrawCardRelic","downfall:HeartsMalice","Eternal Feather","hubris:Towel","aspiration:AnachronicSnailShell","Oddly Smooth Stone","Bag of Preparation","construct:RocketBooster","conspire:SlowCooker","Frozen Egg 2","War Paint","ZunR:ReiMu","Gremlin Horn","hubris:HerbalPaste","aspiration:RunicSpoon"],"acts_visited":["Exordium","TheCity","TheBeyond"],"potions_floor_usage":[],"damage_taken":[{"damage":0.0,"enemies":"Small Slimes","floor":3.0,"turns":1.0},{"damage":0.0,"enemies":"downfall:FleeingMerchant","floor":5.0,"turns":1.0},{"damage":0.0,"enemies":"2 Louse","floor":6.0,"turns":1.0},{"damage":18.0,"enemies":"Gremlin Nob","floor":8.0,"turns":4.0},{"damage":3.0,"enemies":"Jaw Worm","floor":9.0,"turns":2.0},{"damage":24.0,"enemies":"3 Sentries","floor":10.0,"turns":4.0},{"damage":10.0,"enemies":"Exordium Thugs","floor":11.0,"turns":3.0},{"damage":0.0,"enemies":"Large Slime","floor":12.0,"turns":3.0},{"damage":14.0,"enemies":"Lots of Slimes","floor":13.0,"turns":3.0},{"damage":14.0,"enemies":"downfall:Heads","floor":14.0,"turns":4.0},{"damage":0.0,"enemies":"Exordium Wildlife","floor":15.0,"turns":3.0},{"damage":16.0,"enemies":"IC_STATUS_ARCHETYPE","floor":16.0,"turns":5.0},{"damage":10.0,"enemies":"Spheric Guardian","floor":19.0,"turns":4.0},{"damage":8.0,"enemies":"Chosen","floor":20.0,"turns":4.0},{"damage":14.0,"enemies":"Centurion and Healer","floor":22.0,"turns":5.0},{"damage":28.0,"enemies":"Book of Stabbing","floor":23.0,"turns":5.0},{"damage":3.0,"enemies":"Snecko","floor":25.0,"turns":5.0},{"damage":3.0,"enemies":"downfall:FleeingMerchant","floor":26.0,"turns":4.0},{"damage":10.0,"enemies":"Shelled Parasite and Fungi","floor":28.0,"turns":3.0},{"damage":1.0,"enemies":"conspire:HollyBat","floor":29.0,"turns":9.0},{"damage":21.0,"enemies":"conspire:SneckoGhost","floor":30.0,"turns":6.0},{"damage":0.0,"enemies":"downfall:FleeingMerchant","floor":31.0,"turns":4.0},{"damage":13.0,"enemies":"Snake Plant","floor":32.0,"turns":4.0},{"damage":33.0,"enemies":"WA_ARCHETYPE_CALM","floor":33.0,"turns":8.0},{"damage":7.0,"enemies":"Orb Walker","floor":36.0,"turns":4.0},{"damage":8,"enemies":"downfall:FleeingMerchant","floor":39,"turns":4},{"damage":68,"enemies":"Nemesis","floor":40,"turns":5}],"seed_played":"-3920882439910531198","potions_obtained":[{"floor":8.0,"key":"Languid Potion"},{"floor":9.0,"key":"Fire Potion"},{"floor":10.0,"key":"Adrenaline Potion"},{"floor":12.0,"key":"AttackPotion"},{"floor":14.0,"key":"Fire Potion"},{"floor":15.0,"key":"Ancient Potion"},{"floor":20.0,"key":"Swift Potion"},{"floor":23.0,"key":"SmokeBomb"},{"floor":25.0,"key":"Fire Potion"},{"floor":28.0,"key":"Block Potion"},{"floor":30.0,"key":"Venom Potion"},{"floor":32.0,"key":"SpeedPotion"},{"floor":33.0,"key":"Weak Potion"},{"floor":36.0,"key":"Flashbang"}],"is_trial":false,"path_per_floor":["R_BF","?","M","?","$","M","T","E","M","E","M","M","M","?","M","B",null,"R_BF","M","M","?","M","E","T","M","$","?","M","M","E","$","M","B",null,"R","M","?","?","$","E"],"character_chosen":"SLIMEBOUND","items_purchased":["Slimebound:TongueLash","hubris:HerbalPaste","Thinking Ahead","Slimebound:TongueLash"],"campfire_rested":0,"item_purchase_floors":[31,31,31,39],"current_hp_per_floor":[65,65,65,65,65,65,65,49,50,34,28,32,24,18,24,28,65,65,65,63,55,55,47,47,58,65,65,65,65,54,56,63,47,65,65,65,65,65,65,0,0,0],"gold":64,"neow_bonus":"THREE_ENEMY_KILL","is_daily":false,"chose_seed":false,"campfire_upgraded":1,"win_rate":0.0,"timestamp":1612439616,"path_taken":["R_BF","?","M","?","$","M","T","E","M","E","M","M","M","?","M","BOSS","R_BF","M","M","?","M","E","T","M","?","?","M","M","E","$","M","BOSS","R","M","?","?","$","E"],"items_purchased_type":["Card","Relic","Card","Card"],"build_version":"2020-12-22","purchased_purges":2,"victory":false,"max_hp_per_floor":[65,65,65,65,65,65,65,65,65,65,65,65,65,65,65,65,65,65,65,65,65,65,65,65,65,65,65,65,65,65,65,65,65,65,65,65,65,65,65,65,65,65],"card_choices":[{"not_picked":["Slimebound:PressTheAttack","Slimebound:HauntingLick"],"picked":"Slimebound:SplitMire","floor":3.0},{"not_picked":["Slimebound:SplitBruiser","Slimebound:GoopTackle"],"picked":"Slimebound:OneTwoCombo","floor":5.0},{"not_picked":["Slimebound:FormOfPuddle","Slimebound:SlimeBrawl"],"picked":"Slimebound:Schlurp","floor":6.0},{"not_picked":["Slimebound:HauntingLick","Slimebound:ForwardTackle"],"picked":"Slimebound:SplitAcid","floor":8.0},{"not_picked":["Slimebound:ForwardTackle","Slimebound:Replication"],"picked":"Slimebound:OozeBath","floor":9.0},{"not_picked":["Slimebound:ServeAndProtect","Slimebound:LeechingTouch"],"picked":"Slimebound:PressTheAttack","floor":10.0},{"not_picked":["Slimebound:ItLooksTasty","Slimebound:RollThrough"],"picked":"Slimebound:SpikyOuterGoop","floor":11.0},{"not_picked":["Slimebound:PrepareCrush","Slimebound:DivideAndConquer"],"picked":"Slimebound:Equalize","floor":12.0},{"not_picked":["Slimebound:PressTheAttack","Slimebound:RollThrough","Slimebound:ServeAndProtect"],"picked":"SKIP","floor":13.0},{"not_picked":["Slimebound:AcidTongue","Slimebound:Prepare"],"picked":"Slimebound:Nibble","floor":14.0},{"not_picked":["Slimebound:LeechEnergy","Slimebound:Prepare","Slimebound:LivingWall"],"picked":"SKIP","floor":15.0},{"not_picked":["Slimebound:RallyTheTroops","Slimebound:FirmFortitude"],"picked":"Slimebound:Teamwork","floor":16.0},{"not_picked":["Slimebound:ServeAndProtect","Slimebound:FlameTackle"],"picked":"Slimebound:Replication+1","floor":19.0},{"not_picked":["Slimebound:Prepare+1","Slimebound:Repurpose"],"picked":"Slimebound:WasteNot","floor":20.0},{"not_picked":["Slimebound:AcidTongue+1","Slimebound:FlameTackle+1"],"picked":"Slimebound:SplitAcid","floor":22.0},{"not_picked":["Slimebound:MassRepurpose","Slimebound:LivingWall+1"],"picked":"Slimebound:Gluttony+1","floor":23.0},{"not_picked":["Slimebound:HauntingLick","Slimebound:RollThrough+1"],"picked":"Slimebound:GoopSpray","floor":25.0},{"not_picked":["Slimebound:SplitLeeching","Slimebound:PressTheAttack"],"picked":"Slimebound:Grow+1","floor":26.0},{"not_picked":["Slimebound:HauntingLick","Slimebound:SlimeBarrage","Slimebound:Prepare"],"picked":"SKIP","floor":28.0},{"not_picked":["Slimebound:GoopTackle","Slimebound:SplitLeeching","Slimebound:RollThrough"],"picked":"SKIP","floor":29.0},{"not_picked":["Slimebound:RejuvenatingLick","Slimebound:GoopSpray","Slimebound:SlimeBrawl"],"picked":"SKIP","floor":30.0},{"not_picked":["Slimebound:LeechingTouch+1","Slimebound:RainOfGoop"],"picked":"Slimebound:DuplicatedForm+1","floor":31.0},{"not_picked":["Slimebound:HauntingLick","Slimebound:RejuvenatingLick"],"picked":"Slimebound:FinishingTackle","floor":32.0},{"not_picked":["Slimebound:DouseInSlime","Slimebound:DuplicatedForm+1"],"picked":"Slimebound:OozeBath","floor":33.0},{"not_picked":["Slimebound:FinishingTackle+1","Slimebound:PressTheAttack"],"picked":"Slimebound:ComboTackle+1","floor":36.0},{"not_picked":["Slimebound:SlimeBrawl","Slimebound:RollThrough+1"],"picked":"Slimebound:SplitBruiser","floor":39}],"player_experience":254606,"relics_obtained":[{"floor":1.0,"key":"Eternal Feather"},{"floor":7.0,"key":"Oddly Smooth Stone"},{"floor":8.0,"key":"Bag of Preparation"},{"floor":10.0,"key":"construct:RocketBooster"},{"floor":23.0,"key":"Frozen Egg 2"},{"floor":24.0,"key":"War Paint"},{"floor":30.0,"key":"Gremlin Horn"}],"event_choices":[{"damage_healed":0.0,"max_hp_gain":0.0,"max_hp_loss":0.0,"gold_gain":0.0,"event_name":"Big Fish","player_choice":"Box","floor":4.0,"gold_loss":0.0,"damage_taken":0.0,"relics_obtained":["aspiration:AnachronicSnailShell"],"cards_obtained":["Regret"]},{"damage_healed":0.0,"max_hp_gain":0.0,"max_hp_loss":0.0,"gold_gain":0.0,"event_name":"ZunEvent","player_choice":"π∫¬Ú…Òæ∆","floor":27.0,"gold_loss":40.0,"damage_taken":0.0,"relics_obtained":["ZunR:ReiMu"]}],"is_beta":false,"boss_relics":[{"not_picked":["hubris:BlackHole","Replay:Drink Me"],"picked":"conspire:SlowCooker"},{"not_picked":["Painkiller Herb","bronze:MakeshiftBattery"],"picked":"aspiration:RunicSpoon"}],"items_purged_floors":[5,39],"is_endless":false,"potions_floor_spawned":[8,9,10,12,14,15,20,23,25,28,30,32,33,36],"killed_by":"Nemesis","ascension_level":0}}