{"host":"8u7tvcybuv0u72fd","time":1612416699,"event":{"mods":["BaseMod","BetterRewards","Colored Map","Colored Powertips","Minty Spire (QoL Compilation)","Quick Restart","Shop Mod"],"gold_per_floor":[114,189,203,378,378,378,20,34,34,60,80,114,114,130,130,226,226,244,244,261,274,234,234,262,262,262,280,314,330,108,126,126,228,228,243,243,268,268,280,315,315,334,334,334,351,0,0,10,10,10,10,10,10,41,41],"floor_reached":56,"language":"ENG","playtime":3167,"items_purged":["Strike_R","Doubt"],"score":1627,"play_id":"f53ec802-1450-4e00-b8e6-2c358107d8fe","local_time":"20210204003139","is_ascension_mode":false,"campfire_choices":[{"data":"Bash","floor":6.0,"key":"SMITH"},{"data":"Body Slam","floor":13.0,"key":"SMITH"},{"data":"Shrug It Off","floor":15.0,"key":"SMITH"},{"data":"Disarm","floor":23.0,"key":"SMITH"},{"data":"Exhume","floor":25.0,"key":"SMITH"},{"data":"1","floor":32.0,"key":"LIFT"},{"data":"2","floor":41.0,"key":"LIFT"},{"data":"Feed","floor":44.0,"key":"SMITH"},{"floor":49.0,"key":"RECALL"},{"data":"3","floor":52.0,"key":"LIFT"}],"circlet_count":0,"master_deck":["Strike_R+1","Strike_R+1","Strike_R+1","Strike_R+1","Defend_R+1","Defend_R+1","Defend_R","Defend_R+1","Bash+1","Shrug It Off+1","Body Slam+1","Disarm+1","Exhume+1","Battle Trance","Feed+1","Headbutt+1","Metallicize+1","Iron Wave+1","Entrench+1","Dropkick+1","Thunderclap+1","Infernal Blade"],"relics":["Burning Blood","Frozen Egg 2","Tiny Chest","Ginger","Lee\u0027s Waffle","Torii","CaptainsWheel","Paper Frog","Strawberry","Champion Belt","Toy Ornithopter","Black Star","Shuriken","Girya","Whetstone","Sundial","Bag of Preparation","Mummified Hand","Sling","Velvet Choker","War Paint","Pear","Pantograph","Lizard Tail","FossilizedHelix","Eternal Feather","Self Forming Clay"],"acts_visited":["Exordium","TheCity","TheBeyond","TheEnding"],"potions_floor_usage":[55,55,55],"damage_taken":[{"damage":0.0,"enemies":"2 Louse","floor":1.0,"turns":2.0},{"damage":0.0,"enemies":"Small Slimes","floor":3.0,"turns":3.0},{"damage":1.0,"enemies":"Jaw Worm","floor":8.0,"turns":3.0},{"damage":2.0,"enemies":"Lagavulin","floor":10.0,"turns":7.0},{"damage":1.0,"enemies":"Exordium Thugs","floor":11.0,"turns":5.0},{"damage":10.0,"enemies":"Gremlin Nob","floor":12.0,"turns":4.0},{"damage":1.0,"enemies":"Red Slaver","floor":14.0,"turns":4.0},{"damage":34.0,"enemies":"Hexaghost","floor":16.0,"turns":12.0},{"damage":0.0,"enemies":"3 Byrds","floor":18.0,"turns":7.0},{"damage":18.0,"enemies":"Spheric Guardian","floor":20.0,"turns":8.0},{"damage":10.0,"enemies":"Shelled Parasite and Fungi","floor":21.0,"turns":7.0},{"damage":40.0,"enemies":"Slavers","floor":24.0,"turns":10.0},{"damage":11.0,"enemies":"Centurion and Healer","floor":27.0,"turns":6.0},{"damage":13.0,"enemies":"Book of Stabbing","floor":28.0,"turns":6.0},{"damage":14.0,"enemies":"Sentry and Sphere","floor":29.0,"turns":7.0},{"damage":31.0,"enemies":"3 Cultists","floor":31.0,"turns":6.0},{"damage":63.0,"enemies":"Collector","floor":33.0,"turns":16.0},{"damage":0.0,"enemies":"3 Shapes","floor":35.0,"turns":8.0},{"damage":0.0,"enemies":"Orb Walker","floor":39.0,"turns":4.0},{"damage":1.0,"enemies":"Nemesis","floor":40.0,"turns":7.0},{"damage":0.0,"enemies":"Maw","floor":42.0,"turns":7.0},{"damage":0.0,"enemies":"Transient","floor":45.0,"turns":5.0},{"damage":6.0,"enemies":"3 Darklings","floor":48.0,"turns":7.0},{"damage":11.0,"enemies":"Awakened One","floor":50.0,"turns":14.0},{"damage":46.0,"enemies":"Shield and Spear","floor":54.0,"turns":6.0},{"damage":150,"enemies":"The Heart","floor":55,"turns":13}],"seed_played":"4048588340949830160","potions_obtained":[{"floor":12.0,"key":"BloodPotion"},{"floor":14.0,"key":"BloodPotion"},{"floor":28.0,"key":"FairyPotion"},{"floor":29.0,"key":"Block Potion"},{"floor":31.0,"key":"Block Potion"},{"floor":35.0,"key":"EssenceOfSteel"},{"floor":39.0,"key":"ColorlessPotion"},{"floor":45.0,"key":"Fruit Juice"},{"floor":54.0,"key":"DuplicationPotion"}],"is_trial":false,"path_per_floor":["M","?","M","?","?","R","$","M","T","E","M","E","R","M","R","B",null,"M","T","M","M","?","R","E","R","T","M","E","M","$","M","R","B",null,"M","$","T","?","M","E","R","M","T","R","M","$","T","M","R","B",null,"R","$","E","B",null],"character_chosen":"IRONCLAD","items_purchased":["Frozen Egg 2","Tiny Chest","Lee\u0027s Waffle","Torii","Shrug It Off","Fruit Juice","Paper Frog","Sling","Metallicize+1","FossilizedHelix","Strength Potion"],"campfire_rested":0,"item_purchase_floors":[0,0,0,0,0,0,7,30,30,46,46],"current_hp_per_floor":[87,76,82,82,65,65,65,70,77,81,86,82,82,87,87,59,94,94,94,82,78,78,78,54,54,54,52,48,73,73,82,82,28,120,126,126,126,126,129,139,139,142,142,142,147,147,147,151,151,150,155,155,155,119,15],"gold":41,"neow_bonus":"","is_daily":false,"chose_seed":false,"campfire_upgraded":6,"win_rate":0.0,"timestamp":1612416699,"path_taken":["M","?","M","?","?","R","$","M","T","E","M","E","R","M","R","BOSS","M","?","M","M","?","R","E","R","T","M","E","?","?","M","R","BOSS","M","$","?","?","M","E","R","?","T","R","M","?","?","M","R","BOSS","R","$","E","BOSS"],"items_purchased_type":["Relic","Relic","Relic","Relic","Card","Potion","Relic","Relic","Card","Relic","Potion"],"build_version":"2020-12-22","purchased_purges":2,"victory":true,"max_hp_per_floor":[87,87,87,87,87,87,87,87,94,94,94,94,94,94,94,94,94,94,94,94,94,94,94,99,99,99,102,105,111,111,117,117,120,120,126,126,126,126,129,139,139,142,142,142,147,147,147,151,151,155,155,155,155,159,159],"card_choices":[{"not_picked":["Warcry","Wild Strike","Armaments"],"picked":"SKIP","floor":1.0},{"not_picked":["Warcry","Thunderclap","Clash"],"picked":"SKIP","floor":3.0},{"not_picked":["Havoc","Shrug It Off","Heavy Blade"],"picked":"SKIP","floor":8.0},{"not_picked":["Flex","Shockwave"],"picked":"Body Slam","floor":10.0},{"not_picked":["Thunderclap","Warcry","Body Slam"],"picked":"SKIP","floor":11.0},{"not_picked":["Brutality+1","Blood for Blood","Whirlwind"],"picked":"SKIP","floor":12.0},{"not_picked":["Ghostly Armor","Anger"],"picked":"Disarm","floor":14.0},{"not_picked":["Fiend Fire","Limit Break"],"picked":"Exhume","floor":16.0},{"not_picked":["Havoc","Dark Embrace+1","Shrug It Off+1"],"picked":"SKIP","floor":18.0},{"not_picked":["Anger","Clothesline"],"picked":"Battle Trance","floor":20.0},{"not_picked":["Warcry+1","Sword Boomerang","Shrug It Off+1"],"picked":"SKIP","floor":21.0},{"not_picked":["Headbutt","Sentinel"],"picked":"Feed","floor":24.0},{"not_picked":["Entrench","Havoc","Shockwave+1"],"picked":"SKIP","floor":27.0},{"not_picked":["Anger","Sword Boomerang"],"picked":"Headbutt+1","floor":28.0},{"not_picked":["Pommel Strike","True Grit","Fire Breathing+1"],"picked":"SKIP","floor":29.0},{"not_picked":["Pommel Strike","True Grit","Fire Breathing+1"],"picked":"SKIP","floor":29.0},{"not_picked":["Sword Boomerang","Carnage"],"picked":"Iron Wave+1","floor":31.0},{"not_picked":["Shrug It Off","Clash"],"picked":"Entrench","floor":35.0},{"not_picked":["Wild Strike","Twin Strike","Headbutt"],"picked":"SKIP","floor":39.0},{"not_picked":["Cleave","Warcry+1","Immolate"],"picked":"SKIP","floor":40.0},{"not_picked":["Pommel Strike","Headbutt"],"picked":"Dropkick+1","floor":42.0},{"not_picked":["Clash","Body Slam"],"picked":"Thunderclap+1","floor":45.0},{"not_picked":["Seeing Red","Battle Trance+1","Shockwave+1"],"picked":"SKIP","floor":48.0},{"not_picked":["Searing Blow","Anger"],"picked":"Infernal Blade","floor":54.0}],"player_experience":1490507,"relics_obtained":[{"floor":9.0,"key":"Strawberry"},{"floor":10.0,"key":"Champion Belt"},{"floor":12.0,"key":"Toy Ornithopter"},{"floor":19.0,"key":"Shuriken"},{"floor":24.0,"key":"Girya"},{"floor":24.0,"key":"Whetstone"},{"floor":26.0,"key":"Sundial"},{"floor":28.0,"key":"Bag of Preparation"},{"floor":28.0,"key":"Mummified Hand"},{"floor":37.0,"key":"War Paint"},{"floor":40.0,"key":"Pear"},{"floor":40.0,"key":"Pantograph"},{"floor":43.0,"key":"Lizard Tail"},{"floor":54.0,"key":"Eternal Feather"},{"floor":54.0,"key":"Self Forming Clay"}],"event_choices":[{"damage_healed":0.0,"max_hp_gain":0.0,"max_hp_loss":0.0,"gold_gain":75.0,"event_name":"World of Goop","player_choice":"Gather Gold","floor":2.0,"gold_loss":0.0,"damage_taken":11.0},{"damage_healed":0.0,"max_hp_gain":0.0,"max_hp_loss":0.0,"gold_gain":175.0,"event_name":"Liars Game","player_choice":"AGREE","floor":4.0,"gold_loss":0.0,"damage_taken":0.0,"cards_obtained":["Doubt"]},{"damage_healed":0.0,"max_hp_gain":0.0,"max_hp_loss":0.0,"gold_gain":0.0,"event_name":"Shining Light","player_choice":"Entered Light","floor":5.0,"gold_loss":0.0,"damage_taken":17.0,"cards_upgraded":["Defend_R","Strike_R"]},{"damage_healed":0.0,"max_hp_gain":0.0,"max_hp_loss":0.0,"gold_gain":0.0,"event_name":"Designer","player_choice":"Upgraded Two","floor":22.0,"gold_loss":40.0,"damage_taken":0.0,"cards_upgraded":["Defend_R","Strike_R"]},{"damage_healed":0.0,"max_hp_gain":0.0,"max_hp_loss":0.0,"gold_gain":0.0,"event_name":"The Woman in Blue","player_choice":"Bought 0 Potions","floor":38.0,"gold_loss":0.0,"damage_taken":0.0}],"is_beta":false,"boss_relics":[{"not_picked":["Astrolabe","Sozu"],"picked":"Black Star"},{"not_picked":["Coffee Dripper","Snecko Eye"],"picked":"Velvet Choker"}],"items_purged_floors":[0,7],"is_endless":false,"potions_floor_spawned":[12,14,28,29,31,33,35,39,45,48,54],"ascension_level":0}}