{"host":"kiehjq3lc4w5t4uc","time":1612462728,"event":{"mods":["AchievementEnabler","BaseMod","BetterRewards","Colored Map","Colored Powertips","DeckTracker","Good Game Mod","Minty Spire (QoL Compilation)","Quick Restart","Rare Cards Sparkle","Relic Stats","Shop Mod","Spicy Shops","StSLib","SuperFastMode"],"gold_per_floor":[118,118,181,201,224,224,257,257,284,322,322,48,48,48,48,176,176,201,225,28,51,85,121,121,162,244,282,197,197,210,259,259,387,387,406,406,424,440,465,504,524,558,581,581,602,565,600,378,378,378,378,378,61,101,101],"floor_reached":56,"language":"KOR","playtime":2431,"items_purged":[],"score":2414,"play_id":"ddbac804-6060-4a67-b32d-5b786c44a50f","local_time":"20210205031848","is_ascension_mode":true,"campfire_choices":[{"data":"Pommel Strike","floor":6,"key":"SMITH"},{"data":"Rampage","floor":8,"key":"SMITH"},{"data":"Core Surge","floor":11,"key":"SMITH"},{"data":"Warcry","floor":13,"key":"SMITH"},{"data":"Power Through","floor":15,"key":"SMITH"},{"data":"Power Through","floor":24,"key":"SMITH"},{"data":"Bash","floor":29,"key":"PURGE"},{"data":"Carnage","floor":32,"key":"PURGE"},{"floor":49,"key":"RECALL"},{"data":"Warcry","floor":52,"key":"SMITH"}],"circlet_count":0,"master_deck":["AscendersBane","Core Surge+1","Power Through+1","Pommel Strike+1","Rampage+1","Fire Breathing+1","Warcry+1","Juggernaut+1","Power Through+1","Evolve+1","Feel No Pain+1","Warcry+1","Warcry+1","Master of Strategy+1"],"relics":["Burning Blood","REME:ComplimentaryCards","TheAbacus","MerchantsRug","Turnip","Vajra","Anchor","Du-Vu Doll","Frozen Egg 2","Peace Pipe","Golden Idol","Incense Burner","Happy Flower","Bag of Marbles","Membership Card","Bag of Preparation","Mark of Pain","Medical Kit","Singing Bowl","Red Mask","Calipers","Art of War","Sundial","Oddly Smooth Stone","Ancient Tea Set","Sozu","Shuriken","Torii","Centennial Puzzle","DollysMirror","Potion Belt","CaptainsWheel","HandDrill","Pen Nib","Nunchaku","War Paint","Orichalcum","Mummified Hand"],"acts_visited":["Exordium","TheCity","TheBeyond","TheEnding"],"potions_floor_usage":[25,55,55],"damage_taken":[{"damage":0,"enemies":"Small Slimes","floor":1,"turns":3},{"damage":0,"enemies":"Jaw Worm","floor":4,"turns":3},{"damage":0,"enemies":"2 Louse","floor":5,"turns":1},{"damage":8,"enemies":"3 Sentries","floor":7,"turns":7},{"damage":8,"enemies":"Lagavulin","floor":10,"turns":3},{"damage":0,"enemies":"Slime Boss","floor":16,"turns":3},{"damage":0,"enemies":"Spheric Guardian","floor":18,"turns":3},{"damage":10,"enemies":"Shell Parasite","floor":19,"turns":3},{"damage":0,"enemies":"Snake Plant","floor":21,"turns":3},{"damage":2,"enemies":"Masked Bandits","floor":22,"turns":2},{"damage":10,"enemies":"Slavers","floor":23,"turns":3},{"damage":21,"enemies":"Book of Stabbing","floor":25,"turns":3},{"damage":0,"enemies":"Slavers","floor":27,"turns":3},{"damage":0,"enemies":"Centurion and Healer","floor":30,"turns":3},{"damage":0,"enemies":"Collector","floor":33,"turns":4},{"damage":0,"enemies":"Orb Walker","floor":35,"turns":2},{"damage":11,"enemies":"3 Shapes","floor":37,"turns":3},{"damage":0,"enemies":"3 Darklings","floor":38,"turns":1},{"damage":0,"enemies":"Maw","floor":39,"turns":4},{"damage":0,"enemies":"Giant Head","floor":40,"turns":5},{"damage":0,"enemies":"Transient","floor":41,"turns":5},{"damage":0,"enemies":"Nemesis","floor":42,"turns":3},{"damage":0,"enemies":"3 Darklings","floor":45,"turns":2},{"damage":0,"enemies":"Reptomancer","floor":47,"turns":3},{"damage":6,"enemies":"Donu and Deca","floor":50,"turns":3},{"damage":0,"enemies":"Shield and Spear","floor":54,"turns":2},{"damage":0,"enemies":"The Heart","floor":55,"turns":4}],"seed_played":"1777996878456868273","potions_obtained":[{"floor":1,"key":"SneckoOil"},{"floor":5,"key":"FairyPotion"},{"floor":7,"key":"Fire Potion"},{"floor":25,"key":"Strength Potion"},{"floor":33,"key":"GamblersBrew"}],"is_trial":false,"path_per_floor":["M","?","?","M","M","R","E","R","T","E","R","$","R","?","R","B",null,"M","M","$","M","?","E","R","E","T","E","?","R","M","T","R","B",null,"M","?","M","M","M","E","M","E","T","?","M","$","E","$","R","B",null,"R","$","E","B",null],"character_chosen":"IRONCLAD","items_purchased":["TheAbacus","MerchantsRug","Vajra","Du-Vu Doll","Frozen Egg 2","Membership Card","Fire Breathing+1","Warcry","Bag of Preparation","Medical Kit","Singing Bowl","DollysMirror","CaptainsWheel","HandDrill","Pen Nib","Master of Strategy","Nunchaku","War Paint","Orichalcum"],"campfire_rested":0,"item_purchase_floors":[0,0,0,0,0,12,12,12,12,20,20,46,48,48,48,53,53,53,53],"current_hp_per_floor":[78,58,58,64,70,70,68,68,68,66,66,66,66,71,71,77,83,85,81,81,87,89,85,85,72,72,78,78,78,86,86,86,92,93,95,95,92,99,101,101,103,105,105,105,107,107,107,107,107,107,107,107,107,109,109],"gold":101,"neow_bonus":"","is_daily":false,"chose_seed":false,"campfire_upgraded":7,"win_rate":0.0,"timestamp":1612462728,"path_taken":["M","?","?","M","M","R","E","R","T","E","R","$","R","?","R","BOSS","M","M","$","M","?","E","R","E","T","E","?","R","M","?","R","BOSS","M","?","M","M","?","E","M","E","T","?","M","$","E","$","R","BOSS","R","$","E","BOSS"],"items_purchased_type":["Relic","Relic","Relic","Relic","Relic","Relic","Card","Card","Relic","Relic","Relic","Relic","Relic","Relic","Relic","Card","Relic","Relic","Relic"],"build_version":"2020-12-22","purchased_purges":0,"victory":true,"max_hp_per_floor":[80,80,80,80,80,80,80,80,80,80,80,80,80,85,85,85,85,85,85,85,87,89,89,89,91,91,91,91,91,93,93,93,93,93,95,95,97,99,101,101,103,105,105,105,107,107,107,107,107,107,107,107,107,109,109],"relic_stats":{"Happy Flower":[23],"Singing Bowl":24,"Torii":0,"counters":[56,163],"Golden Idol":227,"Pen Nib":[2],"Bag of Preparation":[44],"War Paint":["Master of Strategy"],"Orichalcum":[6],"Medical Kit":[98],"Burning Blood":222,"Peace Pipe":4,"Sozu":4,"Centennial Puzzle":[3],"Nunchaku":[1],"TheAbacus":[720],"Sundial":[54],"Shuriken":[15],"Mummified Hand":[4],"Turnip":[13],"Art of War":[0],"HandDrill":[4],"obtain_stats":[{"Ice Cream":0,"Calipers":23,"Gremlin Horn":0,"Vajra":5,"Whetstone":53,"Old Coin":48,"Blood Vial":9,"Sozu":34,"Centennial Puzzle":26,"Lizard Tail":0,"HornCleat":6,"Sundial":26,"DollysMirror":46,"Prayer Wheel":0,"HandDrill":48,"Kunai":53,"Girya":0,"MerchantsRug":0,"Happy Flower":0,"Astrolabe":17,"Oddly Smooth Stone":44,"Pen Nib":48,"War Paint":37,"Du-Vu Doll":0,"OrangePellets":53,"Brimstone":0,"Shuriken":5,"Bronze Scales":30,"Mark of Pain":17,"Singing Bowl":20,"Torii":42,"Magic Flower":8,"Mango":53,"Bag of Preparation":53,"Incense Burner":7,"Ancient Tea Set":28,"Burning Blood":0,"ClockworkSouvenir":0,"Nunchaku":41,"TheAbacus":0,"Mummified Hand":54,"Gambling Chip":37,"Red Mask":21,"Chemical X":47,"Paper Frog":0,"Potion Belt":47,"Golden Idol":2,"Thread and Needle":53,"The Courier":2,"Omamori":0,"Frozen Egg 2":0,"Orichalcum":53,"Medical Kit":20,"Peace Pipe":1,"Strange Spoon":19,"REME:ComplimentaryCards":0,"Anchor":0,"CaptainsWheel":48,"Orrery":0,"Turnip":0,"Art of War":54,"Bag of Marbles":10,"Membership Card":0,"Bottled Lightning":27},{"Ice Cream":29,"Calipers":40,"Gremlin Horn":0,"Vajra":3,"Whetstone":27,"Old Coin":26,"Blood Vial":6,"Sozu":18,"Centennial Puzzle":13,"Lizard Tail":29,"HornCleat":4,"Sundial":41,"DollysMirror":52,"Prayer Wheel":0,"HandDrill":53,"Kunai":27,"Girya":0,"MerchantsRug":29,"Happy Flower":29,"Astrolabe":8,"Oddly Smooth Stone":23,"Pen Nib":53,"War Paint":19,"Du-Vu Doll":29,"OrangePellets":27,"Brimstone":0,"Shuriken":3,"Bronze Scales":16,"Mark of Pain":35,"Singing Bowl":37,"Torii":51,"Magic Flower":6,"Mango":27,"Bag of Preparation":27,"Incense Burner":33,"Ancient Tea Set":42,"Burning Blood":0,"ClockworkSouvenir":0,"Nunchaku":22,"TheAbacus":29,"Mummified Hand":55,"Gambling Chip":19,"Red Mask":11,"Chemical X":25,"Paper Frog":0,"Potion Belt":53,"Golden Idol":30,"Thread and Needle":27,"The Courier":1,"Omamori":0,"Frozen Egg 2":29,"Orichalcum":54,"Medical Kit":37,"Peace Pipe":30,"Strange Spoon":9,"REME:ComplimentaryCards":0,"Anchor":29,"CaptainsWheel":53,"Orrery":0,"Turnip":29,"Art of War":28,"Bag of Marbles":34,"Membership Card":0,"Bottled Lightning":14},{"Ice Cream":79,"Calipers":113,"Gremlin Horn":0,"Vajra":9,"Whetstone":74,"Old Coin":72,"Blood Vial":18,"Sozu":55,"Centennial Puzzle":38,"Lizard Tail":79,"HornCleat":11,"Sundial":116,"DollysMirror":151,"Prayer Wheel":0,"HandDrill":154,"Kunai":74,"Girya":0,"MerchantsRug":79,"Happy Flower":79,"Astrolabe":24,"Oddly Smooth Stone":65,"Pen Nib":154,"War Paint":57,"Du-Vu Doll":79,"OrangePellets":74,"Brimstone":0,"Shuriken":9,"Bronze Scales":47,"Mark of Pain":99,"Singing Bowl":105,"Torii":149,"Magic Flower":18,"Mango":74,"Bag of Preparation":74,"Incense Burner":93,"Ancient Tea Set":119,"Burning Blood":0,"ClockworkSouvenir":0,"Nunchaku":63,"TheAbacus":79,"Mummified Hand":159,"Gambling Chip":57,"Red Mask":32,"Chemical X":70,"Paper Frog":0,"Potion Belt":154,"Golden Idol":82,"Thread and Needle":74,"The Courier":4,"Omamori":0,"Frozen Egg 2":79,"Orichalcum":157,"Medical Kit":105,"Peace Pipe":82,"Strange Spoon":27,"REME:ComplimentaryCards":0,"Anchor":79,"CaptainsWheel":154,"Orrery":0,"Turnip":79,"Art of War":75,"Bag of Marbles":96,"Membership Card":0,"Bottled Lightning":41}]},"card_choices":[{"not_picked":["Perfected Strike","Flex"],"picked":"Power Through","floor":1},{"not_picked":["Flame Barrier","Hemokinesis"],"picked":"Carnage","floor":4},{"not_picked":["Reckless Charge","Flex"],"picked":"Pommel Strike","floor":5},{"not_picked":["Pommel Strike","Spot Weakness"],"picked":"Rampage","floor":7},{"not_picked":["Heavy Blade","Inflame+1","Barricade+1"],"picked":"SKIP","floor":10},{"not_picked":["Demon Form+1","Impervious"],"picked":"Juggernaut+1","floor":16},{"not_picked":["Inflame+1","Cleave","Spot Weakness+1"],"picked":"SKIP","floor":18},{"not_picked":["Spot Weakness+1","Infernal Blade","Twin Strike"],"picked":"SKIP","floor":19},{"not_picked":["Anger","Hemokinesis","True Grit"],"picked":"Singing Bowl","floor":21},{"not_picked":["Disarm","Infernal Blade","Body Slam"],"picked":"Singing Bowl","floor":22},{"not_picked":["Blood for Blood","Flame Barrier"],"picked":"Power Through","floor":23},{"not_picked":["Headbutt","Limit Break","Havoc+1"],"picked":"Singing Bowl","floor":25},{"not_picked":["Flex","Warcry+1"],"picked":"Evolve+1","floor":27},{"not_picked":["Power Through","Limit Break","Thunderclap+1"],"picked":"Singing Bowl","floor":30},{"not_picked":["Brutality+1","Exhume"],"picked":"Juggernaut+1","floor":33},{"not_picked":["Shrug It Off+1","Twin Strike","Battle Trance"],"picked":"Singing Bowl","floor":35},{"not_picked":["Flame Barrier","Ghostly Armor+1","Iron Wave+1"],"picked":"Singing Bowl","floor":37},{"not_picked":["Clash+1","Anger","Burning Pact"],"picked":"Singing Bowl","floor":38},{"not_picked":["Clothesline+1","Iron Wave","Pommel Strike+1"],"picked":"Singing Bowl","floor":39},{"not_picked":["Ghostly Armor","Pummel"],"picked":"Feel No Pain+1","floor":40},{"not_picked":["Sever Soul","Iron Wave","Uppercut+1"],"picked":"Singing Bowl","floor":41},{"not_picked":["Reckless Charge+1","Wild Strike","Bloodletting+1"],"picked":"Singing Bowl","floor":42},{"not_picked":["Clothesline+1","Bloodletting+1","Rupture+1"],"picked":"Singing Bowl","floor":45},{"not_picked":["Iron Wave+1","Anger"],"picked":"Warcry","floor":47},{"not_picked":["Ghostly Armor+1","Wild Strike","Iron Wave+1"],"picked":"Singing Bowl","floor":54}],"player_experience":149888,"relics_obtained":[{"floor":7,"key":"Incense Burner"},{"floor":9,"key":"Happy Flower"},{"floor":10,"key":"Bag of Marbles"},{"floor":22,"key":"Red Mask"},{"floor":23,"key":"Calipers"},{"floor":25,"key":"Art of War"},{"floor":26,"key":"Sundial"},{"floor":27,"key":"Oddly Smooth Stone"},{"floor":40,"key":"Shuriken"},{"floor":42,"key":"Torii"},{"floor":43,"key":"Centennial Puzzle"},{"floor":47,"key":"Potion Belt"},{"floor":54,"key":"Mummified Hand"}],"event_choices":[{"damage_healed":0,"gold_gain":0,"player_choice":"Take Damage","damage_taken":20,"relics_obtained":["Golden Idol"],"max_hp_gain":0,"max_hp_loss":0,"event_name":"Golden Idol","floor":2,"gold_loss":0},{"damage_healed":0,"gold_gain":63,"player_choice":"Gained Gold","damage_taken":0,"max_hp_gain":0,"max_hp_loss":0,"event_name":"Golden Wing","floor":3,"gold_loss":0},{"damage_healed":0,"gold_gain":0,"player_choice":"Donut","damage_taken":0,"max_hp_gain":5,"max_hp_loss":0,"event_name":"Big Fish","floor":14,"gold_loss":0},{"damage_healed":0,"gold_gain":0,"player_choice":"Fought Bandits","damage_taken":0,"max_hp_gain":0,"max_hp_loss":0,"event_name":"Masked Bandits","floor":22,"gold_loss":0},{"damage_healed":0,"gold_gain":0,"player_choice":"Obtained Relic","damage_taken":0,"relics_obtained":["Ancient Tea Set"],"max_hp_gain":0,"max_hp_loss":0,"event_name":"Addict","floor":28,"gold_loss":85},{"damage_healed":0,"gold_gain":0,"cards_transformed":["Juggernaut"],"player_choice":"Transformed","damage_taken":0,"max_hp_gain":0,"max_hp_loss":0,"event_name":"Transmorgrifier","floor":36,"gold_loss":0,"cards_obtained":["Bludgeon"]},{"cards_removed":["Bludgeon"],"damage_healed":0,"gold_gain":0,"player_choice":"Removed Attack","damage_taken":0,"max_hp_gain":0,"max_hp_loss":0,"event_name":"Falling","floor":44,"gold_loss":0}],"is_beta":false,"boss_relics":[{"not_picked":["Runic Cube","Runic Dome"],"picked":"Mark of Pain"},{"not_picked":["SacredBark","Tiny House"],"picked":"Sozu"}],"items_purged_floors":[],"is_endless":false,"potions_floor_spawned":[1,5,7,19,23,25,33,37,39,40,54],"ascension_level":10}}