{"host":"u8gwyxapu65l7nuk","time":1612417167,"event":{"mods":["BaseMod","Custom Start","Minty Spire (QoL Compilation)","StSLib"],"gold_per_floor":[112,112,124,149,161,191,191,191,217,243,255,296,308,332,344,460,472,504,516,528,540,193,228,247,247,321,356,356,390,403,417,417,513,513,525,542,542,554,69,102,102,131,131,151,151,231,242,242,242,242,242,242,96,125,125],"floor_reached":56,"language":"ENG","playtime":2364,"items_purged":["Injury"],"score":1614,"play_id":"e7dc3254-faf3-41f3-8fc9-5935d985c4cf","local_time":"20210204133927","is_ascension_mode":true,"campfire_choices":[{"data":"MasterReality","floor":8.0,"key":"SMITH"},{"floor":11.0,"key":"REST"},{"data":"ConjureBlade","floor":15.0,"key":"SMITH"},{"data":"Strike_P","floor":25.0,"key":"PURGE"},{"data":"LikeWater","floor":32.0,"key":"SMITH"},{"floor":45,"key":"REST"},{"floor":49,"key":"RECALL"},{"data":"TalkToTheHand","floor":52,"key":"SMITH"}],"circlet_count":0,"master_deck":["ConjureBlade+1","MasterReality+1","Vigilance","Defend_P+1","Defend_P+1","Defend_P+1","Defend_P","Eruption+1","LikeWater+1","FlyingSleeves","Prostrate+1","Evaluate+1","Prostrate+1","Omniscience+1","CurseOfTheBell","EmptyBody+1","WaveOfTheHand+1","LessonLearned","Worship+1","Pray+1","TalkToTheHand+1","LikeWater+1","ForeignInfluence+1","DevaForm","PathToVictory+1","FlurryOfBlows","TalkToTheHand+1","Master of Strategy+1","Madness+1","Madness+1","CutThroughFate+1","CutThroughFate+1","Bandage Up+1"],"relics":["PureWater","HolyWater","Chemical X","Ancient Tea Set","Lantern","Bottled Lightning","Bottled Tornado","Black Star","Damaru","Nunchaku","Question Card","Juzu Bracelet","PreservedInsect","MawBank","Turnip","Mango","Pocketwatch","Toxic Egg 2","Calling Bell","Smiling Mask","Meat on the Bone","Peace Pipe","CaptainsWheel","FossilizedHelix","Darkstone Periapt","Centennial Puzzle","Lizard Tail","Potion Belt","Tiny Chest","Black Star","Medical Kit","Strawberry","Ornamental Fan","HornCleat","Molten Egg 2","Regal Pillow","Du-Vu Doll","Pantograph","War Paint","Blue Candle","Vajra"],"acts_visited":["Exordium","TheCity","TheBeyond","TheEnding"],"potions_floor_usage":[40,55,55,55,55,55],"damage_taken":[{"damage":7.0,"enemies":"2 Louse","floor":1.0,"turns":4.0},{"damage":0.0,"enemies":"Jaw Worm","floor":3.0,"turns":2.0},{"damage":0.0,"enemies":"Cultist","floor":5.0,"turns":3.0},{"damage":0.0,"enemies":"Lagavulin","floor":6.0,"turns":3.0},{"damage":9.0,"enemies":"3 Sentries","floor":10.0,"turns":6.0},{"damage":0.0,"enemies":"Lagavulin","floor":12.0,"turns":2.0},{"damage":0.0,"enemies":"Looter","floor":14.0,"turns":2.0},{"damage":1.0,"enemies":"Slime Boss","floor":16.0,"turns":3.0},{"damage":15.0,"enemies":"Shell Parasite","floor":18.0,"turns":3.0},{"damage":41.0,"enemies":"Gremlin Leader","floor":23.0,"turns":4.0},{"damage":5.0,"enemies":"Chosen","floor":24.0,"turns":3.0},{"damage":29.0,"enemies":"Slavers","floor":27.0,"turns":10.0},{"damage":6.0,"enemies":"Book of Stabbing","floor":29.0,"turns":2.0},{"damage":0.0,"enemies":"Centurion and Healer","floor":30.0,"turns":1.0},{"damage":7.0,"enemies":"Snake Plant","floor":31.0,"turns":2.0},{"damage":0.0,"enemies":"Champ","floor":33.0,"turns":4.0},{"damage":32.0,"enemies":"3 Darklings","floor":35.0,"turns":8.0},{"damage":0.0,"enemies":"Orb Walker","floor":36.0,"turns":1.0},{"damage":28.0,"enemies":"Transient","floor":38.0,"turns":5.0},{"damage":0,"enemies":"Reptomancer","floor":40,"turns":2},{"damage":12,"enemies":"Giant Head","floor":42,"turns":8},{"damage":36,"enemies":"4 Shapes","floor":44,"turns":5},{"damage":0,"enemies":"Writhing Mass","floor":47,"turns":2},{"damage":50,"enemies":"Awakened One","floor":50,"turns":10},{"damage":0,"enemies":"Shield and Spear","floor":54,"turns":1},{"damage":62,"enemies":"The Heart","floor":55,"turns":9}],"seed_played":"-3152232497541466107","potions_obtained":[{"floor":5.0,"key":"PowerPotion"},{"floor":12.0,"key":"LiquidBronze"},{"floor":14.0,"key":"Dexterity Potion"},{"floor":23.0,"key":"Fire Potion"},{"floor":33.0,"key":"DuplicationPotion"},{"floor":36.0,"key":"Ancient Potion"},{"floor":42,"key":"LiquidBronze"},{"floor":54,"key":"BlessingOfTheForge"}],"is_trial":true,"path_per_floor":["M","?","M","T","M","E","?","R","T","E","R","E","?","M","R","B",null,"M","?","?","?","$","E","M","R","T","E","?","E","M","M","R","B",null,"M","M","?","M","$","E","?","E","T","M","R","T","M","?","R","B",null,"R","$","E","B",null],"character_chosen":"WATCHER","items_purchased":["CaptainsWheel","Medical Kit","Strawberry","Master of Strategy+1","War Paint"],"campfire_rested":2,"item_purchase_floors":[22,39,39,39,53],"current_hp_per_floor":[65,51,51,51,51,51,33,33,33,24,45,59,59,59,59,58,86,71,71,71,71,71,42,49,49,49,32,32,38,50,55,55,55,86,54,54,54,38,45,57,45,45,45,21,63,63,63,63,63,55,93,93,93,93,49],"gold":125,"neow_bonus":"","is_daily":false,"chose_seed":false,"campfire_upgraded":4,"win_rate":0.0,"timestamp":1612417167,"path_taken":["M","?","M","?","?","E","?","R","T","E","R","E","?","M","R","BOSS","M","?","?","?","$","E","M","R","T","E","?","E","M","M","R","BOSS","M","M","?","M","?","E","?","E","T","M","R","?","M","?","R","BOSS","R","$","E","BOSS"],"items_purchased_type":["Relic","Relic","Relic","Card","Relic"],"build_version":"2020-12-22","purchased_purges":1,"victory":true,"max_hp_per_floor":[72,72,72,72,72,72,72,72,72,72,72,86,86,86,86,86,86,86,86,86,86,86,86,86,86,86,86,86,86,86,86,86,86,86,86,86,86,86,93,93,93,93,93,93,93,93,93,93,93,93,93,93,93,93,93],"card_choices":[{"not_picked":["Crescendo","DeceiveReality"],"picked":"LikeWater","floor":1.0},{"not_picked":["SashWhip","Prostrate"],"picked":"FlyingSleeves","floor":3.0},{"not_picked":["Meditate","Halt","FlyingSleeves"],"picked":"SKIP","floor":5.0},{"not_picked":["Nirvana","FlyingSleeves"],"picked":"Prostrate","floor":6.0},{"not_picked":["MasterReality","Wireheading","ThirdEye"],"picked":"Evaluate","floor":10.0},{"not_picked":["SashWhip","ReachHeaven","Study","CrushJoints"],"picked":"SKIP","floor":12.0},{"not_picked":["FlurryOfBlows","EmptyBody+1","CutThroughFate"],"picked":"Prostrate+1","floor":14.0},{"not_picked":["Vault+1","SpiritShield+1","Establishment"],"picked":"Omniscience+1","floor":16.0},{"not_picked":["Halt+1","ClearTheMind+1","MentalFortress+1"],"picked":"EmptyBody+1","floor":18.0},{"not_picked":["Evaluate+1","Sanctity+1","FlyingSleeves"],"picked":"Worship+1","floor":23.0},{"not_picked":["FlurryOfBlows","JustLucky","Weave"],"picked":"Pray+1","floor":24.0},{"not_picked":["Wish+1","Consecrate","Halt+1"],"picked":"TalkToTheHand","floor":27.0},{"not_picked":["Swivel+1","Sanctity+1","FlyingSleeves"],"picked":"LikeWater","floor":29.0},{"not_picked":["BowlingBash","Wallop+1","SignatureMove","Swivel+1"],"picked":"SKIP","floor":30.0},{"not_picked":["CarveReality+1","Collect+1","EmptyBody+1"],"picked":"ForeignInfluence+1","floor":31.0},{"not_picked":["Scrawl+1","Omniscience+1","ConjureBlade+1"],"picked":"DevaForm","floor":33.0},{"not_picked":["Halt+1","FlyingSleeves+1","JustLucky+1"],"picked":"PathToVictory+1","floor":35.0},{"not_picked":["Halt+1","Establishment","DeceiveReality+1"],"picked":"FlurryOfBlows","floor":36.0},{"not_picked":["Conclude","SashWhip+1","PathToVictory+1"],"picked":"TalkToTheHand","floor":38.0},{"not_picked":["Meditate+1","Weave+1","PathToVictory+1","Halt+1"],"picked":"SKIP","floor":40},{"not_picked":["Pray+1","SashWhip+1","FlyingSleeves+1"],"picked":"CutThroughFate+1","floor":42},{"not_picked":["Study","Perseverance+1","JustLucky+1","EmptyBody+1"],"picked":"SKIP","floor":44},{"not_picked":["WheelKick+1","Swivel+1","Wish+1"],"picked":"CutThroughFate+1","floor":47},{"not_picked":["Forethought+1","Jack Of All Trades+1","Good Instincts+1"],"picked":"Bandage Up+1","floor":48},{"not_picked":["Halt+1","Conclude+1","Scrawl+1","Collect+1"],"picked":"SKIP","floor":54}],"player_experience":232729,"relics_obtained":[{"floor":4.0,"key":"Damaru"},{"floor":6.0,"key":"Nunchaku"},{"floor":6.0,"key":"Question Card"},{"floor":9.0,"key":"PreservedInsect"},{"floor":10.0,"key":"MawBank"},{"floor":10.0,"key":"Turnip"},{"floor":12.0,"key":"Mango"},{"floor":12.0,"key":"Pocketwatch"},{"floor":17.0,"key":"Smiling Mask"},{"floor":17.0,"key":"Meat on the Bone"},{"floor":17.0,"key":"Peace Pipe"},{"floor":23.0,"key":"FossilizedHelix"},{"floor":23.0,"key":"Darkstone Periapt"},{"floor":27.0,"key":"Centennial Puzzle"},{"floor":27.0,"key":"Lizard Tail"},{"floor":29.0,"key":"Potion Belt"},{"floor":29.0,"key":"Tiny Chest"},{"floor":40,"key":"Ornamental Fan"},{"floor":40,"key":"HornCleat"},{"floor":42,"key":"Molten Egg 2"},{"floor":42,"key":"Regal Pillow"},{"floor":43,"key":"Du-Vu Doll"},{"floor":46,"key":"Pantograph"},{"floor":54,"key":"Blue Candle"},{"floor":54,"key":"Vajra"}],"event_choices":[{"damage_healed":0.0,"max_hp_gain":0.0,"max_hp_loss":0.0,"gold_gain":0.0,"event_name":"Shining Light","player_choice":"Entered Light","floor":2.0,"gold_loss":0.0,"damage_taken":14.0,"cards_upgraded":["LikeWater","Defend_P"]},{"damage_healed":0.0,"max_hp_gain":0.0,"max_hp_loss":0.0,"gold_gain":0.0,"event_name":"Scrap Ooze","player_choice":"Success","floor":7.0,"gold_loss":0.0,"damage_taken":18.0,"relics_obtained":["Juzu Bracelet"]},{"damage_healed":0.0,"max_hp_gain":0.0,"max_hp_loss":0.0,"gold_gain":0.0,"event_name":"Big Fish","player_choice":"Box","floor":13.0,"gold_loss":0.0,"damage_taken":0.0,"relics_obtained":["Toxic Egg 2"],"cards_obtained":["Regret"]},{"cards_removed":["Strike_P"],"damage_healed":0.0,"max_hp_gain":0.0,"max_hp_loss":0.0,"gold_gain":0.0,"event_name":"Back to Basics","player_choice":"Elegance","floor":19.0,"gold_loss":0.0,"damage_taken":0.0},{"damage_healed":0.0,"max_hp_gain":0.0,"max_hp_loss":0.0,"gold_gain":0.0,"cards_transformed":["Strike_P"],"event_name":"Transmorgrifier","player_choice":"Transformed","floor":20.0,"gold_loss":0.0,"damage_taken":0.0,"cards_obtained":["WaveOfTheHand"]},{"damage_healed":0.0,"max_hp_gain":0.0,"max_hp_loss":0.0,"gold_gain":0.0,"cards_transformed":["Regret","Strike_P"],"event_name":"Drug Dealer","player_choice":"Became Test Subject","floor":21.0,"gold_loss":0.0,"damage_taken":0.0,"cards_obtained":["Injury","LessonLearned"]},{"damage_healed":0.0,"max_hp_gain":0.0,"max_hp_loss":0.0,"gold_gain":0.0,"event_name":"Beggar","player_choice":"Ignored","floor":28.0,"gold_loss":0.0,"damage_taken":0.0},{"damage_healed":0.0,"max_hp_gain":0.0,"max_hp_loss":0.0,"gold_gain":0.0,"event_name":"Upgrade Shrine","player_choice":"Upgraded","floor":37.0,"gold_loss":0.0,"damage_taken":0.0,"cards_upgraded":["TalkToTheHand"]},{"damage_healed":0,"gold_gain":0,"player_choice":"Embrace Madness","damage_taken":12,"max_hp_gain":0,"max_hp_loss":0,"event_name":"Winding Halls","floor":41,"gold_loss":0,"cards_obtained":["Madness","Madness"]},{"damage_healed":0,"gold_gain":0,"player_choice":"Memory 1","damage_taken":0,"max_hp_gain":0,"max_hp_loss":0,"event_name":"SensoryStone","floor":48,"gold_loss":0}],"is_beta":false,"boss_relics":[{"not_picked":["Sozu","Philosopher\u0027s Stone"],"picked":"Calling Bell"},{"not_picked":["Tiny House","Coffee Dripper"],"picked":"Black Star"}],"items_purged_floors":[22],"is_endless":false,"potions_floor_spawned":[5,12,14,18,23,27,33,36,42,54],"ascension_level":1}}