{"host":"iy2a593ihq2f18ts","time":1612408209,"event":{"mods":["2.2 Compatiblity","AchievementEnabler","BaseMod","Bestiary","Better Third Choice","Block Reminder","Card Forge","Curses Come First","Dark Map","Downfall","Energized Spire","Hermit","Marisa????????","Minty Spire (QoL Compilation)","Rare Cards Sparkle","Reliquary","Replay The Spire","StSLib","SuperFastMode","The Bug Knight","The Necromancer","The Runesmith","The Servant 0.9.4"],"gold_per_floor":[114,114,114,125,13,13,38,49,97,97,121,141,151,171,171,275,275,286,306,306,49,49,49,65,90,90,90,90,128,53,152,152,152,152],"floor_reached":33,"language":"ENG","playtime":762,"items_purged":["hermit:Strike_Hermit+1"],"score":358,"play_id":"4a97cc90-a264-4bce-925e-c3942ee9cb06","local_time":"20210203191009","is_ascension_mode":false,"campfire_choices":[{"floor":6,"key":"RECALL"},{"floor":10,"key":"REST"},{"floor":15,"key":"REST"},{"floor":23,"key":"REST"},{"data":"1","floor":28,"key":"LIFT"},{"floor":32,"key":"REST"}],"circlet_count":0,"master_deck":["hermit:Strike_Hermit+1","hermit:Strike_Hermit+1","hermit:Defend_Hermit+1","hermit:Defend_Hermit+1","hermit:Defend_Hermit+1","hermit:Snapshot+1","hermit:Covet+1","hermit:Horror+1","Death_March_Dance+1","hermit:Quickdraw+1","hermit:GoldenBullet+1","hexamod:GhostflameBarrier+1","Tantrum+1","Infernal Blade+1"],"relics":["hermit:Momento","Hammer of Thor","Seething Fire","Anvil of the Gods","NeowsBlessing","PrismaticShard","Meat on the Bone","War Paint","Replay:Rubber Ducky","Replay:Ancient Bell","reliquary:RoseTintedGlasses","Quantum Egg","Girya","Nilry\u0027s Codex","Runesmith:Nanobots","NlothsMask","CeramicFish","Replay:Bottled Steam","Gremlin Food"],"acts_visited":["Exordium","TheCity"],"potions_floor_usage":[12,18,25,29,29,33],"damage_taken":[{"damage":0,"enemies":"2 Louse","floor":1,"turns":1},{"damage":0,"enemies":"Small Slimes","floor":4,"turns":2},{"damage":0,"enemies":"3 Sentries","floor":7,"turns":1},{"damage":0,"enemies":"Jaw Worm","floor":8,"turns":3},{"damage":0,"enemies":"Gremlin Gang","floor":12,"turns":2},{"damage":0,"enemies":"Looter","floor":13,"turns":2},{"damage":0,"enemies":"Exordium Thugs","floor":14,"turns":3},{"damage":0,"enemies":"Slime Boss","floor":16,"turns":4},{"damage":5,"enemies":"3 Byrds","floor":18,"turns":4},{"damage":4,"enemies":"Shell Parasite","floor":19,"turns":6},{"damage":0,"enemies":"Sentry and Sphere","floor":24,"turns":1},{"damage":25,"enemies":"Book of Stabbing","floor":25,"turns":3},{"damage":22,"enemies":"Replay:Snechameleon","floor":29,"turns":4},{"damage":59,"enemies":"Champ","floor":33,"turns":5}],"seed_played":"-7152053345642467562","potions_obtained":[{"floor":1,"key":"Adrenaline Potion"},{"floor":7,"key":"bronze:BurnAndBuffPotion"},{"floor":14,"key":"ColorlessPotion"},{"floor":18,"key":"Adrenaline Potion"},{"floor":19,"key":"Ancient Potion"},{"floor":29,"key":"Guardian:BlockOnCardUsePotion"}],"is_trial":false,"path_per_floor":["M","?","?","M","$","R","E","M","T","R","T","M","M","M","R","B",null,"M","M","?","$","?","R","M","E","T","T","R","E","$","?","R","B"],"character_chosen":"HERMIT","items_purchased":["hermit:Quickdraw","hermit:GoldenBullet","Runesmith:Nanobots"],"campfire_rested":4,"item_purchase_floors":[5,5,21],"current_hp_per_floor":[75,75,75,75,75,75,75,75,75,75,75,75,75,75,75,75,75,70,66,50,50,50,72,72,47,47,47,47,37,37,37,59,0,0],"gold":152,"neow_bonus":"THREE_ENEMY_KILL","is_daily":false,"chose_seed":false,"campfire_upgraded":0,"win_rate":0.0,"timestamp":1612408209,"path_taken":["M","?","?","M","$","R","E","M","T","R","?","?","M","M","R","BOSS","M","?","?","?","?","R","?","E","T","?","R","E","$","?","R","BOSS"],"items_purchased_type":["Card","Card","Relic"],"build_version":"2020-12-22","purchased_purges":1,"victory":false,"max_hp_per_floor":[75,75,75,75,75,75,75,75,75,75,75,75,75,75,75,75,75,75,75,75,75,75,75,75,75,75,75,75,75,75,75,75,75,75],"card_choices":[{"not_picked":["hermit:LowProfile","hermit:Snipe"],"picked":"hermit:Horror","floor":1},{"not_picked":["HollowMod:MantisMark","Runesmith:Accelerate"],"picked":"Death_March_Dance","floor":4},{"not_picked":["Atom Bomb","hexamod:FastForward"],"picked":"hexamod:GhostflameBarrier","floor":7},{"not_picked":["champ:GutPunch","hermit:Virtue"],"picked":"Tantrum","floor":8},{"not_picked":["Purity","hermit:Shortfuse","HollowMod:GoodIntentions"],"picked":"SKIP","floor":12},{"not_picked":["hexamod:HeatCrush","sneckomod:MasterEye","GasGiant"],"picked":"SKIP","floor":13},{"not_picked":["ShatteredReality","hexamod:PhantomCloak","Runesmith:MakeshiftArmor"],"picked":"SKIP","floor":14},{"not_picked":["Normality","downfall:Bewildered"],"picked":"ReplayTheSpireMod:Faulty Equipment","floor":17},{"not_picked":["downfall:Bewildered","Sickly"],"picked":"Replay:Hysterical Blindness","floor":17},{"not_picked":["downfall:Aged","downfall:Haunted"],"picked":"Overencumbered","floor":17},{"not_picked":["Fusion","sneckomod:UnknownClassMARISA_DERIVATIONS+1","EmptyFist"],"picked":"SKIP","floor":18},{"not_picked":["MysteriousBeam","Collect+1","Run Through"],"picked":"SKIP","floor":19},{"not_picked":["bronze:Shield","sneckomod:UnknownWeak","hermit:Midnight"],"picked":"SKIP","floor":24},{"not_picked":["EarthLightRay+1","BlazingStar","hermit:ItchyTrigger"],"picked":"SKIP","floor":25},{"not_picked":["Replay:BluntJabs","Crippling Poison"],"picked":"Infernal Blade","floor":29}],"player_experience":17361,"relics_obtained":[{"floor":7,"key":"Meat on the Bone"},{"floor":9,"key":"War Paint"},{"floor":11,"key":"Replay:Rubber Ducky"},{"floor":20,"key":"Nilry\u0027s Codex"},{"floor":25,"key":"CeramicFish"},{"floor":27,"key":"Replay:Bottled Steam"},{"floor":29,"key":"Gremlin Food"}],"event_choices":[{"damage_healed":0,"gold_gain":0,"player_choice":"Obtained Book","damage_taken":16,"max_hp_gain":0,"max_hp_loss":0,"event_name":"Cursed Tome","floor":20,"gold_loss":0},{"damage_healed":0,"gold_gain":0,"player_choice":"Trade","damage_taken":0,"relics_obtained":["NlothsMask"],"max_hp_gain":0,"max_hp_loss":0,"event_name":"FaceTrader","floor":22,"gold_loss":0},{"damage_healed":0,"gold_gain":99,"player_choice":"Steal","damage_taken":0,"max_hp_gain":0,"max_hp_loss":0,"event_name":"betterThird:BetterNest","floor":31,"gold_loss":0}],"is_beta":false,"boss_relics":[{"not_picked":["bronze:MakeshiftBattery","Black Star"],"picked":"Replay:Ancient Bell"},{"not_picked":["reliquary:PartyBalloon","reliquary:TatteredRug"],"picked":"reliquary:RoseTintedGlasses"},{"not_picked":["reliquary:PrincelyHelmet","Ornamental Fan"],"picked":"Quantum Egg"},{"not_picked":["Replay:Towering Pillar of Hats","Bird Faced Urn"],"picked":"Girya"}],"items_purged_floors":[30],"is_endless":false,"potions_floor_spawned":[1,7,14,18,19,29],"killed_by":"Champ","ascension_level":0}}