{"host":"bxdue9bkfm2khp2x","time":1612426050,"event":{"mods":["ATMod(阿瑾Mod)","Arknights","Aspiration","BaseMod","Better Vampires","Challenge The Spire","Colored Map","Colored Powertips","Conspire","Decade(王小明)","Dota2Spire","Highlight Path","Minty Spire (QoL Compilation)","MostiFishMod","Reliquary","Remilia（蕾米莉亚）","Replay The Spire","RumiaBox-露米娅的神秘盒子","Ryuuou龙王","Spicy Shops","StSLib","Td1madao Mod","The Alterego","The Bug Knight","The Cursed","The Servant 0.9.4","WarShipGirlsR/战舰少女R mod","Wide Potions","noobMod","【功能Mod】混沌之环修复补丁","【遗物卡牌】REMEMod","残留之物","篝火指南"],"gold_per_floor":[112,125,140,140,159,159,159,176,203,203,215,140,140,163,163,163,163],"floor_reached":16,"language":"ZHS","playtime":586,"items_purged":["rmod:maingunfire"],"score":170,"play_id":"b11d7dcb-501d-4da0-a708-2d400d4ba8dc","local_time":"20210204160730","is_ascension_mode":true,"campfire_choices":[{"data":"rmod:supportescort","floor":6,"key":"SMITH"},{"data":"rmod:secretscript","floor":10,"key":"SMITH"},{"data":"rmod:basicallowance","floor":13,"key":"SMITH"},{"data":"ats:Healing Drone","floor":15,"key":"SMITH"}],"circlet_count":0,"master_deck":["AscendersBane","rmod:strick","rmod:strick","rmod:strick","rmod:defend","rmod:defend","rmod:defend","rmod:defend","rmod:basicallowance+1","ats:Healing Drone+1","AT_Desolate","rmod:firesupport","rmod:supportescort+1","rmod:secretscript+1","rmod:overbreakdown"],"relics":["rmod:firstchargereward","DaveBox","REME_ComplimentaryCards","ice","AT_ATBox","ExusiaiGun","SynthV:TestCard","Dota2Spire:PowerTreads","Orichalcum"],"acts_visited":["Exordium"],"potions_floor_usage":[],"damage_taken":[{"damage":0.0,"enemies":"Cultist","floor":1.0,"turns":1.0},{"damage":0.0,"enemies":"Jaw Worm","floor":2.0,"turns":1.0},{"damage":0.0,"enemies":"2 Louse","floor":3.0,"turns":1.0},{"damage":10,"enemies":"Lots of Slimes","floor":5,"turns":4},{"damage":26,"enemies":"Exordium Thugs","floor":8,"turns":3},{"damage":5,"enemies":"Gremlin Gang","floor":11,"turns":3},{"damage":0,"enemies":"Fading Forest","floor":16,"turns":3}],"seed_played":"3516297722538303543","potions_obtained":[{"floor":1.0,"key":"Block Potion"}],"is_trial":false,"path_per_floor":["M","M","M","?","M","R","?","M","T","R","M","$","R","T","R","B"],"character_chosen":"PRAEFECT","items_purchased":[],"campfire_rested":0,"item_purchase_floors":[],"current_hp_per_floor":[70,70,70,70,66,66,66,46,46,46,41,41,41,41,41,41,41],"gold":163,"neow_bonus":"TEN_PERCENT_HP_BONUS","is_daily":false,"chose_seed":false,"campfire_upgraded":4,"win_rate":0.0,"timestamp":1612426050,"path_taken":["M","?","M","?","M","R","?","M","T","R","?","$","R","?","R","BOSS"],"items_purchased_type":[],"build_version":"2020-12-22","purchased_purges":1,"victory":false,"max_hp_per_floor":[77,77,77,77,77,77,77,77,77,77,77,77,77,77,77,77,77],"card_choices":[{"not_picked":["rmod:heivgo","rmod:ammunitionsupply"],"picked":"rmod:firesupport","floor":1.0},{"not_picked":["rmod:luckystar","rmod:combined","rmod:highspeedshooting","rmod:supportescort","rmod:victimresponsibility"],"picked":"SKIP","floor":2.0},{"not_picked":["rmod:firesupport","rmod:fuelsupply","rmod:aggressivemary","rmod:unsinkable","rmod:garrisonisland"],"picked":"SKIP","floor":3.0},{"not_picked":["rmod:unsinkable","rmod:spoils","rmod:circuitoustactics","rmod:wasp"],"picked":"rmod:supportescort","floor":5},{"not_picked":["rmod:combined","rmod:victimresponsibility","rmod:ammunitionsupply","rmod:aviationdawn"],"picked":"rmod:secretscript","floor":8},{"not_picked":["rmod:highspeedshooting","rmod:advancebysurprise","rmod:luckystar","rmod:ammunitionsupply"],"picked":"rmod:overbreakdown","floor":11}],"player_experience":1423338,"relics_obtained":[{"floor":1.0,"key":"SynthV:TestCard"},{"floor":9,"key":"Dota2Spire:PowerTreads"},{"floor":14,"key":"Orichalcum"}],"event_choices":[{"damage_healed":0,"gold_gain":0,"player_choice":"Fled","damage_taken":0,"max_hp_gain":0,"max_hp_loss":0,"event_name":"Scrap Ooze","floor":4,"gold_loss":0},{"cards_removed":["rmod:strick"],"damage_healed":0,"gold_gain":0,"player_choice":"Card Removal","damage_taken":0,"max_hp_gain":0,"max_hp_loss":0,"event_name":"Wheel of Change","floor":7,"gold_loss":0}],"is_beta":false,"boss_relics":[],"items_purged_floors":[12],"is_endless":false,"potions_floor_spawned":[1,5],"killed_by":"Fading Forest","ascension_level":17}}