{"host":"x5w9zppki4gdwvc7","time":1612409983,"event":{"mods":["AchievementEnabler","BaseMod","Colored Powertips","DeckTracker","Minty Spire (QoL Compilation)","Relic Sorter"],"gold_per_floor":[115,80,80,80,80,80,80,105,105,105,179,194,44,44,44,148,198,211,211,161,177,29,29,29],"floor_reached":23,"language":"ENG","playtime":1085,"items_purged":[],"score":183,"play_id":"7dc1e8d2-a0e8-4da4-9e48-6ff5f3afb5be","local_time":"20210204043943","is_ascension_mode":false,"campfire_choices":[{"data":"FearNoEvil","floor":6,"key":"SMITH"},{"floor":10,"key":"REST"},{"data":"SignatureMove","floor":15,"key":"SMITH"}],"circlet_count":0,"master_deck":["Strike_P","Defend_P","Defend_P","Defend_P+1","Defend_P","Eruption","Vigilance+1","FearNoEvil+1","SignatureMove+1","InnerPeace","LessonLearned","TalkToTheHand","Wish"],"relics":["PureWater","Oddly Smooth Stone","Singing Bowl","Kunai","InkBottle","Ornamental Fan","PreservedInsect","Tiny House","Orichalcum"],"acts_visited":["Exordium","TheCity"],"potions_floor_usage":[16,16,23,23],"damage_taken":[{"damage":4,"enemies":"Jaw Worm","floor":1,"turns":5},{"damage":50,"enemies":"3 Sentries","floor":8,"turns":12},{"damage":0,"enemies":"Small Slimes","floor":12,"turns":3},{"damage":31,"enemies":"The Guardian","floor":16,"turns":13},{"damage":24,"enemies":"2 Thieves","floor":18,"turns":5},{"damage":19,"enemies":"Chosen","floor":21,"turns":8},{"damage":51,"enemies":"Gremlin Leader","floor":23,"turns":6}],"seed_played":"-1898658132934604083","potions_obtained":[{"floor":1,"key":"BlessingOfTheForge"},{"floor":12,"key":"LiquidMemories"},{"floor":16,"key":"FearPotion"},{"floor":17,"key":"EssenceOfSteel"},{"floor":21,"key":"GamblersBrew"}],"is_trial":false,"path_per_floor":["M","?","?","T","?","R","T","E","T","R","?","M","$","?","R","B",null,"M","?","?","M","$","E"],"character_chosen":"WATCHER","items_purchased":["PreservedInsect","Orichalcum"],"campfire_rested":1,"item_purchase_floors":[13,22],"current_hp_per_floor":[68,72,69,69,69,69,69,19,19,40,40,40,40,40,40,9,79,57,57,57,40,40,0,0],"gold":29,"neow_bonus":"REMOVE_CARD","is_daily":false,"chose_seed":false,"campfire_upgraded":2,"win_rate":0.0,"timestamp":1612409983,"path_taken":["M","?","?","?","?","R","?","E","T","R","?","?","$","?","R","BOSS","M","?","?","?","?","E"],"items_purchased_type":["Relic","Relic"],"build_version":"2020-12-22","purchased_purges":0,"victory":false,"max_hp_per_floor":[72,72,72,72,72,72,72,72,72,72,72,72,72,72,72,72,79,81,81,81,83,83,83,83],"card_choices":[{"not_picked":["ClearTheMind","Halt"],"picked":"FearNoEvil","floor":1},{"not_picked":["Collect","WreathOfFlame"],"picked":"SignatureMove","floor":8},{"not_picked":["Pray","FlurryOfBlows"],"picked":"InnerPeace","floor":12},{"not_picked":["Brilliance","ConjureBlade"],"picked":"LessonLearned","floor":16},{"not_picked":["DeceiveReality","SashWhip","Consecrate"],"picked":"Singing Bowl","floor":17},{"not_picked":["Protect","SashWhip+1","EmptyFist"],"picked":"Singing Bowl","floor":18},{"not_picked":["SashWhip+1","EmptyFist","Nirvana+1"],"picked":"Singing Bowl","floor":21}],"player_experience":436386,"relics_obtained":[{"floor":4,"key":"Singing Bowl"},{"floor":7,"key":"Kunai"},{"floor":8,"key":"InkBottle"},{"floor":9,"key":"Ornamental Fan"}],"event_choices":[{"damage_healed":18,"gold_gain":0,"player_choice":"Healed","damage_taken":0,"max_hp_gain":0,"max_hp_loss":0,"event_name":"The Cleric","floor":2,"gold_loss":35},{"damage_healed":0,"gold_gain":0,"player_choice":"Success","damage_taken":3,"relics_obtained":["Oddly Smooth Stone"],"max_hp_gain":0,"max_hp_loss":0,"event_name":"Scrap Ooze","floor":3,"gold_loss":0},{"damage_healed":0,"gold_gain":0,"player_choice":"Grow","damage_taken":0,"max_hp_gain":0,"max_hp_loss":0,"event_name":"Living Wall","floor":5,"gold_loss":0,"cards_upgraded":["Vigilance"]},{"damage_healed":0,"gold_gain":74,"player_choice":"Gained Gold","damage_taken":0,"max_hp_gain":0,"max_hp_loss":0,"event_name":"Golden Wing","floor":11,"gold_loss":0},{"damage_healed":0,"gold_gain":0,"player_choice":"Ignored","damage_taken":0,"max_hp_gain":0,"max_hp_loss":0,"event_name":"Liars Game","floor":14,"gold_loss":0},{"damage_healed":0,"gold_gain":0,"cards_transformed":["Strike_P","Strike_P"],"player_choice":"Became Test Subject","damage_taken":0,"max_hp_gain":0,"max_hp_loss":0,"event_name":"Drug Dealer","floor":19,"gold_loss":0,"cards_obtained":["TalkToTheHand","Wish"]},{"damage_healed":0,"gold_gain":0,"player_choice":"Bet on Owner","damage_taken":0,"max_hp_gain":0,"max_hp_loss":0,"event_name":"The Joust","floor":20,"gold_loss":50}],"is_beta":false,"boss_relics":[{"not_picked":["Runic Dome","Fusion Hammer"],"picked":"Tiny House"}],"items_purged_floors":[],"is_endless":false,"potions_floor_spawned":[1,12,16,21],"killed_by":"Gremlin Leader","ascension_level":0}}