{"host":"kwnpvqmnt47pmyi1","time":1612462813,"event":{"mods":["AchievementEnabler","BaseMod","Bestiary","BetterRewards","Clockwork Mod","Downfall","Hermit","Hubris","Infinite Spire","Marisa????????","Minty Spire (QoL Compilation)","Random Character Mod","Reliquary","Replay The Spire","Shade Mod","StSLib","The Cursed","The Hierophant","The Servant 0.9.4"],"gold_per_floor":[113,125,144,164,179,179,191,224,224,224,224],"floor_reached":10,"language":"ENG","playtime":649,"items_purged":[],"score":83,"play_id":"4e542e5e-a828-43f1-8db2-ba7e836e6884","local_time":"20210204102013","is_ascension_mode":true,"campfire_choices":[{"data":"Fluid Movement","floor":6,"key":"SMITH"}],"circlet_count":0,"master_deck":["Strike_G","Strike_G","Strike_G","Strike_G","Strike_G","Defend_G","Defend_G","Defend_G","Defend_G","Defend_G","Survivor","Neutralize","Trip","Flying Knee","Slice","Cloak And Dagger","Fluid Movement+1","Cloak And Dagger","Flechettes","Slice"],"relics":["Ring of the Snake","Replay:Ringing Soul","Question Card"],"acts_visited":["Exordium"],"potions_floor_usage":[10],"damage_taken":[{"damage":0,"enemies":"2 Louse","floor":1,"turns":3},{"damage":0,"enemies":"Jaw Worm","floor":2,"turns":3},{"damage":0,"enemies":"Cultist","floor":3,"turns":2},{"damage":0,"enemies":"2 Fungi Beasts","floor":4,"turns":3},{"damage":0,"enemies":"Looter","floor":5,"turns":3},{"damage":1,"enemies":"Gremlin Gang","floor":7,"turns":6},{"damage":56,"enemies":"Gremlin Nob","floor":8,"turns":5},{"damage":17,"enemies":"Lagavulin","floor":10,"turns":3}],"seed_played":"-5248168119881355395","potions_obtained":[{"floor":1,"key":"SteroidPotion"},{"floor":7,"key":"Strength Potion"},{"floor":8,"key":"Block Potion"}],"is_trial":false,"path_per_floor":["M","M","M","M","M","R","M","E","T","E"],"character_chosen":"THE_SILENT","items_purchased":[],"campfire_rested":0,"item_purchase_floors":[],"current_hp_per_floor":[70,70,70,70,70,70,69,16,16,0,0],"gold":224,"neow_bonus":"RANDOM_COLORLESS","is_daily":false,"chose_seed":false,"campfire_upgraded":1,"win_rate":0.0,"timestamp":1612462813,"path_taken":["M","M","M","M","M","R","M","E","T","E"],"items_purchased_type":[],"build_version":"2020-12-22","purchased_purges":0,"victory":false,"max_hp_per_floor":[70,70,70,70,70,70,70,73,73,73,73],"card_choices":[{"not_picked":["Deep Breath","Specialist"],"picked":"Trip","floor":0},{"not_picked":["ReplayTheSpireMod:Shiv Toss","Backflip"],"picked":"Flying Knee","floor":1},{"not_picked":["Masterful Stab","Quick Slash"],"picked":"Slice","floor":2},{"not_picked":["Underhanded Strike","hubris:SlightOfHand"],"picked":"Cloak And Dagger","floor":3},{"not_picked":["Poisoned Stab","Quick Slash"],"picked":"Fluid Movement","floor":4},{"not_picked":["Quick Slash","hubris:SlightOfHand"],"picked":"Cloak And Dagger","floor":5},{"not_picked":["Leg Sweep","Poison Darts"],"picked":"Flechettes","floor":7},{"not_picked":["Quick Slash","hubris:SlightOfHand"],"picked":"Slice","floor":8}],"player_experience":316080,"relics_obtained":[{"floor":8,"key":"Replay:Ringing Soul"},{"floor":9,"key":"Question Card"}],"event_choices":[],"is_beta":false,"boss_relics":[],"items_purged_floors":[],"is_endless":false,"potions_floor_spawned":[1,7,8],"killed_by":"Lagavulin","ascension_level":3}}