{"host":"rtrm1sjndjmdxdc6","time":1612454648,"event":{"mods":["2.2 Compatiblity","AchievementEnabler","Act Like it!","BaseMod","Better Note","Better Vampires","Colored Map","Colored Powertips","Conspire","Gensokyo","Marisa（F雨　魔理沙）","Minty Spire (QoL Compilation)","Permanent Neow","Quick Restart","Rare Cards Sparkle","Reimu（博丽灵梦）","Remilia（蕾米莉亚）","Replay The Spire","Shop Mod","Spicy Shops","StSLib","The Animator","The Bug Knight","The Jungle","Unceasing Turn Reminder","【功能Mod】混沌之环修复补丁","【功能Mod】聪明的最终Boss","篝火指南"],"gold_per_floor":[225,225,114,129,142,167,167,167,167,167,82,82,94,94,94,94,94],"floor_reached":16,"language":"ZHS","playtime":1275,"items_purged":["animator:Strike"],"score":98,"play_id":"19f48c2f-3b06-475e-ae58-605eba0dc271","local_time":"20210205000408","is_ascension_mode":false,"campfire_choices":[{"floor":8,"key":"REST"},{"floor":10,"key":"REST"},{"data":"animator:Yoichi","floor":12,"key":"SMITH"},{"data":"animator:Shichika","floor":15,"key":"SMITH"}],"circlet_count":0,"master_deck":["animator:Strike_Konosuba","animator:Defend_Konosuba","animator:Strike","animator:Strike","animator:Defend","animator:Defend","animator:Defend","animator:Kazuma","animator:Aqua","animator:Yoichi+1","animator:Millim+1","animator:Shichika+1","animator:Arpeggio","animator:Cocytus","animator:Urushihara","animator:Ainz"],"relics":["animator:LivingPicture","animator:TheMissingPiece","animator:PurgingStone","Pet Ghost","Meat on the Bone","Golden Idol"],"acts_visited":["Exordium"],"potions_floor_usage":[6],"damage_taken":[{"damage":1,"enemies":"2 Louse","floor":1,"turns":5},{"damage":7,"enemies":"Cultist","floor":4,"turns":4},{"damage":0,"enemies":"Small Slimes","floor":5,"turns":3},{"damage":54,"enemies":"Lagavulin","floor":6,"turns":11},{"damage":17,"enemies":"Blue Slaver","floor":13,"turns":4},{"damage":33,"enemies":"Slime Boss","floor":16,"turns":7}],"seed_played":"3979105965145673356","potions_obtained":[{"floor":1,"key":"DuplicationPotion"},{"floor":4,"key":"BlessingOfTheForge"},{"floor":13,"key":"GrandPatriotsElixir:ReiMu"}],"is_trial":false,"path_per_floor":["M","?","$","M","M","E","?","R","T","R","$","R","M","?","R","B"],"character_chosen":"THE_ANIMATOR","items_purchased":["animator:Millim+1","animator:Urushihara"],"campfire_rested":2,"item_purchase_floors":[3,11],"current_hp_per_floor":[66,66,66,59,61,9,9,28,28,47,47,47,44,28,28,0,0],"gold":94,"neow_bonus":"HUNDRED_GOLD","is_daily":false,"chose_seed":false,"campfire_upgraded":2,"win_rate":0.0,"timestamp":1612454648,"path_taken":["M","?","$","M","M","E","?","R","T","R","$","R","?","?","R","BOSS"],"items_purchased_type":["Card","Card"],"build_version":"2020-12-22","purchased_purges":1,"victory":false,"max_hp_per_floor":[66,66,66,66,66,66,66,66,66,66,66,66,66,66,66,66,66],"card_choices":[{"not_picked":["animator:Sonic","animator:Ara"],"picked":"animator:Yoichi","floor":1},{"not_picked":["animator:Azekura","animator:RinTohsaka"],"picked":"animator:Shichika","floor":4},{"not_picked":["animator:Illya","animator:Kazuma"],"picked":"animator:Arpeggio","floor":5},{"not_picked":["animator:Demiurge","animator:Shalltear"],"picked":"animator:Cocytus","floor":6},{"not_picked":["animator:Yuuichirou","animator:Lancer"],"picked":"animator:Ainz","floor":13}],"player_experience":122453,"relics_obtained":[{"floor":6,"key":"Pet Ghost"},{"floor":9,"key":"Meat on the Bone"}],"event_choices":[{"cards_removed":["animator:Strike"],"damage_healed":0,"gold_gain":0,"player_choice":"Give","damage_taken":0,"max_hp_gain":0,"max_hp_loss":0,"event_name":"betterNote:BetterNote","floor":7,"gold_loss":0,"cards_obtained":["Strike_G"]},{"damage_healed":0,"gold_gain":0,"player_choice":"Take Damage","damage_taken":16,"relics_obtained":["Golden Idol"],"max_hp_gain":0,"max_hp_loss":0,"event_name":"Golden Idol","floor":14,"gold_loss":0}],"is_beta":false,"boss_relics":[],"items_purged_floors":[3],"is_endless":false,"potions_floor_spawned":[1,4,13],"killed_by":"Slime Boss","ascension_level":0}}