{"host":"50per11302020","time":1612422688,"event":{"mods":["AchievementEnabler","BaseMod","Colored Map","Minty Spire (QoL Compilation)","Relic Stats","StSLib"],"gold_per_floor":[109,109,119,294,312,345,356,356,381,410,410,410,335,335,335,431,431,441,441,93,93,93,93,109,136,162,162,180,180,212,225,225,327,327,340,196,418,151,451,451,467,467,467,512,512,529,558,570,570,570],"floor_reached":51,"language":"ENG","playtime":3240,"items_purged":["Doubt","Doubt","Doubt"],"score":983,"play_id":"862133d7-a858-4bb3-8db8-92e8e3be5203","local_time":"20210203231128","is_ascension_mode":true,"campfire_choices":[{"data":"Dagger Spray","floor":8,"key":"SMITH"},{"floor":12,"key":"REST"},{"data":"Blade Dance","floor":15,"key":"SMITH"},{"data":"Outmaneuver","floor":23,"key":"SMITH"},{"data":"Blade Dance","floor":29,"key":"SMITH"},{"data":"Blade Dance","floor":32,"key":"SMITH"},{"data":"Neutralize","floor":40,"key":"SMITH"},{"data":"1","floor":45,"key":"LIFT"},{"data":"2","floor":49,"key":"LIFT"}],"circlet_count":0,"master_deck":["Strike_G","Strike_G+1","Strike_G","Strike_G","Strike_G","Defend_G","Defend_G","Defend_G+1","Defend_G","Defend_G+1","Survivor","Neutralize+1","Backflip+1","Dagger Spray+1","Blade Dance+1","Acrobatics","Outmaneuver+1","Underhanded Strike","Dodge and Roll","PiercingWail+1","Parasite","Parasite","Blade Dance+1","Dagger Throw+1","Blade Dance+1","CurseOfTheBell","Dodge and Roll+1","Writhe","Shame","Prepared+1","Blade Dance+1"],"relics":["Ring of the Snake","Dream Catcher","Tiny Chest","War Paint","Akabeko","Lizard Tail","Cursed Key","Regal Pillow","Letter Opener","Bottled Flame","Enchiridion","Red Mask","Bag of Preparation","Kunai","Pantograph","Calling Bell","Nunchaku","Blue Candle","TungstenRod","Vajra","Membership Card","Strawberry","Potion Belt","Girya","Omamori"],"acts_visited":["Exordium","TheCity","TheBeyond"],"potions_floor_usage":[6,10,30,50,50,50,50,50],"damage_taken":[{"damage":0,"enemies":"2 Louse","floor":1,"turns":3},{"damage":1,"enemies":"Small Slimes","floor":3,"turns":4},{"damage":9,"enemies":"Jaw Worm","floor":5,"turns":7},{"damage":5,"enemies":"3 Sentries","floor":6,"turns":6},{"damage":1,"enemies":"Red Slaver","floor":7,"turns":4},{"damage":17,"enemies":"Gremlin Nob","floor":10,"turns":4},{"damage":40,"enemies":"Slime Boss","floor":16,"turns":13},{"damage":0,"enemies":"Chosen","floor":18,"turns":4},{"damage":0,"enemies":"3 Byrds","floor":24,"turns":3},{"damage":0,"enemies":"Masked Bandits","floor":25,"turns":1},{"damage":0,"enemies":"Centurion and Healer","floor":28,"turns":10},{"damage":0,"enemies":"Gremlin Leader","floor":30,"turns":5},{"damage":0,"enemies":"3 Cultists","floor":31,"turns":2},{"damage":55,"enemies":"Champ","floor":33,"turns":25},{"damage":0,"enemies":"3 Shapes","floor":35,"turns":3},{"damage":0,"enemies":"Orb Walker","floor":41,"turns":2},{"damage":8,"enemies":"2 Orb Walkers","floor":44,"turns":5},{"damage":0,"enemies":"4 Shapes","floor":46,"turns":2},{"damage":6,"enemies":"Reptomancer","floor":47,"turns":5},{"damage":0,"enemies":"3 Darklings","floor":48,"turns":1},{"damage":12,"enemies":"Donu and Deca","floor":50,"turns":5}],"seed_played":"6363622044321303699","potions_obtained":[{"floor":1,"key":"Strength Potion"},{"floor":5,"key":"SteroidPotion"},{"floor":6,"key":"Regen Potion"},{"floor":16,"key":"BlessingOfTheForge"},{"floor":24,"key":"ColorlessPotion"},{"floor":25,"key":"AttackPotion"},{"floor":28,"key":"PowerPotion"},{"floor":30,"key":"Swift Potion"},{"floor":46,"key":"AttackPotion"},{"floor":47,"key":"SteroidPotion"}],"is_trial":false,"path_per_floor":["M","$","M","?","M","E","M","R","T","E","?","R","$","T","R","B",null,"M","T","$","T","?","R","M","?","T","T","M","R","E","M","R","B",null,"M","$","?","$","?","R","M","T","T","?","R","M","E","M","R","B",null],"character_chosen":"THE_SILENT","items_purchased":["Letter Opener","Vajra","Membership Card","CultistPotion"],"campfire_rested":1,"item_purchase_floors":[20,36,38,38],"current_hp_per_floor":[70,70,69,69,60,55,54,54,54,37,23,44,44,44,44,4,70,70,70,70,70,54,54,54,54,54,54,54,54,54,54,54,15,70,70,70,70,70,70,70,70,77,77,69,69,69,63,63,63,76],"gold":570,"neow_bonus":"RANDOM_COMMON_RELIC","is_daily":false,"chose_seed":false,"campfire_upgraded":6,"win_rate":0.0,"timestamp":1612422688,"path_taken":["M","$","M","?","M","E","M","R","T","E","?","R","$","?","R","BOSS","M","?","$","?","?","R","?","?","T","?","M","R","E","M","R","BOSS","M","$","?","$","?","R","?","?","T","?","R","M","E","M","R","BOSS"],"items_purchased_type":["Relic","Relic","Relic","Potion"],"build_version":"2020-12-18","purchased_purges":3,"victory":true,"max_hp_per_floor":[70,70,70,70,70,70,70,70,70,70,70,70,70,70,70,70,70,70,70,70,70,70,70,70,70,70,70,70,70,70,70,70,70,70,70,70,70,70,70,70,70,77,77,77,77,77,77,77,77,77],"relic_stats":{"Regal Pillow":0,"counters":[21,114],"Blue Candle":[20],"Bag of Preparation":[22],"Letter Opener":[136],"War Paint":["Defend_G","Backflip"],"Cursed Key":6,"Dream Catcher":1,"Lizard Tail":0,"Nunchaku":[10],"Pantograph":30,"Tiny Chest":3,"Kunai":[71],"obtain_stats":[{"Regal Pillow":19,"Enchiridion":22,"Vajra":36,"Bag of Preparation":26,"Cursed Key":17,"Dream Catcher":0,"Lizard Tail":14,"Nunchaku":34,"Pantograph":30,"Strawberry":42,"Tiny Chest":6,"Red Mask":25,"Kunai":27,"Ring of the Snake":0,"Potion Belt":43,"Girya":44,"Blue Candle":34,"Omamori":47,"Letter Opener":20,"War Paint":9,"Akabeko":10,"Calling Bell":34,"Bottled Flame":21,"Membership Card":38,"TungstenRod":34},{"Regal Pillow":8,"Enchiridion":8,"Vajra":15,"Bag of Preparation":10,"Cursed Key":7,"Dream Catcher":0,"Lizard Tail":6,"Nunchaku":14,"Pantograph":12,"Strawberry":16,"Tiny Chest":4,"Red Mask":10,"Kunai":10,"Ring of the Snake":0,"Potion Belt":16,"Girya":17,"Blue Candle":14,"Omamori":19,"Letter Opener":8,"War Paint":5,"Akabeko":6,"Calling Bell":14,"Bottled Flame":8,"Membership Card":15,"TungstenRod":14},{"Regal Pillow":45,"Enchiridion":45,"Vajra":94,"Bag of Preparation":49,"Cursed Key":41,"Dream Catcher":0,"Lizard Tail":28,"Nunchaku":91,"Pantograph":64,"Strawberry":96,"Tiny Chest":20,"Red Mask":49,"Kunai":49,"Ring of the Snake":0,"Potion Belt":96,"Girya":101,"Blue Candle":91,"Omamori":108,"Letter Opener":45,"War Paint":24,"Akabeko":28,"Calling Bell":91,"Bottled Flame":45,"Membership Card":94,"TungstenRod":91}],"TungstenRod":26,"Ring of the Snake":[42]},"card_choices":[{"not_picked":["Dash","Quick Slash"],"picked":"Backflip","floor":1},{"not_picked":["Outmaneuver","Finisher","Heel Hook"],"picked":"SKIP","floor":3},{"not_picked":["Escape Plan","PiercingWail"],"picked":"Dagger Spray","floor":5},{"not_picked":["Poisoned Stab","Well Laid Plans"],"picked":"Blade Dance","floor":6},{"not_picked":["After Image","Quick Slash"],"picked":"Acrobatics","floor":7},{"not_picked":["Masterful Stab","Quick Slash"],"picked":"Outmaneuver","floor":10},{"not_picked":["Tactician+1","Flying Knee"],"picked":"Underhanded Strike","floor":18},{"not_picked":["Sucker Punch","Masterful Stab"],"picked":"Dodge and Roll","floor":24},{"not_picked":["Crippling Poison","Cloak And Dagger"],"picked":"PiercingWail+1","floor":25},{"not_picked":["Choke","Prepared"],"picked":"Blade Dance","floor":28},{"not_picked":["Distraction","A Thousand Cuts"],"picked":"Dagger Throw+1","floor":30},{"not_picked":["Dodge and Roll","Deadly Poison"],"picked":"Blade Dance","floor":31},{"not_picked":["Poisoned Stab","Bane+1","Crippling Poison"],"picked":"SKIP","floor":35},{"not_picked":["Deflect+1","Footwork+1"],"picked":"Dodge and Roll+1","floor":41},{"not_picked":["Endless Agony","Expertise+1","Malaise"],"picked":"SKIP","floor":46},{"not_picked":["Slice+1","Predator"],"picked":"Prepared+1","floor":47},{"not_picked":["Flying Knee+1","Backstab"],"picked":"Blade Dance+1","floor":48}],"player_experience":416787,"relics_obtained":[{"floor":6,"key":"Tiny Chest"},{"floor":9,"key":"War Paint"},{"floor":10,"key":"Akabeko"},{"floor":14,"key":"Lizard Tail"},{"floor":19,"key":"Regal Pillow"},{"floor":21,"key":"Bottled Flame"},{"floor":22,"key":"Enchiridion"},{"floor":25,"key":"Red Mask"},{"floor":26,"key":"Bag of Preparation"},{"floor":27,"key":"Kunai"},{"floor":30,"key":"Pantograph"},{"floor":34,"key":"Nunchaku"},{"floor":34,"key":"Blue Candle"},{"floor":34,"key":"TungstenRod"},{"floor":42,"key":"Strawberry"},{"floor":43,"key":"Potion Belt"},{"floor":44,"key":"Girya"},{"floor":47,"key":"Omamori"}],"event_choices":[{"damage_healed":0,"gold_gain":175,"player_choice":"AGREE","damage_taken":0,"max_hp_gain":0,"max_hp_loss":0,"event_name":"Liars Game","floor":4,"gold_loss":0,"cards_obtained":["Doubt"]},{"damage_healed":0,"gold_gain":0,"player_choice":"Entered Light","damage_taken":14,"max_hp_gain":0,"max_hp_loss":0,"event_name":"Shining Light","floor":11,"gold_loss":0,"cards_upgraded":["Defend_G","Strike_G"]},{"damage_healed":0,"gold_gain":0,"player_choice":"Obtained Book","damage_taken":16,"max_hp_gain":0,"max_hp_loss":0,"event_name":"Cursed Tome","floor":22,"gold_loss":0},{"damage_healed":0,"gold_gain":0,"player_choice":"Fought Bandits","damage_taken":0,"max_hp_gain":0,"max_hp_loss":0,"event_name":"Masked Bandits","floor":25,"gold_loss":0},{"damage_healed":0,"gold_gain":222,"player_choice":"Wore Mask","damage_taken":0,"max_hp_gain":0,"max_hp_loss":0,"event_name":"Tomb of Lord Red Mask","floor":37,"gold_loss":0},{"damage_healed":0,"gold_gain":300,"player_choice":"Gold","damage_taken":0,"max_hp_gain":0,"max_hp_loss":0,"event_name":"Wheel of Change","floor":39,"gold_loss":0},{"damage_healed":0,"gold_gain":0,"player_choice":"Fight","damage_taken":0,"max_hp_gain":0,"max_hp_loss":0,"event_name":"Mysterious Sphere","floor":44,"gold_loss":0}],"is_beta":true,"boss_relics":[{"not_picked":["Busted Crown","Empty Cage"],"picked":"Cursed Key"},{"not_picked":["Black Star","Astrolabe"],"picked":"Calling Bell"}],"items_purged_floors":[13,20,38],"is_endless":false,"potions_floor_spawned":[1,5,6,16,24,25,28,30,46,47],"ascension_level":1}}