{"host":"qrt7o4dq2qslzw13","time":1612453800,"event":{"mods":["AchievementEnabler","BaseMod","Colored Map","Colored Powertips","Minty Spire (QoL Compilation)","Quick Restart","StSLib","SuperFastMode"],"gold_per_floor":[110,124,124,142,16,16,46,46,46,58,86,86,106,118,118,214,214,230,230,240,165,125,125,168,168,168,168,196,196,222,235,235,235,235],"floor_reached":33,"language":"ENG","playtime":726,"items_purged":[],"score":423,"play_id":"3550b006-ef05-420c-97f5-be0e9d24fafe","local_time":"20210204105000","is_ascension_mode":true,"campfire_choices":[{"data":"ForeignInfluence","floor":6.0,"key":"SMITH"},{"data":"Eruption","floor":8.0,"key":"SMITH"},{"data":"Conclude","floor":15.0,"key":"SMITH"},{"floor":23.0,"key":"REST"},{"floor":25.0,"key":"REST"},{"data":"Vigilance","floor":27.0,"key":"SMITH"},{"data":"Evaluate","floor":29.0,"key":"SMITH"},{"floor":32.0,"key":"REST"}],"circlet_count":0,"master_deck":["Strike_P","Strike_P","Strike_P","Strike_P","Defend_P","Defend_P","Defend_P","Defend_P","Eruption+1","Vigilance+1","FlyingSleeves+1","FearNoEvil","Evaluate+1","ForeignInfluence+1","Crescendo","Prostrate","Halt","Judgement","Conclude+1","Prostrate","ConjureBlade+1","Collect","EmptyMind","WindmillStrike+1","ClearTheMind+1","Establishment"],"relics":["PureWater","NeowsBlessing","Darkstone Periapt","Mercury Hourglass","Singing Bowl","WarpedTongs","VioletLotus","CeramicFish","StrikeDummy"],"acts_visited":["Exordium","TheCity"],"potions_floor_usage":[33],"damage_taken":[{"damage":0.0,"enemies":"Small Slimes","floor":1.0,"turns":1.0},{"damage":0.0,"enemies":"Cultist","floor":2.0,"turns":1.0},{"damage":0.0,"enemies":"2 Louse","floor":4.0,"turns":1.0},{"damage":9.0,"enemies":"3 Sentries","floor":7.0,"turns":4.0},{"damage":0.0,"enemies":"Blue Slaver","floor":10.0,"turns":3.0},{"damage":0.0,"enemies":"Lagavulin","floor":11.0,"turns":4.0},{"damage":7.0,"enemies":"Exordium Thugs","floor":13.0,"turns":4.0},{"damage":0.0,"enemies":"Large Slime","floor":14.0,"turns":2.0},{"damage":15.0,"enemies":"The Guardian","floor":16.0,"turns":8.0},{"damage":31.0,"enemies":"3 Byrds","floor":18.0,"turns":3.0},{"damage":0.0,"enemies":"2 Thieves","floor":20.0,"turns":1.0},{"damage":19.0,"enemies":"Gremlin Leader","floor":24.0,"turns":4.0},{"damage":0.0,"enemies":"Cultist and Chosen","floor":28.0,"turns":3.0},{"damage":40.0,"enemies":"Snake Plant","floor":30.0,"turns":5.0},{"damage":2.0,"enemies":"Centurion and Healer","floor":31.0,"turns":4.0},{"damage":27,"enemies":"Automaton","floor":33,"turns":6}],"seed_played":"3394665686248274623","potions_obtained":[{"floor":4.0,"key":"LiquidMemories"},{"floor":11.0,"key":"SteroidPotion"},{"floor":14.0,"key":"Ancient Potion"},{"floor":20.0,"key":"AttackPotion"},{"floor":24.0,"key":"GamblersBrew"},{"floor":31.0,"key":"Explosive Potion"}],"is_trial":false,"path_per_floor":["M","M","?","M","$","R","E","R","T","M","E","?","M","M","R","B",null,"M","?","M","?","?","R","E","R","T","R","M","R","M","M","R","B"],"character_chosen":"WATCHER","items_purchased":["ForeignInfluence","Crescendo"],"campfire_rested":3,"item_purchase_floors":[5,5],"current_hp_per_floor":[65,65,65,65,65,65,56,56,56,56,56,62,55,55,55,40,69,38,38,38,38,38,61,42,65,65,65,65,65,25,25,49,22,22],"gold":235,"neow_bonus":"THREE_ENEMY_KILL","is_daily":false,"chose_seed":false,"campfire_upgraded":5,"win_rate":0.0,"timestamp":1612453800,"path_taken":["M","M","?","M","$","R","E","R","T","M","E","?","?","M","R","BOSS","M","?","M","?","?","R","E","R","T","R","?","R","M","M","R","BOSS"],"items_purchased_type":["Card","Card"],"build_version":"2020-12-22","purchased_purges":0,"victory":false,"max_hp_per_floor":[72,72,72,72,72,72,72,72,72,72,72,78,78,78,78,78,78,78,78,78,78,78,78,78,78,78,78,78,78,78,80,80,80,80],"card_choices":[{"not_picked":["EmptyMind","CrushJoints"],"picked":"FlyingSleeves","floor":1.0},{"not_picked":["Sanctity","FlyingSleeves"],"picked":"FearNoEvil","floor":2.0},{"not_picked":["Protect","JustLucky"],"picked":"Evaluate","floor":4.0},{"not_picked":["Nirvana","LessonLearned"],"picked":"Prostrate","floor":7.0},{"not_picked":["CrushJoints","SashWhip"],"picked":"Halt","floor":10.0},{"not_picked":["Consecrate","JustLucky"],"picked":"Judgement","floor":11.0},{"not_picked":["Weave","WaveOfTheHand"],"picked":"Conclude","floor":13.0},{"not_picked":["Halt","Wireheading"],"picked":"Prostrate","floor":14.0},{"not_picked":["Vault","Wish"],"picked":"ConjureBlade","floor":16.0},{"not_picked":["Prostrate","Evaluate"],"picked":"Collect","floor":18.0},{"not_picked":["CutThroughFate","FollowUp+1"],"picked":"EmptyMind","floor":20.0},{"not_picked":["DeceiveReality+1","Crescendo"],"picked":"WindmillStrike+1","floor":24.0},{"not_picked":["CutThroughFate+1","Evaluate+1"],"picked":"ClearTheMind+1","floor":28.0},{"not_picked":["Evaluate+1","SashWhip+1"],"picked":"Establishment","floor":30.0},{"not_picked":["Protect","EmptyBody","BowlingBash"],"picked":"Singing Bowl","floor":31.0}],"player_experience":627642,"relics_obtained":[{"floor":7.0,"key":"Darkstone Periapt"},{"floor":9.0,"key":"Mercury Hourglass"},{"floor":11.0,"key":"Singing Bowl"},{"floor":24.0,"key":"CeramicFish"},{"floor":26.0,"key":"StrikeDummy"}],"event_choices":[{"damage_healed":0.0,"max_hp_gain":0.0,"max_hp_loss":0.0,"gold_gain":0.0,"event_name":"Living Wall","player_choice":"Grow","floor":3.0,"gold_loss":0.0,"damage_taken":0.0,"cards_upgraded":["FlyingSleeves"]},{"damage_healed":0.0,"max_hp_gain":0.0,"max_hp_loss":0.0,"gold_gain":0.0,"event_name":"Accursed Blacksmith","player_choice":"Rummage","floor":12.0,"gold_loss":0.0,"damage_taken":0.0,"relics_obtained":["WarpedTongs"],"cards_obtained":["Pain"]},{"damage_healed":0.0,"max_hp_gain":0.0,"max_hp_loss":0.0,"gold_gain":0.0,"event_name":"Vampires","player_choice":"Ignored","floor":19.0,"gold_loss":0.0,"damage_taken":0.0},{"cards_removed":["Pain"],"damage_healed":0.0,"max_hp_gain":0.0,"max_hp_loss":0.0,"gold_gain":0.0,"event_name":"Beggar","player_choice":"Gave Gold","floor":21.0,"gold_loss":75.0,"damage_taken":0.0},{"damage_healed":0.0,"max_hp_gain":0.0,"max_hp_loss":0.0,"gold_gain":0.0,"event_name":"Designer","player_choice":"Upgrade","floor":22.0,"gold_loss":40.0,"damage_taken":0.0,"cards_upgraded":["ConjureBlade"]}],"is_beta":false,"boss_relics":[{"not_picked":["SlaversCollar","SacredBark"],"picked":"VioletLotus"}],"items_purged_floors":[],"is_endless":false,"potions_floor_spawned":[4,11,14,16,20,24,31],"killed_by":"Automaton","ascension_level":8}}