{"host":"a1eatafr7pisesky","time":1612444114,"event":{"mods":["AchievementEnabler","BaseMod","Colored Map","Keyboard Shortcuts","Minty Spire (QoL Compilation)","Say the Spire","StSLib","SuperFastMode","everything is the same but u backflip on backflip"],"gold_per_floor":[14,27,43,53,67,67,101,101,146,162,10,10,28,28,28,104,104,124,124,134,134,154,184,184,215,287,316,334,348,365,383,383,383,383],"floor_reached":33,"language":"KOR","playtime":1065,"items_purged":["Strike_G"],"score":557,"play_id":"38e0b114-2a49-40f0-b500-8666c029169f","local_time":"20210204220834","is_ascension_mode":true,"campfire_choices":[{"floor":6.0,"key":"REST"},{"data":"Crippling Poison","floor":8.0,"key":"SMITH"},{"floor":15.0,"key":"REST"},{"floor":24.0,"key":"REST"},{"floor":32.0,"key":"REST"}],"circlet_count":0,"master_deck":["AscendersBane","Defend_G","Defend_G","Defend_G","Survivor","Neutralize","Dash","Blade Dance","Accuracy","Blade Dance","Crippling Poison+1","Blade Dance","Terror","A Thousand Cuts","Burst","Blur+1","Crippling Poison+1","Concentrate+1","Infinite Blades+1","Finisher","Corpse Explosion","Blade Dance","Backflip+1","Cloak And Dagger"],"relics":["Ring of the Snake","Bird Faced Urn","Regal Pillow","Astrolabe","Mummified Hand","Ancient Tea Set","Toy Ornithopter"],"acts_visited":["Exordium","TheCity"],"potions_floor_usage":[],"damage_taken":[{"damage":2.0,"enemies":"Cultist","floor":1.0,"turns":4.0},{"damage":4.0,"enemies":"2 Louse","floor":2.0,"turns":2.0},{"damage":2.0,"enemies":"Jaw Worm","floor":3.0,"turns":4.0},{"damage":12.0,"enemies":"Looter","floor":4.0,"turns":3.0},{"damage":18.0,"enemies":"Exordium Thugs","floor":5.0,"turns":5.0},{"damage":10.0,"enemies":"3 Sentries","floor":7.0,"turns":4.0},{"damage":1.0,"enemies":"Gremlin Gang","floor":10.0,"turns":3.0},{"damage":13.0,"enemies":"3 Louse","floor":13.0,"turns":3.0},{"damage":31.0,"enemies":"Slime Boss","floor":16.0,"turns":7.0},{"damage":11.0,"enemies":"2 Thieves","floor":18.0,"turns":4.0},{"damage":8.0,"enemies":"Chosen","floor":20.0,"turns":5.0},{"damage":20.0,"enemies":"3 Cultists","floor":22.0,"turns":5.0},{"damage":26.0,"enemies":"Book of Stabbing","floor":23.0,"turns":4.0},{"damage":26.0,"enemies":"Slavers","floor":25.0,"turns":4.0},{"damage":20.0,"enemies":"Gremlin Leader","floor":27.0,"turns":5.0},{"damage":2.0,"enemies":"Chosen and Byrds","floor":28.0,"turns":4.0},{"damage":30.0,"enemies":"Snake Plant","floor":29.0,"turns":4.0},{"damage":0.0,"enemies":"Cultist and Chosen","floor":30.0,"turns":3.0},{"damage":22.0,"enemies":"Sentry and Sphere","floor":31.0,"turns":4.0},{"damage":40,"enemies":"Collector","floor":33,"turns":6}],"seed_played":"3788109581827256067","potions_obtained":[{"floor":2.0,"key":"Dexterity Potion"},{"floor":5.0,"key":"Explosive Potion"},{"floor":10.0,"key":"EntropicBrew"},{"floor":20.0,"key":"SpeedPotion"},{"floor":25.0,"key":"Block Potion"},{"floor":29.0,"key":"DistilledChaos"}],"is_trial":false,"path_per_floor":["M","M","M","M","M","R","E","R","T","M","$","?","M","?","R","B",null,"M","?","M","?","M","E","R","E","T","E","M","M","M","M","R","B"],"character_chosen":"THE_SILENT","items_purchased":["Terror"],"campfire_rested":4,"item_purchase_floors":[11],"current_hp_per_floor":[57,53,51,39,21,40,30,30,30,29,29,22,11,11,45,18,54,45,45,41,41,27,7,41,19,19,5,14,9,20,4,38,4,4],"gold":383,"neow_bonus":"REMOVE_TWO","is_daily":false,"chose_seed":false,"campfire_upgraded":1,"win_rate":0.0,"timestamp":1612444114,"path_taken":["M","M","?","M","M","R","E","R","T","M","$","?","M","?","R","BOSS","M","?","M","?","?","E","R","E","T","E","M","M","M","M","R","BOSS"],"items_purchased_type":["Card"],"build_version":"2020-12-22","purchased_purges":1,"victory":false,"max_hp_per_floor":[66,66,66,66,66,66,66,66,66,66,66,66,66,66,66,66,66,66,66,66,66,66,66,66,66,66,66,66,66,66,66,66,66,66],"card_choices":[{"not_picked":["Slice","Dodge and Roll"],"picked":"Dash","floor":1.0},{"not_picked":["Outmaneuver","Choke"],"picked":"Skewer","floor":2.0},{"not_picked":["Underhanded Strike","Prepared"],"picked":"Blade Dance","floor":3.0},{"not_picked":["Distraction","PiercingWail"],"picked":"Accuracy","floor":4.0},{"not_picked":["Leg Sweep","Envenom"],"picked":"Blade Dance","floor":5.0},{"not_picked":["Distraction","Outmaneuver"],"picked":"Crippling Poison","floor":7.0},{"not_picked":["Tactician","Poisoned Stab"],"picked":"Blade Dance","floor":10.0},{"not_picked":["Dodge and Roll","Flying Knee","A Thousand Cuts"],"picked":"SKIP","floor":13.0},{"not_picked":["Dodge and Roll","Flying Knee"],"picked":"A Thousand Cuts","floor":13.0},{"not_picked":["Storm of Steel","Wraith Form v2"],"picked":"Burst","floor":16.0},{"not_picked":["Escape Plan","Reflex"],"picked":"Infinite Blades+1","floor":18.0},{"not_picked":["Blur","Poisoned Stab+1"],"picked":"Finisher","floor":20.0},{"not_picked":["Expertise","Reflex","Eviscerate"],"picked":"SKIP","floor":22.0},{"not_picked":["Sucker Punch","Deadly Poison+1","Distraction"],"picked":"SKIP","floor":23.0},{"not_picked":["Escape Plan","All Out Attack","Bane"],"picked":"SKIP","floor":25.0},{"not_picked":["All Out Attack","Acrobatics"],"picked":"Corpse Explosion","floor":27.0},{"not_picked":["Bane","Quick Slash"],"picked":"Blade Dance","floor":28.0},{"not_picked":["Bane","Deadly Poison","Sucker Punch"],"picked":"SKIP","floor":29.0},{"not_picked":["Well Laid Plans","Predator"],"picked":"Backflip+1","floor":30.0},{"not_picked":["Deadly Poison","PiercingWail"],"picked":"Cloak And Dagger","floor":31.0}],"player_experience":399278,"relics_obtained":[{"floor":7.0,"key":"Bird Faced Urn"},{"floor":9.0,"key":"Regal Pillow"},{"floor":23.0,"key":"Mummified Hand"},{"floor":25.0,"key":"Ancient Tea Set"},{"floor":27.0,"key":"Toy Ornithopter"}],"event_choices":[{"cards_removed":["Strike_G"],"damage_healed":0.0,"max_hp_gain":0.0,"max_hp_loss":0.0,"gold_gain":0.0,"event_name":"Golden Wing","player_choice":"Card Removal","floor":12.0,"gold_loss":0.0,"damage_taken":7.0},{"damage_healed":0.0,"max_hp_gain":0.0,"max_hp_loss":0.0,"gold_gain":0.0,"event_name":"Liars Game","player_choice":"Ignored","floor":14.0,"gold_loss":0.0,"damage_taken":0.0},{"damage_healed":0.0,"max_hp_gain":0.0,"max_hp_loss":0.0,"gold_gain":0.0,"event_name":"Cursed Tome","player_choice":"Ignored","floor":19.0,"gold_loss":0.0,"damage_taken":0.0},{"cards_removed":["Skewer"],"damage_healed":0.0,"max_hp_gain":0.0,"max_hp_loss":0.0,"gold_gain":0.0,"event_name":"Back to Basics","player_choice":"Elegance","floor":21.0,"gold_loss":0.0,"damage_taken":0.0}],"is_beta":false,"boss_relics":[{"not_picked":["Cursed Key","Ring of the Serpent"],"picked":"Astrolabe"}],"items_purged_floors":[11],"is_endless":false,"potions_floor_spawned":[2,5,10,20,22,25,29],"killed_by":"Collector","ascension_level":14}}