{"host":"ymmeoa1x24ihslbm","time":1612458787,"event":{"mods":["AchievementEnabler","BaseMod","Colored Map","Colored Powertips","Defuse TimeMaze Blight","Highlight Path","Minty Spire (QoL Compilation)","Permanent Neow","Quick Restart","StSLib","Unceasing Turn Reminder"],"gold_per_floor":[114,129,144,156,10,10,37,37,37,67,87,101,101,120,120,120,120],"floor_reached":16,"language":"ENG","playtime":1105,"items_purged":[],"score":182,"play_id":"651f92f7-6a85-4b66-82f8-afdbfa39ad99","local_time":"20210204181307","is_ascension_mode":true,"campfire_choices":[{"data":"Zap","floor":6.0,"key":"SMITH"},{"data":"Dualcast","floor":8.0,"key":"SMITH"},{"data":"Aggregate","floor":13.0,"key":"SMITH"},{"data":"Loop","floor":15.0,"key":"SMITH"}],"circlet_count":0,"master_deck":["AscendersBane","Strike_B","Strike_B","Strike_B","Strike_B","Defend_B","Defend_B","Defend_B","Defend_B","Zap+1","Dualcast+1","Machine Learning","Gash","BootSequence","Aggregate+1","Ball Lightning","Loop+1","Leap"],"relics":["Cracked Core","Blood Vial","FossilizedHelix","White Beast Statue","Pear"],"acts_visited":["Exordium"],"potions_floor_usage":[16],"damage_taken":[{"damage":7.0,"enemies":"Jaw Worm","floor":1.0,"turns":4.0},{"damage":1.0,"enemies":"Cultist","floor":2.0,"turns":3.0},{"damage":1.0,"enemies":"2 Louse","floor":3.0,"turns":3.0},{"damage":7.0,"enemies":"Looter","floor":4.0,"turns":4.0},{"damage":38.0,"enemies":"Gremlin Nob","floor":7.0,"turns":5.0},{"damage":16.0,"enemies":"Lagavulin","floor":10.0,"turns":7.0},{"damage":13.0,"enemies":"3 Louse","floor":11.0,"turns":3.0},{"damage":0.0,"enemies":"Exordium Thugs","floor":12.0,"turns":4.0},{"damage":0.0,"enemies":"Looter","floor":14.0,"turns":3.0},{"damage":7,"enemies":"Hexaghost","floor":16,"turns":7}],"seed_played":"3783767005934585862","potions_obtained":[{"floor":2.0,"key":"DuplicationPotion"},{"floor":7.0,"key":"EssenceOfSteel"},{"floor":10.0,"key":"SteroidPotion"},{"floor":11.0,"key":"EssenceOfSteel"},{"floor":12.0,"key":"GamblersBrew"},{"floor":14.0,"key":"LiquidBronze"}],"is_trial":false,"path_per_floor":["M","M","M","M","$","R","E","R","T","E","M","M","R","M","R","B"],"character_chosen":"DEFECT","items_purchased":["Blood Vial"],"campfire_rested":0,"item_purchase_floors":[5],"current_hp_per_floor":[61,60,59,52,52,52,16,16,16,12,1,3,3,5,5,0,0],"gold":120,"neow_bonus":"ONE_RANDOM_RARE_CARD","is_daily":false,"chose_seed":false,"campfire_upgraded":4,"win_rate":0.0,"timestamp":1612458787,"path_taken":["M","M","M","M","$","R","E","R","T","E","M","M","R","M","R","BOSS"],"items_purchased_type":["Relic"],"build_version":"2020-12-22","purchased_purges":0,"victory":false,"max_hp_per_floor":[75,75,75,75,75,75,75,75,75,85,85,85,85,85,85,85,85],"card_choices":[{"not_picked":["Steam","Compile Driver","Capacitor"],"picked":"SKIP","floor":1.0},{"not_picked":["Hello World","Coolheaded","Hologram"],"picked":"SKIP","floor":2.0},{"not_picked":["Rip and Tear","Static Discharge"],"picked":"Gash","floor":3.0},{"not_picked":["Hologram","Consume"],"picked":"BootSequence","floor":4.0},{"not_picked":["Steam","Doom and Gloom"],"picked":"Aggregate","floor":7.0},{"not_picked":["Steam Power","Cold Snap"],"picked":"Ball Lightning","floor":10.0},{"not_picked":["Turbo","Barrage"],"picked":"Loop","floor":11.0},{"not_picked":["Steam","Hologram","Creative AI"],"picked":"SKIP","floor":12.0},{"not_picked":["BootSequence","Steam"],"picked":"Leap","floor":14.0}],"player_experience":590727,"relics_obtained":[{"floor":7.0,"key":"FossilizedHelix"},{"floor":9.0,"key":"White Beast Statue"},{"floor":10.0,"key":"Pear"}],"event_choices":[],"is_beta":false,"boss_relics":[],"items_purged_floors":[],"is_endless":false,"potions_floor_spawned":[2,7,10,11,12,14],"killed_by":"Hexaghost","ascension_level":12}}