{"host":"mi0eibewekhugwl1","time":1612430076,"event":{"mods":["AchievementEnabler","BaseMod","Colored Map","Colored Powertips","DeckTracker","Keyboard Shortcuts","Minty Spire (QoL Compilation)","Quick Restart","Rare Cards Sparkle","Relic Stats","StSLib","SuperFastMode","everything is the same but u backflip on backflip"],"gold_per_floor":[110,124,142,157,169,169,189,205,205,224,224,17,31,46,46,46,46],"floor_reached":16,"language":"KOR","playtime":393,"items_purged":[],"score":196,"play_id":"9aebe7a8-ee20-40a8-8c20-cf98c97fec22","local_time":"20210204181436","is_ascension_mode":true,"campfire_choices":[{"data":"Eruption","floor":6,"key":"SMITH"},{"floor":11,"key":"REST"},{"data":"Vault","floor":15,"key":"SMITH"}],"circlet_count":0,"master_deck":["AscendersBane","Strike_P","Strike_P","Strike_P","Strike_P","Defend_P","Defend_P","Defend_P","Defend_P","Eruption+1","Vigilance","FollowUp","CrushJoints","EmptyFist","Study","EmptyBody","Vault+1"],"relics":["PureWater","Art of War","Odd Mushroom","Centennial Puzzle"],"acts_visited":["Exordium"],"potions_floor_usage":[5,7,14,16],"damage_taken":[{"damage":7,"enemies":"2 Louse","floor":1,"turns":4},{"damage":2,"enemies":"Jaw Worm","floor":2,"turns":3},{"damage":0,"enemies":"Cultist","floor":3,"turns":1},{"damage":5,"enemies":"3 Louse","floor":4,"turns":3},{"damage":20,"enemies":"Exordium Thugs","floor":5,"turns":5},{"damage":9,"enemies":"The Mushroom Lair","floor":7,"turns":4},{"damage":7,"enemies":"Gremlin Gang","floor":8,"turns":5},{"damage":4,"enemies":"Large Slime","floor":10,"turns":5},{"damage":7,"enemies":"Lots of Slimes","floor":13,"turns":5},{"damage":11,"enemies":"3 Louse","floor":14,"turns":4},{"damage":9,"enemies":"Hexaghost","floor":16,"turns":8}],"seed_played":"-5210998280753566691","potions_obtained":[{"floor":3,"key":"DistilledChaos"},{"floor":4,"key":"BlessingOfTheForge"},{"floor":5,"key":"Weak Potion"},{"floor":10,"key":"Dexterity Potion"}],"is_trial":false,"path_per_floor":["M","M","M","M","M","R","?","M","T","M","R","$","M","M","R","B"],"character_chosen":"WATCHER","items_purchased":["Vault","PowerPotion"],"campfire_rested":1,"item_purchase_floors":[12,12],"current_hp_per_floor":[54,52,52,47,27,27,18,11,11,7,27,27,20,9,9,0,0],"gold":46,"neow_bonus":"RANDOM_COMMON_RELIC","is_daily":false,"chose_seed":false,"campfire_upgraded":2,"win_rate":0.0,"timestamp":1612430076,"path_taken":["M","M","M","M","M","R","?","M","T","M","R","$","M","M","R","BOSS"],"items_purchased_type":["Card","Potion"],"build_version":"2020-12-22","purchased_purges":0,"victory":false,"max_hp_per_floor":[68,68,68,68,68,68,68,68,68,68,68,68,68,68,68,68,68],"relic_stats":{"Centennial Puzzle":[12],"counters":[11,47],"Art of War":[3],"obtain_stats":[{"Centennial Puzzle":9,"Art of War":0,"PureWater":0,"Odd Mushroom":7},{"Centennial Puzzle":7,"Art of War":0,"PureWater":0,"Odd Mushroom":6},{"Centennial Puzzle":25,"Art of War":0,"PureWater":0,"Odd Mushroom":20}]},"card_choices":[{"not_picked":["Prostrate","Pray"],"picked":"FollowUp","floor":1},{"not_picked":["Perseverance","Nirvana"],"picked":"CrushJoints","floor":2},{"not_picked":["Collect","ClearTheMind"],"picked":"EmptyFist","floor":3},{"not_picked":["Conclude","Consecrate","Protect"],"picked":"SKIP","floor":4},{"not_picked":["Crescendo","Consecrate"],"picked":"Study","floor":5},{"not_picked":["FollowUp","Crescendo","JustLucky"],"picked":"SKIP","floor":8},{"not_picked":["Halt","Consecrate"],"picked":"EmptyBody","floor":10},{"not_picked":["Collect","Judgement","CrushJoints"],"picked":"SKIP","floor":13},{"not_picked":["ThirdEye","FollowUp","EmptyFist"],"picked":"SKIP","floor":14}],"player_experience":1782445,"relics_obtained":[{"floor":7,"key":"Odd Mushroom"},{"floor":9,"key":"Centennial Puzzle"}],"event_choices":[{"damage_healed":0,"gold_gain":0,"player_choice":"Fought Mushrooms","damage_taken":0,"max_hp_gain":0,"max_hp_loss":0,"event_name":"Mushrooms","floor":7,"gold_loss":0}],"is_beta":false,"boss_relics":[],"items_purged_floors":[],"is_endless":false,"potions_floor_spawned":[3,4,5,10],"killed_by":"Hexaghost","ascension_level":20}}