{"host":"jwbw4f4imxd0v0b0","time":1612417910,"event":{"mods":["BaseMod","Colored Map","Highlight Path","Minty Spire (QoL Compilation)","Relic Stats","StSLib"],"gold_per_floor":[115,9,9,24,37,62,72,72,153,153,118,118,147,147,147,219,219,231,60,10,10,10,10,39,39,39,67,67,94,111,124,124,198,198,208,233,233,233,251,265,265,276,301,333,333,54,54,64,64,64,64],"floor_reached":52,"language":"ENG","playtime":3148,"items_purged":[],"score":1838,"play_id":"9aaf4d96-8370-449d-a304-5e4a09daed82","local_time":"20210203235150","is_ascension_mode":true,"campfire_choices":[{"data":"Cold Snap","floor":8.0,"key":"SMITH"},{"data":"Static Discharge","floor":10.0,"key":"SMITH"},{"floor":12.0,"key":"REST"},{"data":"Zap","floor":15.0,"key":"SMITH"},{"floor":23.0,"key":"REST"},{"floor":25.0,"key":"REST"},{"floor":28.0,"key":"REST"},{"floor":32.0,"key":"REST"},{"floor":41.0,"key":"REST"},{"floor":45.0,"key":"REST"},{"floor":49.0,"key":"REST"}],"circlet_count":0,"master_deck":["AscendersBane","Zap+1","Dualcast","Conserve Battery","Cold Snap+1","Rip and Tear","Beam Cell","Auto Shields","Static Discharge+1","Compile Driver","Zap","Electrodynamics","Go for the Eyes","Barrage+1","Loop","Coolheaded","Seek","Coolheaded","Core Surge","Darkness","Electrodynamics","Hello World","Seek","Auto Shields","Echo Form","Coolheaded","Defragment+1","Chaos+1","Coolheaded"],"relics":["Inserter","CaptainsWheel","StrikeDummy","DataDisk","Fusion Hammer","Orichalcum","Bronze Scales","Pantograph","Omamori","Pen Nib","Pandora\u0027s Box","Art of War","Lantern","Bag of Preparation","Bottled Tornado"],"acts_visited":["Exordium","TheCity","TheBeyond"],"potions_floor_usage":[51,51],"damage_taken":[{"damage":9.0,"enemies":"Jaw Worm","floor":1.0,"turns":5.0},{"damage":13.0,"enemies":"2 Louse","floor":4.0,"turns":3.0},{"damage":1.0,"enemies":"Cultist","floor":5.0,"turns":4.0},{"damage":14.0,"enemies":"Lagavulin","floor":6.0,"turns":8.0},{"damage":13.0,"enemies":"Blue Slaver","floor":7.0,"turns":4.0},{"damage":14.0,"enemies":"Gremlin Nob","floor":13.0,"turns":4.0},{"damage":34.0,"enemies":"The Guardian","floor":16.0,"turns":9.0},{"damage":3.0,"enemies":"Spheric Guardian","floor":18.0,"turns":3.0},{"damage":6.0,"enemies":"Book of Stabbing","floor":24.0,"turns":4.0},{"damage":45.0,"enemies":"Slavers","floor":27.0,"turns":4.0},{"damage":17.0,"enemies":"Book of Stabbing","floor":29.0,"turns":4.0},{"damage":0.0,"enemies":"3 Byrds","floor":30.0,"turns":2.0},{"damage":6.0,"enemies":"Centurion and Healer","floor":31.0,"turns":3.0},{"damage":61.0,"enemies":"Automaton","floor":33.0,"turns":7.0},{"damage":6.0,"enemies":"3 Darklings","floor":35.0,"turns":4.0},{"damage":17.0,"enemies":"3 Shapes","floor":39.0,"turns":5.0},{"damage":0.0,"enemies":"Maw","floor":40.0,"turns":6.0},{"damage":4.0,"enemies":"Sphere and 2 Shapes","floor":42.0,"turns":3.0},{"damage":30.0,"enemies":"Reptomancer","floor":44.0,"turns":5.0},{"damage":1.0,"enemies":"Spire Growth","floor":48.0,"turns":5.0},{"damage":26.0,"enemies":"Time Eater","floor":50.0,"turns":13.0},{"damage":64,"enemies":"Awakened One","floor":51,"turns":15}],"seed_played":"7522305852147539443","potions_obtained":[{"floor":4.0,"key":"Fire Potion"},{"floor":6.0,"key":"Strength Potion"},{"floor":16.0,"key":"LiquidMemories"},{"floor":24.0,"key":"CultistPotion"},{"floor":33.0,"key":"FocusPotion"}],"is_trial":false,"path_per_floor":["M","$","?","M","M","E","M","R","T","R","?","R","E","?","R","B",null,"M","$","$","?","?","R","E","R","T","E","R","E","M","M","R","B",null,"M","T","?","?","M","M","R","M","T","E","R","$","$","M","R","B","B",null],"character_chosen":"DEFECT","items_purchased":["Cold Snap","FocusPotion","Orichalcum","Barrage","Bottled Tornado"],"campfire_rested":8,"item_purchase_floors":[2,2,19,20,46],"current_hp_per_floor":[55,55,55,42,41,27,14,14,14,14,31,52,38,38,38,4,54,51,51,51,51,51,71,65,71,71,26,47,30,30,24,45,9,56,50,50,50,67,50,50,67,63,63,33,53,53,53,52,67,41,2],"gold":64,"neow_bonus":"BOSS_RELIC","is_daily":false,"chose_seed":false,"campfire_upgraded":3,"win_rate":0.0,"timestamp":1612417910,"path_taken":["M","$","?","M","M","E","M","R","T","R","?","R","E","?","R","BOSS","M","?","$","?","?","R","E","R","T","E","R","E","M","M","R","BOSS","M","?","?","?","?","M","R","M","T","E","R","?","$","M","R","BOSS","BOSS"],"items_purchased_type":["Card","Potion","Relic","Card","Relic"],"build_version":"2020-12-22","purchased_purges":0,"victory":true,"max_hp_per_floor":[71,71,71,71,71,71,71,71,71,71,71,71,71,71,71,71,71,71,71,71,71,71,71,71,71,71,71,71,71,71,71,71,71,71,71,71,67,67,67,67,67,67,67,67,67,67,67,67,67,67,67],"relic_stats":{"Inserter":[59],"counters":[22,120],"Bronze Scales":[359],"Pantograph":50,"Pandora\u0027s Box":["Melter","Darkness","Electrodynamics","Hello World","Seek","Auto Shields","Echo Form","Coolheaded"],"Pen Nib":[11],"Art of War":[13],"Bag of Preparation":[6],"Orichalcum":[102],"obtain_stats":[{"Lantern":43,"Inserter":0,"Pen Nib":29,"Omamori":27,"Bag of Preparation":44,"Orichalcum":19,"Bottled Tornado":46,"CaptainsWheel":6,"DataDisk":13,"Bronze Scales":24,"Pantograph":26,"Pandora\u0027s Box":34,"Fusion Hammer":17,"Art of War":36,"Cracked Core":0,"StrikeDummy":9},{"Lantern":18,"Inserter":0,"Pen Nib":11,"Omamori":10,"Bag of Preparation":19,"Orichalcum":8,"Bottled Tornado":19,"CaptainsWheel":4,"DataDisk":6,"Bronze Scales":9,"Pantograph":9,"Pandora\u0027s Box":14,"Fusion Hammer":7,"Art of War":15,"Cracked Core":0,"StrikeDummy":5},{"Lantern":82,"Inserter":0,"Pen Nib":52,"Omamori":48,"Bag of Preparation":87,"Orichalcum":40,"Bottled Tornado":87,"CaptainsWheel":20,"DataDisk":28,"Bronze Scales":44,"Pantograph":44,"Pandora\u0027s Box":64,"Fusion Hammer":37,"Art of War":68,"Cracked Core":0,"StrikeDummy":24}]},"card_choices":[{"not_picked":["Stack","Rebound"],"picked":"Conserve Battery","floor":1.0},{"not_picked":["Compile Driver","Melter"],"picked":"Rip and Tear","floor":4.0},{"not_picked":["Capacitor","Gash"],"picked":"Beam Cell","floor":5.0},{"not_picked":["Heatsinks","Melter"],"picked":"Auto Shields","floor":6.0},{"not_picked":["Conserve Battery","Compile Driver"],"picked":"Static Discharge","floor":7.0},{"not_picked":["Turbo","Conserve Battery"],"picked":"Compile Driver","floor":13.0},{"not_picked":["Rainbow","Hyperbeam"],"picked":"Electrodynamics","floor":16.0},{"not_picked":["Turbo","Rebound"],"picked":"Go for the Eyes","floor":18.0},{"not_picked":["Redo","Blizzard"],"picked":"Loop","floor":24.0},{"not_picked":["Ball Lightning+1","Self Repair"],"picked":"Coolheaded","floor":27.0},{"not_picked":["Gash","Steam"],"picked":"Seek","floor":29.0},{"not_picked":["Gash","Melter","Stack"],"picked":"SKIP","floor":30.0},{"not_picked":["Streamline","FTL+1"],"picked":"Coolheaded","floor":31.0},{"not_picked":["Machine Learning","Rainbow"],"picked":"Core Surge","floor":33.0},{"not_picked":["Streamline+1","Coolheaded"],"picked":"Defragment+1","floor":35.0},{"not_picked":["Turbo+1","Lockon"],"picked":"Chaos+1","floor":39.0},{"not_picked":["Beam Cell","Hologram","Compile Driver"],"picked":"SKIP","floor":40.0},{"not_picked":["Leap+1","Sweeping Beam","FTL"],"picked":"SKIP","floor":42.0},{"not_picked":["FTL","Steam"],"picked":"Coolheaded","floor":44.0},{"not_picked":["Recycle","Barrage","Genetic Algorithm"],"picked":"SKIP","floor":48.0}],"player_experience":1204403,"relics_obtained":[{"floor":6.0,"key":"CaptainsWheel"},{"floor":9.0,"key":"StrikeDummy"},{"floor":13.0,"key":"DataDisk"},{"floor":24.0,"key":"Bronze Scales"},{"floor":26.0,"key":"Pantograph"},{"floor":27.0,"key":"Omamori"},{"floor":29.0,"key":"Pen Nib"},{"floor":36.0,"key":"Art of War"},{"floor":43.0,"key":"Lantern"},{"floor":44.0,"key":"Bag of Preparation"}],"event_choices":[{"damage_healed":0.0,"max_hp_gain":0.0,"max_hp_loss":0.0,"gold_gain":0.0,"event_name":"Liars Game","player_choice":"Ignored","floor":3.0,"gold_loss":0.0,"damage_taken":0.0},{"damage_healed":17.0,"max_hp_gain":0.0,"max_hp_loss":0.0,"gold_gain":0.0,"event_name":"The Cleric","player_choice":"Healed","floor":11.0,"gold_loss":35.0,"damage_taken":0.0},{"damage_healed":0.0,"max_hp_gain":0.0,"max_hp_loss":0.0,"gold_gain":0.0,"event_name":"Match and Keep!","player_choice":"1 cards matched","floor":14.0,"gold_loss":0.0,"damage_taken":0.0,"cards_obtained":["Zap"]},{"damage_healed":0.0,"max_hp_gain":0.0,"max_hp_loss":0.0,"gold_gain":0.0,"event_name":"Vampires","player_choice":"Ignored","floor":21.0,"gold_loss":0.0,"damage_taken":0.0},{"damage_healed":0.0,"max_hp_gain":0.0,"max_hp_loss":0.0,"gold_gain":0.0,"event_name":"Upgrade Shrine","player_choice":"Upgraded","floor":22.0,"gold_loss":0.0,"damage_taken":0.0,"cards_upgraded":["Barrage"]},{"damage_healed":0.0,"max_hp_gain":0.0,"max_hp_loss":4.0,"gold_gain":0.0,"event_name":"Winding Halls","player_choice":"Max HP","floor":37.0,"gold_loss":0.0,"damage_taken":0.0},{"cards_removed":["Melter"],"damage_healed":17.0,"max_hp_gain":0.0,"max_hp_loss":0.0,"gold_gain":0.0,"event_name":"Bonfire Elementals","player_choice":"Offered Uncommon","floor":38.0,"gold_loss":0.0,"damage_taken":0.0}],"is_beta":false,"boss_relics":[{"not_picked":["Philosopher\u0027s Stone","SacredBark"],"picked":"Fusion Hammer"},{"not_picked":["Snecko Eye","Coffee Dripper"],"picked":"Pandora\u0027s Box"}],"items_purged_floors":[],"is_endless":false,"potions_floor_spawned":[4,5,6,13,16,24,29,31,33,35,39,42,48],"ascension_level":20}}