{"host":"ywbsnexmk111etbw","time":1612398158,"event":{"mods":["100% Spire Juice","Act Like it!","Arknights","BaseMod","Beaked The Cultist","Colored Powertips","Conspire","Curses Come First","Fireblade Mod","Fox Events","Hubris","Infinite Spire","Jorbs\u0027s Wanderer Trilogy","Marisa????????","Minty Spire (QoL Compilation)","Pale of the Ancients","Permanent Neow","Replay The Spire","Reworked Bosses","Robot Space Explorer","StSLib","The Blackbeard","The Bladedancer","The Cursed","The Dragon Tamer","The Marked","The Mystic","The Necromancer","The Saiyan","Wandering Minibosses"],"gold_per_floor":[112,112,112,132,232,244,277,277,277,277,307,326,326,326,326,426,426,380,380,53,69,69,69,69],"floor_reached":23,"language":"ENG","playtime":1012,"items_purged":[],"score":207,"play_id":"18c61893-accf-4750-afd3-91595bee254a","local_time":"20210203192238","is_ascension_mode":true,"campfire_choices":[{"floor":10,"key":"REST"},{"data":"beaked:Overpower","floor":15,"key":"SMITH"}],"circlet_count":0,"master_deck":["beaked:Strike_Y","beaked:Strike_Y","beaked:Strike_Y","beaked:Strike_Y","beaked:Strike_Y","beaked:Strike_Y","beaked:Defend_Y","beaked:Defend_Y","beaked:Defend_Y","beaked:Defend_Y","beaked:Ceremony","beaked:Ceremony","beaked:Ceremony","beaked:Foresight","beaked:Overpower+1","beaked:Flinch","Parasite","beaked:ScreechingChant","beaked:HuntressSpirit","beaked:WarriorSpirit"],"relics":["beaked:MendingPlumage","Tiny Chest","Potion Belt","Snack Pack","Replay:Winged Headress","Replay:PocketPolymizer","hubris:HollowSoul","hubris:Towel","Membership Card","Bottled Flame","Torii"],"acts_visited":["Exordium","TheCity"],"potions_floor_usage":[11,21,23,23],"damage_taken":[{"damage":9,"enemies":"Small Slimes","floor":1,"turns":6},{"damage":2,"enemies":"2 Louse","floor":4,"turns":4},{"damage":2,"enemies":"conspire:RoseBush","floor":6,"turns":4},{"damage":39,"enemies":"3 Sentries","floor":7,"turns":8},{"damage":30,"enemies":"Gremlin Nob","floor":11,"turns":5},{"damage":11,"enemies":"Blue Slaver","floor":12,"turns":5},{"damage":62,"enemies":"Fading Forest","floor":16,"turns":11},{"damage":36,"enemies":"Spheric Guardian","floor":18,"turns":6},{"damage":0,"enemies":"2 Thieves","floor":21,"turns":1},{"damage":1,"enemies":"Gremlin Leader","floor":23,"turns":2}],"seed_played":"9020853768044737823","potions_obtained":[{"floor":6,"key":"Strength Potion"},{"floor":7,"key":"SmokeBomb"},{"floor":16,"key":"beaked:MendingBrew"},{"floor":18,"key":"LiquidBronze"}],"is_trial":false,"path_per_floor":["M","?","$","M","?","M","E","T","T","R","E","M","?","?","R","B",null,"M","?","$","M","T","E"],"character_chosen":"BEAKED_THE_CULTIST","items_purchased":["Membership Card","beaked:WarriorSpirit","Bottled Flame"],"campfire_rested":1,"item_purchase_floors":[20,20,20],"current_hp_per_floor":[50,50,50,50,50,50,29,29,29,44,29,31,31,43,43,15,50,27,27,27,27,27,9,9],"gold":69,"neow_bonus":"RANDOM_COMMON_RELIC","is_daily":false,"chose_seed":false,"campfire_upgraded":1,"win_rate":0.0,"timestamp":1612398158,"path_taken":["M","?","$","M","?","?","E","?","T","R","E","M","?","?","R","BOSS","M","?","$","M","?","E"],"items_purchased_type":["Relic","Card","Relic"],"build_version":"2020-12-22","purchased_purges":0,"victory":false,"max_hp_per_floor":[50,50,50,50,50,50,50,50,50,50,50,50,50,50,50,50,50,50,50,50,50,50,10,10],"card_choices":[{"not_picked":["beaked:Negation","beaked:RitualOfBody","beaked:Brace"],"picked":"SKIP","floor":1},{"not_picked":["beaked:Cower","beaked:Flinch"],"picked":"beaked:Foresight","floor":4},{"not_picked":["beaked:Tradeoff","beaked:Hexing","beaked:Cower"],"picked":"SKIP","floor":6},{"not_picked":["beaked:MachineSpirit","beaked:Brainwash","beaked:Tradeoff"],"picked":"SKIP","floor":7},{"not_picked":["beaked:Evade","beaked:BarbedWire"],"picked":"beaked:Overpower","floor":11},{"not_picked":["beaked:Windmill","beaked:TuckingFeathers"],"picked":"beaked:Flinch","floor":12},{"not_picked":["beaked:Sacrifice","beaked:FakeOut"],"picked":"beaked:ScreechingChant","floor":16},{"not_picked":["beaked:CursingBlood+1","beaked:TuckingFeathers"],"picked":"beaked:HuntressSpirit","floor":18},{"not_picked":["beaked:Cower","beaked:Daydream","beaked:Evade+1"],"picked":"SKIP","floor":21}],"player_experience":156279,"relics_obtained":[{"floor":7,"key":"Potion Belt"},{"floor":8,"key":"Snack Pack"},{"floor":9,"key":"Replay:Winged Headress"},{"floor":11,"key":"Replay:PocketPolymizer"},{"floor":22,"key":"Torii"}],"event_choices":[{"damage_healed":0,"gold_gain":0,"player_choice":"Ignored","damage_taken":0,"max_hp_gain":0,"max_hp_loss":0,"event_name":"Golden Wing","floor":2,"gold_loss":0},{"damage_healed":0,"gold_gain":100,"player_choice":"Pray","damage_taken":0,"max_hp_gain":0,"max_hp_loss":0,"event_name":"Golden Shrine","floor":5,"gold_loss":0},{"damage_healed":0,"gold_gain":0,"player_choice":"Leave","damage_taken":0,"max_hp_gain":0,"max_hp_loss":0,"event_name":"The Cleric","floor":13,"gold_loss":0},{"damage_healed":12,"gold_gain":0,"player_choice":"Healed and dodged fight","damage_taken":0,"max_hp_gain":0,"max_hp_loss":0,"event_name":"Mushrooms","floor":14,"gold_loss":0,"cards_obtained":["Parasite"]}],"is_beta":false,"boss_relics":[{"not_picked":["Tiny House","Cursed Key"],"picked":"hubris:HollowSoul"}],"items_purged_floors":[],"is_endless":false,"potions_floor_spawned":[6,7,16,18],"killed_by":"Gremlin Leader","ascension_level":1}}