{"host":"gk5m6v7zec9neb0j","time":1612462188,"event":{"mods":["AchievementEnabler","AlwaysNeverKeys","BaseMod","BetterRewards","Block Reminder","Minty Spire (QoL Compilation)","Rare Cards Sparkle","Relic Stats","StSLib"],"gold_per_floor":[111,111,111,126,126,151,151,165,165,165,83,99,99,113,113,212,212,228,84,97,97,107,107,7,35,35,35,45,56,70,70,70,70,70],"floor_reached":33,"language":"ENG","playtime":1062,"items_purged":["Strike_R","Strike_R"],"score":367,"play_id":"26d9a455-fc0f-459c-9c6f-e729accae059","local_time":"20210204130948","is_ascension_mode":false,"campfire_choices":[{"data":"Spot Weakness","floor":7,"key":"SMITH"},{"data":"Panache","floor":10,"key":"SMITH"},{"data":"Seeing Red","floor":13,"key":"SMITH"},{"data":"Body Slam","floor":15,"key":"SMITH"},{"data":"Offering","floor":23,"key":"SMITH"},{"floor":27,"key":"REST"},{"floor":32,"key":"REST"}],"circlet_count":0,"master_deck":["Strike_R","Defend_R","Defend_R","Defend_R","Defend_R","Bash+1","Panache+1","Seeing Red+1","Warcry","Iron Wave","Cleave","Spot Weakness+1","Shrug It Off","Shrug It Off","Dropkick","Body Slam+1","Offering+1","CurseOfTheBell","SignatureMove","Shrug It Off","Rebound+1","Prepared+1","Rage+1","Swift Strike","ThirdEye+1"],"relics":["Burning Blood","MealTicket","Pantograph","Calling Bell","Dream Catcher","Ornamental Fan","Pocketwatch","PrismaticShard","Juzu Bracelet","Bottled Lightning"],"acts_visited":["Exordium","TheCity"],"potions_floor_usage":[16,30,30,33],"damage_taken":[{"damage":1,"enemies":"Jaw Worm","floor":1,"turns":3},{"damage":7,"enemies":"2 Louse","floor":4,"turns":2},{"damage":32,"enemies":"Gremlin Nob","floor":6,"turns":5},{"damage":0,"enemies":"Small Slimes","floor":8,"turns":3},{"damage":6,"enemies":"Looter","floor":12,"turns":4},{"damage":2,"enemies":"Lots of Slimes","floor":14,"turns":2},{"damage":43,"enemies":"Hexaghost","floor":16,"turns":9},{"damage":13,"enemies":"Shell Parasite","floor":18,"turns":3},{"damage":11,"enemies":"3 Byrds","floor":20,"turns":5},{"damage":10,"enemies":"Shelled Parasite and Fungi","floor":22,"turns":3},{"damage":57,"enemies":"Gremlin Leader","floor":25,"turns":5},{"damage":25,"enemies":"3 Cultists","floor":28,"turns":5},{"damage":15,"enemies":"Centurion and Healer","floor":29,"turns":6},{"damage":22,"enemies":"Sentry and Sphere","floor":30,"turns":5},{"damage":64,"enemies":"Champ","floor":33,"turns":6}],"seed_played":"2349736589363859843","potions_obtained":[{"floor":6,"key":"LiquidBronze"},{"floor":16,"key":"DuplicationPotion"},{"floor":25,"key":"Energy Potion"},{"floor":29,"key":"DistilledChaos"}],"is_trial":false,"path_per_floor":["M","?","?","M","?","E","R","M","T","R","$","M","R","M","R","B",null,"M","$","M","?","M","R","$","E","T","R","M","M","M","?","R","B"],"character_chosen":"IRONCLAD","items_purchased":["Panache","Seeing Red","Warcry","Iron Wave","Dropkick","PrismaticShard"],"campfire_rested":2,"item_purchase_floors":[0,0,0,0,11,19],"current_hp_per_floor":[67,60,60,59,59,33,33,39,39,39,54,54,54,58,58,43,80,73,80,75,75,71,71,80,29,29,53,34,25,9,9,33,0,0],"gold":70,"neow_bonus":"","is_daily":false,"chose_seed":false,"campfire_upgraded":5,"win_rate":0.0,"timestamp":1612462188,"path_taken":["M","?","?","M","?","E","R","M","T","R","$","M","R","M","R","BOSS","M","$","M","?","M","R","$","E","T","R","M","M","M","?","R","BOSS"],"items_purchased_type":["Card","Card","Card","Card","Card","Relic"],"build_version":"2020-12-22","purchased_purges":2,"victory":false,"max_hp_per_floor":[80,80,80,80,80,80,80,80,80,80,80,80,80,80,80,80,80,80,80,80,80,80,80,80,80,80,80,80,80,80,80,80,80,80],"relic_stats":{"Dream Catcher":6,"counters":[39,208],"Ornamental Fan":[60],"Pantograph":47,"MealTicket":102,"Juzu Bracelet":1,"obtain_stats":[{"Singing Bowl":0,"Vajra":0,"Oddly Smooth Stone":0,"Black Blood":17,"Juzu Bracelet":25,"Whetstone":43,"Frozen Egg 2":0,"Bottled Tornado":31,"PrismaticShard":19,"Burning Blood":0,"ClockworkSouvenir":0,"Mercury Hourglass":26,"Calling Bell":17,"Dream Catcher":17,"Shovel":0,"Ornamental Fan":17,"Pantograph":9,"MealTicket":9,"Bag of Marbles":12,"Champion Belt":0,"Bottled Lightning":26,"Paper Frog":0,"Pocketwatch":17},{"Singing Bowl":0,"Vajra":0,"Oddly Smooth Stone":0,"Black Blood":7,"Juzu Bracelet":35,"Whetstone":20,"Frozen Egg 2":0,"Bottled Tornado":15,"PrismaticShard":32,"Burning Blood":0,"ClockworkSouvenir":0,"Mercury Hourglass":13,"Calling Bell":31,"Dream Catcher":31,"Shovel":0,"Ornamental Fan":31,"Pantograph":28,"MealTicket":3,"Bag of Marbles":5,"Champion Belt":0,"Bottled Lightning":35,"Paper Frog":0,"Pocketwatch":31},{"Singing Bowl":0,"Vajra":0,"Oddly Smooth Stone":0,"Black Blood":34,"Juzu Bracelet":186,"Whetstone":116,"Frozen Egg 2":0,"Bottled Tornado":78,"PrismaticShard":173,"Burning Blood":0,"ClockworkSouvenir":0,"Mercury Hourglass":64,"Calling Bell":170,"Dream Catcher":170,"Shovel":0,"Ornamental Fan":170,"Pantograph":155,"MealTicket":13,"Bag of Marbles":23,"Champion Belt":0,"Bottled Lightning":186,"Paper Frog":0,"Pocketwatch":170}],"Burning Blood":312,"Pocketwatch":[24]},"card_choices":[{"not_picked":["Sword Boomerang","Entrench"],"picked":"Cleave","floor":1},{"not_picked":["Shrug It Off","Heavy Blade"],"picked":"Spot Weakness","floor":4},{"not_picked":["Pommel Strike","Body Slam"],"picked":"Shrug It Off","floor":6},{"not_picked":["Thunderclap","Twin Strike"],"picked":"Shrug It Off","floor":8},{"not_picked":["Sword Boomerang","Flex","Combust"],"picked":"SKIP","floor":12},{"not_picked":["Sword Boomerang","Iron Wave"],"picked":"Body Slam","floor":14},{"not_picked":["Bludgeon","Brutality"],"picked":"Offering","floor":16},{"not_picked":["Fire Breathing","Exhume","Clothesline"],"picked":"SKIP","floor":18},{"not_picked":["Bane","Searing Blow+1"],"picked":"SignatureMove","floor":20},{"not_picked":["Twin Strike","Die Die Die"],"picked":"Shrug It Off","floor":22},{"not_picked":["Quick Slash","True Grit"],"picked":"Rebound+1","floor":25},{"not_picked":["Chaos","Deadly Poison"],"picked":"Prepared+1","floor":28},{"not_picked":["Rampage","Mind Blast"],"picked":"Rage+1","floor":29},{"not_picked":["Anger+1","Weave"],"picked":"Swift Strike","floor":30},{"not_picked":["Recycle","Dodge and Roll+1"],"picked":"ThirdEye+1","floor":32}],"player_experience":780718,"relics_obtained":[{"floor":6,"key":"MealTicket"},{"floor":9,"key":"Pantograph"},{"floor":17,"key":"Dream Catcher"},{"floor":17,"key":"Ornamental Fan"},{"floor":17,"key":"Pocketwatch"},{"floor":25,"key":"Juzu Bracelet"},{"floor":26,"key":"Bottled Lightning"}],"event_choices":[{"cards_removed":["Strike_R"],"damage_healed":0,"gold_gain":0,"player_choice":"Card Removal","damage_taken":7,"max_hp_gain":0,"max_hp_loss":0,"event_name":"Golden Wing","floor":2,"gold_loss":0},{"damage_healed":0,"gold_gain":0,"player_choice":"Grow","damage_taken":0,"max_hp_gain":0,"max_hp_loss":0,"event_name":"Living Wall","floor":3,"gold_loss":0,"cards_upgraded":["Bash"]},{"damage_healed":0,"gold_gain":0,"player_choice":"Ignored","damage_taken":0,"max_hp_gain":0,"max_hp_loss":0,"event_name":"Golden Idol","floor":5,"gold_loss":0},{"damage_healed":0,"gold_gain":0,"player_choice":"Bought 0 Potions","damage_taken":0,"max_hp_gain":0,"max_hp_loss":0,"event_name":"The Woman in Blue","floor":21,"gold_loss":0},{"cards_removed":["Strike_R"],"damage_healed":0,"gold_gain":0,"player_choice":"Offered Basic","damage_taken":0,"max_hp_gain":0,"max_hp_loss":0,"event_name":"Bonfire Elementals","floor":31,"gold_loss":0}],"is_beta":false,"boss_relics":[{"not_picked":["Runic Pyramid","Fusion Hammer"],"picked":"Calling Bell"}],"items_purged_floors":[0,24],"is_endless":false,"potions_floor_spawned":[6,12,16,22,25,29],"killed_by":"Champ","ascension_level":0}}