{"host":"kxz5izodaorfb9am","time":1612456414,"event":{"mods":["BaseMod","GifTheSpireLib","Minty Spire (QoL Compilation)","Shop Mod","StSLib"],"gold_per_floor":[118,49,49,66,66,95,95,106,106,106,135,153,153,153,153,153,153],"floor_reached":16,"language":"ENG","playtime":886,"items_purged":[],"score":189,"play_id":"e0b2316d-4835-4ec1-9f53-9531fe0432a3","local_time":"20210204173334","is_ascension_mode":true,"campfire_choices":[{"floor":7,"key":"REST"},{"data":"Venomology","floor":10,"key":"SMITH"},{"floor":15,"key":"REST"}],"circlet_count":0,"master_deck":["AscendersBane","Strike_G","Strike_G","Strike_G","Strike_G","Strike_G","Defend_G","Defend_G","Defend_G","Defend_G","Defend_G","Survivor","Neutralize+1","Cloak And Dagger","Escape Plan","Blade Dance+1","Venomology+1","Backflip","Blade Dance","Parasite"],"relics":["Ring of the Snake","Orichalcum","Paper Crane","The Courier","Tiny Chest"],"acts_visited":["Exordium"],"potions_floor_usage":[6,11,11,12,16],"damage_taken":[{"damage":4,"enemies":"2 Louse","floor":1,"turns":3},{"damage":2,"enemies":"Cultist","floor":4,"turns":4},{"damage":19,"enemies":"Gremlin Nob","floor":6,"turns":4},{"damage":0,"enemies":"Jaw Worm","floor":8,"turns":3},{"damage":17,"enemies":"3 Sentries","floor":11,"turns":10},{"damage":3,"enemies":"Large Slime","floor":12,"turns":6},{"damage":48,"enemies":"Hexaghost","floor":16,"turns":14}],"seed_played":"8116776317807963702","potions_obtained":[{"floor":4,"key":"BlessingOfTheForge"},{"floor":8,"key":"EssenceOfSteel"}],"is_trial":false,"path_per_floor":["M","$","?","M","?","E","R","M","T","R","E","M","?","?","R","B"],"character_chosen":"THE_SILENT","items_purchased":["Escape Plan"],"campfire_rested":2,"item_purchase_floors":[2],"current_hp_per_floor":[55,55,29,27,27,8,27,27,27,27,10,7,7,23,42,0,0],"gold":153,"neow_bonus":"UPGRADE_CARD","is_daily":false,"chose_seed":false,"campfire_upgraded":1,"win_rate":0.0,"timestamp":1612456414,"path_taken":["M","$","?","M","?","E","R","?","T","R","E","M","?","?","R","BOSS"],"items_purchased_type":["Card"],"build_version":"2020-12-22","purchased_purges":0,"victory":false,"max_hp_per_floor":[66,66,66,66,66,66,66,66,66,66,66,66,66,66,66,66,66],"card_choices":[{"not_picked":["Dagger Spray","Sucker Punch"],"picked":"Cloak And Dagger","floor":1},{"not_picked":["Dagger Throw","Endless Agony"],"picked":"Blade Dance","floor":4},{"not_picked":["Riddle With Holes","Dagger Throw","Calculated Gamble"],"picked":"SKIP","floor":6},{"not_picked":["Poisoned Stab","Bouncing Flask"],"picked":"Venomology","floor":8},{"not_picked":["Setup","Noxious Fumes"],"picked":"Backflip","floor":11},{"not_picked":["Skewer","Masterful Stab"],"picked":"Blade Dance","floor":12}],"player_experience":269673,"relics_obtained":[{"floor":6,"key":"Paper Crane"},{"floor":9,"key":"The Courier"},{"floor":11,"key":"Tiny Chest"}],"event_choices":[{"damage_healed":0,"gold_gain":0,"player_choice":"Success","damage_taken":26,"relics_obtained":["Orichalcum"],"max_hp_gain":0,"max_hp_loss":0,"event_name":"Scrap Ooze","floor":3,"gold_loss":0},{"damage_healed":0,"gold_gain":0,"player_choice":"Upgraded","damage_taken":0,"max_hp_gain":0,"max_hp_loss":0,"event_name":"Upgrade Shrine","floor":5,"gold_loss":0,"cards_upgraded":["Blade Dance"]},{"damage_healed":0,"gold_gain":0,"player_choice":"Ignored","damage_taken":0,"max_hp_gain":0,"max_hp_loss":0,"event_name":"Liars Game","floor":13,"gold_loss":0},{"damage_healed":16,"gold_gain":0,"player_choice":"Healed and dodged fight","damage_taken":0,"max_hp_gain":0,"max_hp_loss":0,"event_name":"Mushrooms","floor":14,"gold_loss":0,"cards_obtained":["Parasite"]}],"is_beta":false,"boss_relics":[],"items_purged_floors":[],"is_endless":false,"potions_floor_spawned":[4,8],"killed_by":"Hexaghost","ascension_level":15}}