{"host":"6ncdf681trjj7gs6","time":1612479782,"event":{"mods":["BaseMod","Colored Map","Downfall","Highlight Path","Minty Spire (QoL Compilation)","StSLib"],"gold_per_floor":[99,99,99,163,179,9,9,34,53,53,16,46,46,73,88,192,192,192,206,220,220,230,256,256,256,293,305,305,305,305,340,358,471,471,371,383,411,411,439,439,439,337,365,385,385,396,396,417,444,444,444,469,279,279,279,279],"floor_reached":57,"language":"ENG","playtime":5671,"items_purged":["bronze:Strike","bronze:Replicate","bronze:Return"],"score":1516,"play_id":"df2ce6c3-1cfe-4d11-ac69-b79cf7404f6a","local_time":"20210204180302","is_ascension_mode":true,"campfire_choices":[{"floor":1.0,"key":"RECALL"},{"data":"bronze:Terminator","floor":10.0,"key":"SMITH"},{"data":"bronze:ForceShield","floor":18.0,"key":"SMITH"},{"data":"bronze:MaxOutput","floor":25.0,"key":"SMITH"},{"data":"bronze:FineTuning","floor":28.0,"key":"SMITH"},{"data":"bronze:Terminator","floor":30.0,"key":"SMITH"},{"data":"bronze:Constructor","floor":35.0,"key":"SMITH"},{"data":"bronze:Constructor","floor":40.0,"key":"SMITH"},{"data":"Thinking Ahead","floor":47.0,"key":"SMITH"},{"data":"bronze:Verify","floor":54.0,"key":"SMITH"}],"circlet_count":0,"master_deck":["bronze:Defend","bronze:Defend","bronze:Defend","bronze:Goto","bronze:Constructor+1","bronze:InfiniteBeams","bronze:Iterate","bronze:ForceShield+1","bronze:Terminator+1","bronze:TinkerersToolbox","bronze:Philosophize","bronze:Iterate+1","bronze:MaxOutput+1","bronze:Terminator+1","bronze:FineTuning+1","bronze:Constructor+1","bronze:Virus","bronze:FineTuning+1","bronze:ForceShield","bronze:FineTuning+1","bronze:InfiniteBeams","Thinking Ahead+1","bronze:Shield","bronze:Constructor+1","bronze:Verify+1"],"relics":["bronze:PlatinumCore","downfall:HeartsMalice","Prayer Wheel","Membership Card","Gambling Chip","Chemical X","Shuriken","downfall:HeartBlessingRed","downfall:HeartBlessingBlue","Ginger","Regal Pillow","Sozu","CeramicFish","Sundial","Smiling Mask","Dream Catcher","Black Star","downfall:HeartBlessingGreen","Bottled Flame","Omamori","Medical Kit","Kunai","Vajra","Blue Candle","bronze:CableSpool","Nunchaku","Strawberry","Bronze Scales"],"acts_visited":["Exordium","TheCity","TheBeyond","TheEnding"],"potions_floor_usage":[],"damage_taken":[{"damage":0.0,"enemies":"Jaw Worm","floor":2.0,"turns":1.0},{"damage":0.0,"enemies":"2 Louse","floor":3.0,"turns":1.0},{"damage":0.0,"enemies":"Lagavulin Event","floor":4.0,"turns":1.0},{"damage":1.0,"enemies":"Small Slimes","floor":5.0,"turns":2.0},{"damage":0.0,"enemies":"downfall:FleeingMerchant","floor":6.0,"turns":4.0},{"damage":13.0,"enemies":"Gremlin Nob","floor":8.0,"turns":4.0},{"damage":3.0,"enemies":"Exordium Wildlife","floor":9.0,"turns":3.0},{"damage":0.0,"enemies":"downfall:FleeingMerchant","floor":11.0,"turns":4.0},{"damage":0.0,"enemies":"3 Sentries","floor":12.0,"turns":6.0},{"damage":0.0,"enemies":"Lagavulin","floor":14.0,"turns":3.0},{"damage":0.0,"enemies":"Large Slime","floor":15.0,"turns":1.0},{"damage":27.0,"enemies":"SI_SHIV_ARCHETYPE","floor":16.0,"turns":5.0},{"damage":0.0,"enemies":"Shell Parasite","floor":19.0,"turns":4.0},{"damage":0.0,"enemies":"Cultist and Chosen","floor":20.0,"turns":4.0},{"damage":17.0,"enemies":"Snake Plant","floor":22.0,"turns":3.0},{"damage":2.0,"enemies":"Book of Stabbing","floor":23.0,"turns":3.0},{"damage":16.0,"enemies":"Gremlin Leader","floor":26.0,"turns":3.0},{"damage":0.0,"enemies":"Shelled Parasite and Fungi","floor":27.0,"turns":3.0},{"damage":2.0,"enemies":"Slavers","floor":31.0,"turns":6.0},{"damage":6.0,"enemies":"Snecko","floor":32.0,"turns":4.0},{"damage":0.0,"enemies":"IC_MUSHROOM_ARCHETYPE","floor":33.0,"turns":5.0},{"damage":5.0,"enemies":"Orb Walker","floor":36.0,"turns":3.0},{"damage":0.0,"enemies":"3 Shapes","floor":37.0,"turns":4.0},{"damage":0.0,"enemies":"3 Darklings","floor":39.0,"turns":5.0},{"damage":6.0,"enemies":"downfall:FleeingMerchant","floor":42.0,"turns":3.0},{"damage":0.0,"enemies":"Nemesis","floor":43.0,"turns":3.0},{"damage":15.0,"enemies":"Jaw Worm Horde","floor":44.0,"turns":4.0},{"damage":6.0,"enemies":"Writhing Mass","floor":46.0,"turns":4.0},{"damage":12.0,"enemies":"3 Darklings","floor":48.0,"turns":5.0},{"damage":8.0,"enemies":"Maw","floor":49.0,"turns":5.0},{"damage":10.0,"enemies":"DF_ARCHETYPE_ORBS","floor":50.0,"turns":4.0},{"damage":8.0,"enemies":"downfall:CharBossMerchant","floor":52.0,"turns":5.0},{"damage":17,"enemies":"downfall:NeowBoss","floor":55,"turns":8},{"damage":57,"enemies":"downfall:NeowBossFinal","floor":56,"turns":6}],"seed_played":"-19079630943725535","potions_obtained":[{"floor":5.0,"key":"ColorlessPotion"},{"floor":8.0,"key":"Slimebound:ThreeZeroPotion"},{"floor":9.0,"key":"Block Potion"}],"is_trial":false,"path_per_floor":["R","M","M","?","M","$","T","E","M","R","$","E","?","E","M","B",null,"R","M","M","?","M","E","T","R","E","M","R","?","R","E","M","B",null,"R","M","M","?","M","R","T","$","E","M","?","M","R","M","M","B",null,"E","$","R","B","B",null],"character_chosen":"THE_AUTOMATON","items_purchased":["Chemical X","bronze:ForceShield","bronze:TinkerersToolbox","Omamori","Medical Kit","Kunai","bronze:InfiniteBeams","Thinking Ahead","bronze:Verify","Bronze Scales"],"campfire_rested":0,"item_purchase_floors":[6,6,11,42,42,42,42,42,53,53],"current_hp_per_floor":[70,70,70,70,69,69,69,56,53,63,63,63,63,63,63,36,80,80,80,80,80,63,61,61,61,45,45,45,45,45,43,37,37,80,80,75,75,75,75,75,75,69,69,54,54,48,48,36,28,18,80,79,79,79,62,5],"gold":279,"neow_bonus":"THREE_ENEMY_KILL","is_daily":false,"chose_seed":false,"campfire_upgraded":9,"win_rate":0.0,"timestamp":1612479782,"path_taken":["R","M","M","?","M","$","T","E","M","R","$","E","?","E","M","BOSS","R","M","M","?","M","E","T","R","E","M","R","?","R","E","M","BOSS","R","M","M","?","M","R","T","$","E","M","?","M","R","M","M","BOSS","E","$","R","BOSS","BOSS"],"items_purchased_type":["Relic","Card","Card","Relic","Relic","Relic","Card","Card","Card","Relic"],"build_version":"2020-12-22","purchased_purges":3,"victory":true,"max_hp_per_floor":[70,70,70,70,70,70,70,70,70,80,80,80,80,80,80,80,80,80,80,80,80,80,80,80,80,80,80,80,80,80,80,80,80,80,80,80,80,80,80,80,80,80,80,80,80,80,80,80,80,80,80,87,87,87,87,87],"card_choices":[{"not_picked":["bronze:Overheat","bronze:Turbo"],"picked":"bronze:Backtrace","floor":2.0},{"not_picked":["bronze:Boost","bronze:Deprecate"],"picked":"bronze:Separator","floor":2.0},{"not_picked":["bronze:FineTuning","bronze:Overheat"],"picked":"bronze:BronzeOrb","floor":3.0},{"not_picked":["bronze:DelayedSlice","bronze:NullPointer"],"picked":"bronze:Return","floor":3.0},{"not_picked":["bronze:GetLatest","bronze:Boost"],"picked":"bronze:Constructor","floor":5.0},{"not_picked":["bronze:Iterate","bronze:Shell"],"picked":"bronze:InfiniteBeams","floor":5.0},{"not_picked":["bronze:InfiniteLoop","bronze:DarkDash"],"picked":"bronze:Iterate","floor":6.0},{"not_picked":["bronze:Shield","bronze:WildBeam"],"picked":"bronze:GetLatest","floor":8.0},{"not_picked":["bronze:WildBeam","bronze:Turbo","bronze:NullPointer"],"picked":"SKIP","floor":9.0},{"not_picked":["bronze:DigitalCarnage","bronze:NullPointer","bronze:CloningBeam"],"picked":"SKIP","floor":9.0},{"not_picked":["bronze:Repair","bronze:NullPointer","bronze:Overheat"],"picked":"SKIP","floor":11.0},{"not_picked":["bronze:Overheat","bronze:CutThrough","bronze:Refactor"],"picked":"SKIP","floor":12.0},{"not_picked":["bronze:Overheat","bronze:MaxOutput"],"picked":"bronze:Philosophize","floor":14.0},{"not_picked":["bronze:Invalidate","bronze:Repair"],"picked":"bronze:ClassDefault","floor":15.0},{"not_picked":["bronze:DelayedSlice","bronze:Return","bronze:Deprecate"],"picked":"SKIP","floor":15.0},{"not_picked":["bronze:Break","bronze:CleanCode"],"picked":"bronze:AlphaBuild","floor":16.0},{"not_picked":["bronze:Turbo","bronze:Branch+1"],"picked":"bronze:Iterate+1","floor":19.0},{"not_picked":["bronze:Frontload","bronze:DelayedGuard"],"picked":"bronze:MaxOutput","floor":19.0},{"not_picked":["bronze:BuggyMess","bronze:ItsAFeature"],"picked":"bronze:Terminator","floor":20.0},{"not_picked":["bronze:Overheat","bronze:Shield","bronze:Separator+1"],"picked":"SKIP","floor":20.0},{"not_picked":["bronze:DelayedSlice","bronze:Terminator","bronze:Flail"],"picked":"SKIP","floor":22.0},{"not_picked":["bronze:ChosenStrike","bronze:Boost+1","bronze:Invalidate"],"picked":"SKIP","floor":22.0},{"not_picked":["bronze:WhirlingStrike+1","bronze:InfiniteBeams","bronze:Branch"],"picked":"SKIP","floor":23.0},{"not_picked":["bronze:BitShift","bronze:ThunderWave"],"picked":"bronze:FineTuning","floor":26.0},{"not_picked":["bronze:Turbo","bronze:CutThrough","bronze:BugBarrage+1"],"picked":"SKIP","floor":27.0},{"not_picked":["bronze:OilSpill","bronze:BitShift","bronze:Refactor"],"picked":"SKIP","floor":27.0},{"not_picked":["bronze:GetLatest","bronze:BuggyMess"],"picked":"bronze:Constructor","floor":31.0},{"not_picked":["bronze:Backtrace","bronze:ForLoop","bronze:FineTuning"],"picked":"SKIP","floor":32.0},{"not_picked":["bronze:BitShift","bronze:BuggyMess+1","bronze:DarkDash"],"picked":"SKIP","floor":32.0},{"not_picked":["bronze:Library","bronze:ShipIt"],"picked":"bronze:Virus","floor":33.0},{"not_picked":["bronze:Optimize","bronze:Boost+1","bronze:BronzeArmor+1"],"picked":"SKIP","floor":36.0},{"not_picked":["bronze:Allocate+1","bronze:Turbo","bronze:WildBeam"],"picked":"SKIP","floor":36.0},{"not_picked":["bronze:BronzeArmor","bronze:BitShift"],"picked":"bronze:FineTuning+1","floor":37.0},{"not_picked":["bronze:BugBarrage+1","bronze:BronzeOrb+1","bronze:Frontload"],"picked":"SKIP","floor":37.0},{"not_picked":["bronze:BugBarrage+1","bronze:BronzeOrb+1","bronze:Frontload"],"picked":"SKIP","floor":37.0},{"not_picked":["bronze:OilSpill","bronze:Assembly"],"picked":"bronze:FineTuning+1","floor":39.0},{"not_picked":["bronze:Return","bronze:InfiniteBeams","bronze:WildBeam+1"],"picked":"SKIP","floor":39.0},{"not_picked":["bronze:CutThrough+1","bronze:BuggyMess","bronze:DelayedSlice+1"],"picked":"SKIP","floor":42.0},{"not_picked":["bronze:ForceShield+1","bronze:HyperBeam","bronze:WildBeam"],"picked":"SKIP","floor":43.0},{"not_picked":["bronze:Branch+1","bronze:BronzeArmor","bronze:Frontload"],"picked":"SKIP","floor":44.0},{"not_picked":["bronze:OilSpill","bronze:WhirlingStrike+1","bronze:Shield"],"picked":"SKIP","floor":44.0},{"not_picked":["bronze:Iterate","bronze:Frontload","bronze:Overload"],"picked":"SKIP","floor":46.0},{"not_picked":["bronze:CutThrough","bronze:Invalidate","bronze:Shield"],"picked":"SKIP","floor":46.0},{"not_picked":["bronze:Deprecate+1","bronze:CutThrough+1"],"picked":"bronze:Shield","floor":48.0},{"not_picked":["bronze:Optimize","bronze:ThunderWave","bronze:ChildClass+1"],"picked":"SKIP","floor":48.0},{"not_picked":["bronze:DelayedGuard+1","bronze:CloningBeam"],"picked":"bronze:Constructor+1","floor":49.0},{"not_picked":["bronze:BugBarrage+1","bronze:Philosophize","bronze:BuggyMess+1"],"picked":"SKIP","floor":49.0},{"not_picked":["bronze:Repulsor+1","bronze:Turbo+1","bronze:Optimize"],"picked":"SKIP","floor":52.0}],"player_experience":983972,"relics_obtained":[{"floor":8.0,"key":"Shuriken"},{"floor":12.0,"key":"Ginger"},{"floor":14.0,"key":"Regal Pillow"},{"floor":23.0,"key":"CeramicFish"},{"floor":24.0,"key":"Sundial"},{"floor":26.0,"key":"Smiling Mask"},{"floor":31.0,"key":"Dream Catcher"},{"floor":41.0,"key":"Bottled Flame"},{"floor":43.0,"key":"Vajra"},{"floor":43.0,"key":"Blue Candle"},{"floor":45.0,"key":"bronze:CableSpool"},{"floor":52.0,"key":"Nunchaku"},{"floor":52.0,"key":"Strawberry"}],"event_choices":[],"is_beta":false,"boss_relics":[{"not_picked":["Philosopher\u0027s Stone","Snecko Eye","bronze:PlatinumCore"]},{"not_picked":["Tiny House","Sozu"],"picked":"Black Star"}],"items_purged_floors":[6,42,53],"is_endless":false,"potions_floor_spawned":[5,8,9,14,19,23,26,32,36,44,48],"ascension_level":2}}