{"host":"qgrlfjrqk9z96gfi","time":1612463976,"event":{"mods":["BaseMod","Block Reminder","Colored Map","Custom Start","DeckTracker","Minty Spire (QoL Compilation)"],"gold_per_floor":[119,32,32,32,42,42,69,88,88,119,44,44,57,85,85,157,157,169,31,41,53,53,79,79,112,112,212,227,253,253,278,278,355,355,365,365,378,76,96,124,124,158,158,185,17,67,67,77,77,77,77,77],"floor_reached":51,"language":"ENG","playtime":3240,"items_purged":["Strike_G","Strike_G","Strike_G"],"score":1768,"play_id":"13280e3e-9f95-4b4c-b6a4-f77689bbb6b0","local_time":"20210204083936","is_ascension_mode":true,"campfire_choices":[{"data":"Poisoned Stab","floor":6.0,"key":"SMITH"},{"floor":12.0,"key":"REST"},{"data":"Dagger Spray","floor":15.0,"key":"SMITH"},{"floor":24,"key":"REST"},{"floor":32,"key":"REST"},{"data":"1","floor":41,"key":"LIFT"},{"floor":49,"key":"RECALL"}],"circlet_count":0,"master_deck":["AscendersBane","Strike_G+1","Defend_G","Defend_G","Defend_G","Defend_G","Defend_G","Survivor","Neutralize+1","Poisoned Stab+1","Infinite Blades","Heel Hook","Glass Knife","Dagger Spray+1","Calculated Gamble","Blade Dance","After Image","Malaise","Blade Dance","Accuracy+1","Decay","Prepared","Cloak And Dagger","Burst","Calculated Gamble+1","Deflect","Dramatic Entrance","PiercingWail+1","Cloak And Dagger+1","Footwork","Dodge and Roll"],"relics":["Ring of the Snake","NeowsBlessing","Mercury Hourglass","Vajra","Akabeko","Pen Nib","Fusion Hammer","Ornamental Fan","Red Mask","Mummified Hand","Girya","Ninja Scroll","Potion Belt","MutagenicStrength","Kunai","Runic Pyramid","Lantern","Blue Candle","Blood Vial","The Specimen"],"acts_visited":["Exordium","TheCity","TheBeyond"],"potions_floor_usage":[21,27,31,33,39,39,42,42,44,44,51,51],"damage_taken":[{"damage":0.0,"enemies":"Jaw Worm","floor":1.0,"turns":1.0},{"damage":0.0,"enemies":"Small Slimes","floor":5.0,"turns":1.0},{"damage":0.0,"enemies":"Gremlin Nob","floor":7.0,"turns":1.0},{"damage":0.0,"enemies":"Cultist","floor":8.0,"turns":2.0},{"damage":11.0,"enemies":"Lagavulin","floor":10.0,"turns":4.0},{"damage":0.0,"enemies":"2 Fungi Beasts","floor":13.0,"turns":1.0},{"damage":6.0,"enemies":"Gremlin Nob","floor":14.0,"turns":3.0},{"damage":2,"enemies":"Slime Boss","floor":16,"turns":7},{"damage":0,"enemies":"Chosen","floor":18,"turns":3},{"damage":3,"enemies":"2 Thieves","floor":20,"turns":2},{"damage":12,"enemies":"Shelled Parasite and Fungi","floor":21,"turns":3},{"damage":3,"enemies":"Gremlin Leader","floor":23,"turns":4},{"damage":5,"enemies":"Masked Bandits","floor":25,"turns":2},{"damage":2,"enemies":"Colosseum Slavers","floor":27,"turns":4},{"damage":19,"enemies":"Colosseum Nobs","floor":27,"turns":5},{"damage":0,"enemies":"Centurion and Healer","floor":28,"turns":3},{"damage":0,"enemies":"Slavers","floor":29,"turns":3},{"damage":2,"enemies":"Book of Stabbing","floor":31,"turns":3},{"damage":0,"enemies":"Automaton","floor":33,"turns":9},{"damage":0,"enemies":"Orb Walker","floor":35,"turns":1},{"damage":3,"enemies":"3 Shapes","floor":37,"turns":2},{"damage":6,"enemies":"Transient","floor":39,"turns":6},{"damage":0,"enemies":"Reptomancer","floor":40,"turns":4},{"damage":6,"enemies":"Giant Head","floor":42,"turns":7},{"damage":16,"enemies":"Reptomancer","floor":44,"turns":4},{"damage":6,"enemies":"2 Orb Walkers","floor":46,"turns":3},{"damage":0,"enemies":"Maw","floor":48,"turns":6},{"damage":19,"enemies":"Awakened One","floor":50,"turns":18},{"damage":19,"enemies":"Time Eater","floor":51,"turns":9}],"seed_played":"8047540714657330943","potions_obtained":[{"floor":4.0,"key":"GhostInAJar"},{"floor":4.0,"key":"GamblersBrew"},{"floor":5.0,"key":"EssenceOfSteel"},{"floor":10.0,"key":"Swift Potion"},{"floor":20,"key":"BlessingOfTheForge"},{"floor":23,"key":"Strength Potion"},{"floor":28,"key":"FearPotion"},{"floor":37,"key":"Strength Potion"},{"floor":42,"key":"Block Potion"},{"floor":44,"key":"Weak Potion"},{"floor":46,"key":"SkillPotion"}],"is_trial":false,"path_per_floor":["M","$","?","?","M","R","E","M","T","E","$","R","M","E","R","B",null,"M","$","M","M","?","E","R","?","T","?","M","E","?","E","R","B",null,"M","?","M","$","M","E","R","E","T","E","$","?","?","M","R","B","B"],"character_chosen":"THE_SILENT","items_purchased":["Infinite Blades","Blade Dance","Accuracy","EntropicBrew","Dramatic Entrance","Footwork"],"campfire_rested":3,"item_purchase_floors":[2,19,19,38,38,45],"current_hp_per_floor":[59,59,39,39,39,39,39,39,39,28,28,47,47,41,41,39,59,59,59,56,44,44,41,60,55,55,34,34,34,34,32,51,51,62,62,62,59,59,53,53,53,47,47,31,31,27,27,29,29,12,0,0],"gold":77,"neow_bonus":"THREE_ENEMY_KILL","is_daily":false,"chose_seed":false,"campfire_upgraded":2,"win_rate":0.0,"timestamp":1612463976,"path_taken":["M","$","?","?","?","R","E","M","T","E","$","R","M","E","R","BOSS","M","$","M","M","?","E","R","?","T","?","M","E","?","E","R","BOSS","M","?","M","$","M","E","R","E","T","E","$","?","?","M","R","BOSS","BOSS"],"items_purchased_type":["Card","Card","Card","Potion","Card","Card"],"build_version":"2020-12-22","purchased_purges":3,"victory":false,"max_hp_per_floor":[66,66,66,66,66,66,66,66,66,66,66,66,66,66,66,66,66,66,66,66,66,66,66,66,66,66,66,66,66,66,66,66,66,66,66,66,66,66,66,66,66,66,66,66,66,66,66,66,66,66,66,66],"card_choices":[{"not_picked":["Backflip","Flechettes"],"picked":"Poisoned Stab","floor":1.0},{"not_picked":["Reflex","Prepared"],"picked":"Heel Hook","floor":5.0},{"not_picked":["Well Laid Plans","Reflex"],"picked":"Glass Knife","floor":7.0},{"not_picked":["Cloak And Dagger","Predator"],"picked":"Dagger Spray","floor":8.0},{"not_picked":["Crippling Poison","Concentrate"],"picked":"Calculated Gamble","floor":10.0},{"not_picked":["Prepared","Predator"],"picked":"Blade Dance","floor":13.0},{"not_picked":["Slice","Bane"],"picked":"After Image","floor":14.0},{"not_picked":["Venomology","Corpse Explosion"],"picked":"Malaise","floor":16},{"not_picked":["Deadly Poison","Quick Slash","Slice"],"picked":"SKIP","floor":18},{"not_picked":["Poisoned Stab","Deadly Poison","Flechettes+1"],"picked":"SKIP","floor":20},{"not_picked":["Dagger Throw","Underhanded Strike+1","Quick Slash"],"picked":"SKIP","floor":21},{"not_picked":["Flying Knee","Tactician","Flechettes"],"picked":"SKIP","floor":23},{"not_picked":["Deadly Poison","Outmaneuver"],"picked":"Prepared","floor":25},{"not_picked":["Distraction+1","Dagger Throw","Deadly Poison+1"],"picked":"SKIP","floor":28},{"not_picked":["Malaise","Heel Hook"],"picked":"Cloak And Dagger","floor":29},{"not_picked":["Sucker Punch","All Out Attack+1","Setup"],"picked":"SKIP","floor":31},{"not_picked":["Malaise","Bullet Time"],"picked":"Burst","floor":33},{"not_picked":["Sucker Punch","Slice"],"picked":"Calculated Gamble+1","floor":35},{"not_picked":["Distraction","Prepared+1"],"picked":"Deflect","floor":37},{"not_picked":["Sucker Punch+1","Crippling Poison"],"picked":"PiercingWail+1","floor":39},{"not_picked":["Catalyst","Bane","Underhanded Strike"],"picked":"SKIP","floor":40},{"not_picked":["Acrobatics","Tactician"],"picked":"Cloak And Dagger+1","floor":42},{"not_picked":["Calculated Gamble","Tactician","PiercingWail"],"picked":"SKIP","floor":44},{"not_picked":["Well Laid Plans+1","Predator"],"picked":"Dodge and Roll","floor":46},{"not_picked":["Grand Finale","Well Laid Plans+1","Riddle With Holes"],"picked":"SKIP","floor":48}],"player_experience":1108701,"relics_obtained":[{"floor":7.0,"key":"Mercury Hourglass"},{"floor":9.0,"key":"Vajra"},{"floor":10.0,"key":"Akabeko"},{"floor":14.0,"key":"Pen Nib"},{"floor":23,"key":"Ornamental Fan"},{"floor":25,"key":"Red Mask"},{"floor":26,"key":"Mummified Hand"},{"floor":27,"key":"Girya"},{"floor":27,"key":"Ninja Scroll"},{"floor":29,"key":"Potion Belt"},{"floor":31,"key":"Kunai"},{"floor":40,"key":"Lantern"},{"floor":42,"key":"Blue Candle"},{"floor":44,"key":"Blood Vial"},{"floor":46,"key":"The Specimen"}],"event_choices":[{"damage_healed":0.0,"max_hp_gain":0.0,"max_hp_loss":0.0,"gold_gain":0.0,"event_name":"Shining Light","player_choice":"Entered Light","floor":3.0,"gold_loss":0.0,"damage_taken":20.0,"cards_upgraded":["Strike_G","Neutralize"]},{"damage_healed":0.0,"max_hp_gain":0.0,"max_hp_loss":0.0,"gold_gain":0.0,"event_name":"Lab","player_choice":"Got Potions","floor":4.0,"gold_loss":0.0,"damage_taken":0.0},{"damage_healed":0,"gold_gain":0,"player_choice":"Smashed Altar","damage_taken":0,"max_hp_gain":0,"max_hp_loss":0,"event_name":"Forgotten Altar","floor":22,"gold_loss":0,"cards_obtained":["Decay"]},{"damage_healed":0,"gold_gain":0,"player_choice":"Fought Bandits","damage_taken":0,"max_hp_gain":0,"max_hp_loss":0,"event_name":"Masked Bandits","floor":25,"gold_loss":0},{"damage_healed":0,"gold_gain":0,"player_choice":"Fight","damage_taken":0,"max_hp_gain":0,"max_hp_loss":0,"event_name":"Colosseum","floor":27,"gold_loss":0},{"damage_healed":0,"gold_gain":0,"player_choice":"Fought Nobs","damage_taken":0,"max_hp_gain":0,"max_hp_loss":0,"event_name":"Colosseum","floor":27,"gold_loss":0},{"damage_healed":0,"gold_gain":0,"player_choice":"Inject Mutagens","damage_taken":0,"relics_obtained":["MutagenicStrength"],"max_hp_gain":0,"max_hp_loss":0,"event_name":"Drug Dealer","floor":30,"gold_loss":0},{"cards_removed":["Strike_G"],"damage_healed":0,"gold_gain":0,"player_choice":"Offered Basic","damage_taken":0,"max_hp_gain":0,"max_hp_loss":0,"event_name":"Bonfire Elementals","floor":36,"gold_loss":0},{"damage_healed":0,"gold_gain":0,"player_choice":"Fight","damage_taken":0,"max_hp_gain":0,"max_hp_loss":0,"event_name":"Mysterious Sphere","floor":46,"gold_loss":0},{"damage_healed":0,"gold_gain":0,"player_choice":"Forge","damage_taken":0,"max_hp_gain":0,"max_hp_loss":0,"event_name":"Accursed Blacksmith","floor":47,"gold_loss":0,"cards_upgraded":["Accuracy"]}],"is_beta":false,"boss_relics":[{"not_picked":["Calling Bell","Ectoplasm"],"picked":"Fusion Hammer"},{"not_picked":["Coffee Dripper","Busted Crown"],"picked":"Runic Pyramid"}],"items_purged_floors":[11,38,45],"is_endless":false,"potions_floor_spawned":[5,8,10,16,20,23,25,27,28,37,42,44,46],"killed_by":"Time Eater","ascension_level":20}}