{"host":"vumwfieg2b2mnrfl","time":1612476082,"event":{"mods":["AchievementEnabler","BaseMod","Minty Spire (QoL Compilation)","Rare Cards Sparkle","Relic Stats"],"gold_per_floor":[118,118,138,149,149,188,238,238,316,340,355,355,355],"floor_reached":12,"language":"ENG","playtime":322,"items_purged":[],"score":160,"play_id":"958a0a18-76c2-41cd-974f-8b193f1a1cf2","local_time":"20210204160122","is_ascension_mode":true,"campfire_choices":[{"floor":8.0,"key":"REST"}],"circlet_count":0,"master_deck":["AscendersBane","Strike_R","Strike_R","Strike_R","Strike_R","Strike_R","Defend_R","Defend_R","Defend_R","Defend_R","Bash","Demon Form","Twin Strike","Ghostly Armor","Twin Strike","Injury","Shrug It Off","Armaments+1"],"relics":["Burning Blood","Centennial Puzzle","Golden Idol","Akabeko","Toxic Egg 2"],"acts_visited":["Exordium"],"potions_floor_usage":[12],"damage_taken":[{"damage":11.0,"enemies":"Small Slimes","floor":1.0,"turns":5.0},{"damage":21.0,"enemies":"Jaw Worm","floor":3.0,"turns":4.0},{"damage":1.0,"enemies":"Cultist","floor":4.0,"turns":3.0},{"damage":29.0,"enemies":"Gremlin Nob","floor":6.0,"turns":4.0},{"damage":19.0,"enemies":"Exordium Wildlife","floor":10.0,"turns":9.0},{"damage":0.0,"enemies":"2 Fungi Beasts","floor":11.0,"turns":2.0},{"damage":43,"enemies":"Lagavulin","floor":12,"turns":8}],"seed_played":"8279411431106827159","potions_obtained":[{"floor":1.0,"key":"BlessingOfTheForge"},{"floor":6.0,"key":"SteroidPotion"},{"floor":11.0,"key":"EssenceOfSteel"}],"is_trial":false,"path_per_floor":["M","?","M","M","?","E","?","R","T","M","M","E"],"character_chosen":"IRONCLAD","items_purchased":[],"campfire_rested":1,"item_purchase_floors":[],"current_hp_per_floor":[63,45,30,35,35,12,12,34,34,21,27,0,0],"gold":355,"neow_bonus":"ONE_RANDOM_RARE_CARD","is_daily":false,"chose_seed":false,"campfire_upgraded":0,"win_rate":0.0,"timestamp":1612476082,"path_taken":["M","?","M","M","?","E","?","R","T","M","?","E"],"items_purchased_type":[],"build_version":"2020-12-22","purchased_purges":0,"victory":false,"max_hp_per_floor":[75,75,75,75,75,75,75,75,75,75,75,75,75],"relic_stats":{"Centennial Puzzle":[15],"counters":[7,35],"Golden Idol":16,"obtain_stats":[{"Centennial Puzzle":2,"Golden Idol":5,"Toxic Egg 2":9,"Burning Blood":0,"Akabeko":6},{"Centennial Puzzle":1,"Golden Idol":3,"Toxic Egg 2":4,"Burning Blood":0,"Akabeko":4},{"Centennial Puzzle":5,"Golden Idol":12,"Toxic Egg 2":16,"Burning Blood":0,"Akabeko":16}],"Burning Blood":36},"card_choices":[{"not_picked":["Twin Strike","Havoc","Warcry"],"picked":"SKIP","floor":1.0},{"not_picked":["Havoc","Warcry"],"picked":"Twin Strike","floor":1.0},{"not_picked":["Shockwave","Pommel Strike"],"picked":"Ghostly Armor","floor":3.0},{"not_picked":["Warcry","Reckless Charge"],"picked":"Twin Strike","floor":4.0},{"not_picked":["Dark Embrace","Cleave"],"picked":"Shrug It Off","floor":6.0},{"not_picked":["Clothesline","Body Slam","Flex+1"],"picked":"SKIP","floor":10.0},{"not_picked":["Twin Strike","Headbutt"],"picked":"Armaments+1","floor":11.0}],"player_experience":524532,"relics_obtained":[{"floor":6.0,"key":"Akabeko"},{"floor":9.0,"key":"Toxic Egg 2"}],"event_choices":[{"damage_healed":0.0,"max_hp_gain":0.0,"max_hp_loss":0.0,"gold_gain":0.0,"event_name":"Scrap Ooze","player_choice":"Success","floor":2.0,"gold_loss":0.0,"damage_taken":18.0,"relics_obtained":["Centennial Puzzle"]},{"damage_healed":0.0,"max_hp_gain":0.0,"max_hp_loss":0.0,"gold_gain":0.0,"event_name":"Golden Idol","player_choice":"Take Wound","floor":5.0,"gold_loss":0.0,"damage_taken":0.0,"relics_obtained":["Golden Idol"],"cards_obtained":["Injury"]},{"damage_healed":0.0,"max_hp_gain":0.0,"max_hp_loss":0.0,"gold_gain":50.0,"event_name":"Golden Shrine","player_choice":"Pray","floor":7.0,"gold_loss":0.0,"damage_taken":0.0}],"is_beta":false,"boss_relics":[],"items_purged_floors":[],"is_endless":false,"potions_floor_spawned":[1,6,11],"killed_by":"Lagavulin","ascension_level":20}}