{"host":"3y2rtlgteqp2nuo3","time":1612447420,"event":{"mods":["2.2 Compatiblity","AchievementEnabler","BaseMod","Colored Map","DeckTracker","Highlight Path","Keyboard Shortcuts","Minty Spire (QoL Compilation)","Permanent Neow","Quick Restart","StSLib","SuperFastMode","everything is the same but u backflip on backflip"],"gold_per_floor":[114,131,148,159,171,171,204,204,204,215,140,156,156,176,176,252,252,266,166,182,196,209,209,52,71,94,147,158,0,0,17,17,17,17],"floor_reached":33,"language":"KOR","playtime":798,"items_purged":["Strike_G","Phantasmal Killer"],"score":518,"play_id":"4e42aadb-c596-4869-8ba7-d31ed960ada0","local_time":"20210204230340","is_ascension_mode":true,"campfire_choices":[{"data":"Deadly Poison","floor":6.0,"key":"SMITH"},{"data":"Crippling Poison","floor":13.0,"key":"SMITH"},{"floor":15.0,"key":"REST"},{"floor":23.0,"key":"REST"},{"data":"Catalyst","floor":30,"key":"SMITH"},{"floor":32,"key":"REST"}],"circlet_count":0,"master_deck":["AscendersBane","Survivor","Neutralize","Leg Sweep","Deadly Poison+1","Crippling Poison+1","Die Die Die","Backflip","Bane","Dagger Spray","Masterful Stab","Night Terror","Dodge and Roll","Noxious Fumes","Outmaneuver","Corpse Explosion","After Image","Venomology","Catalyst+1","Escape Plan","Deadly Poison"],"relics":["Ring of the Snake","HornCleat","Blue Candle","Pandora\u0027s Box","OrangePellets","Oddly Smooth Stone","Akabeko","Omamori"],"acts_visited":["Exordium","TheCity"],"potions_floor_usage":[31,33],"damage_taken":[{"damage":0.0,"enemies":"Jaw Worm","floor":1.0,"turns":7.0},{"damage":3.0,"enemies":"Cultist","floor":2.0,"turns":5.0},{"damage":0.0,"enemies":"Small Slimes","floor":3.0,"turns":4.0},{"damage":4.0,"enemies":"2 Fungi Beasts","floor":4.0,"turns":3.0},{"damage":9.0,"enemies":"Exordium Wildlife","floor":5.0,"turns":3.0},{"damage":22.0,"enemies":"Lagavulin","floor":7.0,"turns":8.0},{"damage":4.0,"enemies":"3 Louse","floor":10.0,"turns":2.0},{"damage":0.0,"enemies":"Lots of Slimes","floor":12.0,"turns":3.0},{"damage":4.0,"enemies":"Large Slime","floor":14.0,"turns":5.0},{"damage":21.0,"enemies":"Hexaghost","floor":16.0,"turns":11.0},{"damage":0.0,"enemies":"Spheric Guardian","floor":18.0,"turns":3.0},{"damage":15.0,"enemies":"Chosen","floor":20.0,"turns":5.0},{"damage":3.0,"enemies":"Snake Plant","floor":21.0,"turns":5.0},{"damage":7.0,"enemies":"Centurion and Healer","floor":22.0,"turns":5.0},{"damage":10.0,"enemies":"Snecko","floor":25.0,"turns":4.0},{"damage":7.0,"enemies":"Cultist and Chosen","floor":28.0,"turns":5.0},{"damage":24,"enemies":"Chosen and Byrds","floor":31,"turns":4},{"damage":62,"enemies":"Collector","floor":33,"turns":5}],"seed_played":"7564375903297382636","potions_obtained":[{"floor":2.0,"key":"AttackPotion"},{"floor":5.0,"key":"Explosive Potion"},{"floor":10.0,"key":"EntropicBrew"},{"floor":12.0,"key":"AttackPotion"},{"floor":20.0,"key":"Dexterity Potion"},{"floor":22.0,"key":"Regen Potion"},{"floor":31,"key":"Swift Potion"}],"is_trial":false,"path_per_floor":["M","M","M","M","M","R","E","?","T","M","$","M","R","M","R","B",null,"M","$","M","M","M","R","$","M","T","T","M","$","R","M","R","B"],"character_chosen":"THE_SILENT","items_purchased":["OrangePellets","Omamori"],"campfire_rested":3,"item_purchase_floors":[24,29],"current_hp_per_floor":[59,56,56,52,43,43,21,21,21,17,17,17,17,13,32,11,52,52,52,37,34,27,46,46,36,36,36,29,29,29,19,38,0,0],"gold":17,"neow_bonus":"TRANSFORM_CARD","is_daily":false,"chose_seed":false,"campfire_upgraded":3,"win_rate":0.0,"timestamp":1612447420,"path_taken":["M","M","M","M","M","R","E","?","T","M","$","M","R","M","R","BOSS","M","$","M","?","M","R","?","M","T","?","M","$","R","M","R","BOSS"],"items_purchased_type":["Relic","Relic"],"build_version":"2020-12-22","purchased_purges":2,"victory":false,"max_hp_per_floor":[66,66,66,66,66,66,66,66,66,66,66,66,66,66,66,66,66,66,66,66,66,66,66,66,66,66,66,66,66,66,66,66,66,66],"card_choices":[{"not_picked":["Flying Knee","Cloak And Dagger"],"picked":"Deadly Poison","floor":1.0},{"not_picked":["Cloak And Dagger","Caltrops","Finisher"],"picked":"SKIP","floor":2.0},{"not_picked":["Footwork","Deflect"],"picked":"Crippling Poison","floor":3.0},{"not_picked":["Footwork","Flechettes"],"picked":"Die Die Die","floor":4.0},{"not_picked":["Accuracy","Underhanded Strike"],"picked":"Backflip","floor":5.0},{"not_picked":["Distraction","Expertise"],"picked":"Bane","floor":7.0},{"not_picked":["Accuracy","Riddle With Holes"],"picked":"Dagger Spray","floor":10.0},{"not_picked":["Quick Slash","Backflip"],"picked":"Masterful Stab","floor":12.0},{"not_picked":["Outmaneuver","Acrobatics","Cloak And Dagger"],"picked":"SKIP","floor":14.0},{"not_picked":["Envenom","Unload"],"picked":"Night Terror","floor":16.0},{"not_picked":["Quick Slash","Skewer+1","Blade Dance"],"picked":"SKIP","floor":18.0},{"not_picked":["Deadly Poison","Dagger Throw"],"picked":"Escape Plan","floor":20.0},{"not_picked":["Backflip","Finisher","Caltrops"],"picked":"SKIP","floor":21.0},{"not_picked":["Slice","Deflect","Dagger Spray"],"picked":"SKIP","floor":22.0},{"not_picked":["Eviscerate","Prepared","Reflex"],"picked":"SKIP","floor":25.0},{"not_picked":["Quick Slash","Cloak And Dagger"],"picked":"Deadly Poison","floor":28.0},{"not_picked":["Sucker Punch","Deflect","Dodge and Roll"],"picked":"SKIP","floor":31}],"player_experience":753352,"relics_obtained":[{"floor":7.0,"key":"HornCleat"},{"floor":9.0,"key":"Blue Candle"},{"floor":26.0,"key":"Oddly Smooth Stone"},{"floor":27.0,"key":"Akabeko"}],"event_choices":[{"damage_healed":0.0,"max_hp_gain":0.0,"max_hp_loss":0.0,"gold_gain":0.0,"event_name":"Match and Keep!","player_choice":"0 cards matched","floor":8.0,"gold_loss":0.0,"damage_taken":0.0,"cards_obtained":[]}],"is_beta":false,"boss_relics":[{"not_picked":["Ring of the Serpent","Ectoplasm"],"picked":"Pandora\u0027s Box"}],"items_purged_floors":[11,19],"is_endless":false,"potions_floor_spawned":[2,5,10,12,14,20,22,31],"killed_by":"Collector","ascension_level":17}}