{"host":"Sean","time":1612473402,"event":{"mods":["BaseMod","Block Reminder","Colored Map","Colored Powertips","Highlight Path","Minty Spire (QoL Compilation)","Permanent Neow","Relic Stats"],"gold_per_floor":[31,65,240,275,315,315,365,365,391,459,23,76,133,133,133,133,133],"floor_reached":16,"language":"ENG","playtime":584,"items_purged":["Strike_B"],"score":196,"play_id":"176e593d-a98b-4b89-890e-fc34d58d07b2","local_time":"20210204211642","is_ascension_mode":true,"campfire_choices":[{"data":"HandOfGreed","floor":6.0,"key":"SMITH"},{"floor":8.0,"key":"REST"},{"data":"Rebound","floor":15,"key":"SMITH"}],"circlet_count":0,"master_deck":["Strike_B","Strike_B","Strike_B","Defend_B","Defend_B","Defend_B","Defend_B","Zap","Dualcast","HandOfGreed+1","Rebound+1","Turbo","Doubt","Sweeping Beam","Coolheaded","Reboot","Ball Lightning","Darkness","Swift Strike","Steam Power"],"relics":["Cracked Core","MealTicket","Symbiotic Virus","Odd Mushroom","Blood Vial"],"acts_visited":["Exordium"],"potions_floor_usage":[10,13,16,16],"damage_taken":[{"damage":9.0,"enemies":"Jaw Worm","floor":1.0,"turns":4.0},{"damage":9.0,"enemies":"2 Louse","floor":2.0,"turns":3.0},{"damage":1.0,"enemies":"Cultist","floor":4.0,"turns":3.0},{"damage":19.0,"enemies":"Large Slime","floor":5.0,"turns":5.0},{"damage":20.0,"enemies":"Lagavulin","floor":7.0,"turns":3.0},{"damage":13,"enemies":"Exordium Thugs","floor":10,"turns":2},{"damage":13,"enemies":"The Mushroom Lair","floor":12,"turns":4},{"damage":0,"enemies":"Gremlin Nob","floor":13,"turns":2},{"damage":29,"enemies":"The Guardian","floor":16,"turns":8}],"seed_played":"8058255653562473608","potions_obtained":[{"floor":4.0,"key":"AttackPotion"},{"floor":7.0,"key":"Regen Potion"},{"floor":12,"key":"EssenceOfSteel"}],"is_trial":false,"path_per_floor":["M","M","?","M","M","R","E","R","T","M","$","?","E","?","R","B"],"character_chosen":"DEFECT","items_purchased":["Symbiotic Virus","Strength Potion","GamblersBrew"],"campfire_rested":1,"item_purchase_floors":[11,11,11],"current_hp_per_floor":[59,50,50,49,30,30,10,32,32,24,39,26,26,26,26,0,0],"gold":133,"neow_bonus":"RANDOM_COLORLESS_2","is_daily":false,"chose_seed":false,"campfire_upgraded":2,"win_rate":0.0,"timestamp":1612473402,"path_taken":["M","M","?","M","M","R","E","R","T","M","$","?","E","?","R","BOSS"],"items_purchased_type":["Relic","Potion","Potion"],"build_version":"2020-12-18","purchased_purges":1,"victory":false,"max_hp_per_floor":[75,75,75,75,75,75,75,75,75,75,75,75,75,75,75,75,75],"relic_stats":{"Blood Vial":2,"counters":[9,34],"MealTicket":15,"obtain_stats":[{"Blood Vial":13,"MealTicket":9,"Odd Mushroom":12,"Cracked Core":0,"Symbiotic Virus":11},{"Blood Vial":8,"MealTicket":5,"Odd Mushroom":7,"Cracked Core":0,"Symbiotic Virus":6},{"Blood Vial":26,"MealTicket":18,"Odd Mushroom":24,"Cracked Core":0,"Symbiotic Virus":20}]},"card_choices":[{"not_picked":["Mayhem","Transmutation"],"picked":"HandOfGreed","floor":0.0},{"not_picked":["Hologram","Lockon"],"picked":"Rebound","floor":1.0},{"not_picked":["Auto Shields","Conserve Battery"],"picked":"Turbo","floor":2.0},{"not_picked":["Redo","Rebound"],"picked":"Sweeping Beam","floor":4.0},{"not_picked":["Compile Driver","Tempest"],"picked":"Coolheaded","floor":5.0},{"not_picked":["Rebound","Beam Cell"],"picked":"Reboot","floor":7.0},{"not_picked":["Steam","Conserve Battery"],"picked":"Ball Lightning","floor":10},{"not_picked":["Consume","Storm"],"picked":"Darkness","floor":13}],"player_experience":526265,"relics_obtained":[{"floor":9.0,"key":"MealTicket"},{"floor":12,"key":"Odd Mushroom"},{"floor":13,"key":"Blood Vial"}],"event_choices":[{"damage_healed":0.0,"max_hp_gain":0.0,"max_hp_loss":0.0,"gold_gain":175.0,"event_name":"Liars Game","player_choice":"AGREE","floor":3.0,"gold_loss":0.0,"damage_taken":0.0,"cards_obtained":["Doubt"]},{"damage_healed":0,"gold_gain":0,"player_choice":"Fought Mushrooms","damage_taken":0,"max_hp_gain":0,"max_hp_loss":0,"event_name":"Mushrooms","floor":12,"gold_loss":0},{"damage_healed":0,"gold_gain":0,"player_choice":"2 cards matched","damage_taken":0,"max_hp_gain":0,"max_hp_loss":0,"event_name":"Match and Keep!","floor":14,"gold_loss":0,"cards_obtained":["Swift Strike","Steam Power"]}],"is_beta":true,"boss_relics":[],"items_purged_floors":[11],"is_endless":false,"potions_floor_spawned":[4,7,12],"killed_by":"The Guardian","ascension_level":9}}