{"host":"1mv6gj0zv8k9e9tz","time":1612413369,"event":{"mods":["AchievementEnabler","BaseMod","Better Third Choice","Colored Map","DeckTracker","Highlight Path","KOR Keyword Fix","Keyboard Shortcuts","Minty Spire (QoL Compilation)","Permanent Neow","Quick Restart","Rare Cards Sparkle","StSLib","SuperFastMode","everything is the same but u backflip on backflip"],"gold_per_floor":[360,360,379,399,411,411,421,421,493,209,228,253,271,41,41,112,112,131,149,159,159,159,159],"floor_reached":22,"language":"KOR","playtime":493,"items_purged":["Defend_B"],"score":352,"play_id":"cb49f2f1-009b-4e50-9a2f-3d601cf33b28","local_time":"20210204133609","is_ascension_mode":true,"campfire_choices":[{"data":"Sunder","floor":6.0,"key":"SMITH"},{"floor":8.0,"key":"REST"},{"floor":15.0,"key":"REST"}],"circlet_count":0,"master_deck":["AscendersBane","Strike_B","Strike_B","Strike_B","Defend_B","Defend_B","Defend_B","Zap","Dualcast","Ball Lightning","Conserve Battery","Sunder+1","Capacitor","Self Repair","Electrodynamics","Conserve Battery","Coolheaded","Buffer","Defragment"],"relics":["Cracked Core","Sundial","Strawberry","Torii","Toy Ornithopter","Coffee Dripper"],"acts_visited":["Exordium","TheCity"],"potions_floor_usage":[18],"damage_taken":[{"damage":12.0,"enemies":"Small Slimes","floor":1.0,"turns":3.0},{"damage":7.0,"enemies":"Cultist","floor":3.0,"turns":4.0},{"damage":12.0,"enemies":"Jaw Worm","floor":4.0,"turns":3.0},{"damage":7.0,"enemies":"Looter","floor":5.0,"turns":4.0},{"damage":7.0,"enemies":"Exordium Wildlife","floor":7.0,"turns":2.0},{"damage":10.0,"enemies":"Gremlin Gang","floor":11.0,"turns":3.0},{"damage":21.0,"enemies":"Lagavulin","floor":12.0,"turns":6.0},{"damage":1.0,"enemies":"Blue Slaver","floor":13.0,"turns":3.0},{"damage":17.0,"enemies":"The Guardian","floor":16.0,"turns":10.0},{"damage":39,"enemies":"2 Thieves","floor":18,"turns":4},{"damage":10,"enemies":"3 Byrds","floor":19,"turns":3},{"damage":25,"enemies":"Snake Plant","floor":20,"turns":4},{"damage":22,"enemies":"Shelled Parasite and Fungi","floor":22,"turns":2}],"seed_played":"-9021966015770635930","potions_obtained":[{"floor":3.0,"key":"FocusPotion"},{"floor":5.0,"key":"Swift Potion"},{"floor":12.0,"key":"FearPotion"},{"floor":19,"key":"FocusPotion"}],"is_trial":false,"path_per_floor":["M","?","M","M","M","R","M","R","T","$","M","E","M","$","R","B",null,"M","M","M","?","M"],"character_chosen":"DEFECT","items_purchased":["Self Repair","Strawberry","Toy Ornithopter","PowerPotion"],"campfire_rested":2,"item_purchase_floors":[10,10,14,14],"current_hp_per_floor":[34,34,27,15,8,8,1,22,22,29,26,12,11,11,34,29,66,39,36,18,18,0,0],"gold":159,"neow_bonus":"TWO_FIFTY_GOLD","is_daily":false,"chose_seed":false,"campfire_upgraded":1,"win_rate":0.0,"timestamp":1612413369,"path_taken":["M","?","?","M","M","R","M","R","T","$","M","E","M","$","R","BOSS","M","M","M","?","M"],"items_purchased_type":["Card","Relic","Relic","Potion"],"build_version":"2020-12-22","purchased_purges":1,"victory":false,"max_hp_per_floor":[71,71,71,71,71,71,71,71,71,78,78,78,78,78,78,78,78,78,78,78,78,78,78],"card_choices":[{"not_picked":["Steam","Hello World","Steam Power"],"picked":"SKIP","floor":1.0},{"not_picked":["Leap","Tempest"],"picked":"Ball Lightning","floor":3.0},{"not_picked":["Hologram","Go for the Eyes"],"picked":"Conserve Battery","floor":4.0},{"not_picked":["Coolheaded","Streamline"],"picked":"Sunder","floor":5.0},{"not_picked":["Cold Snap","Compile Driver"],"picked":"Capacitor","floor":7.0},{"not_picked":["Rebound","Genetic Algorithm"],"picked":"Electrodynamics","floor":11.0},{"not_picked":["Steam","Rainbow"],"picked":"Conserve Battery","floor":12.0},{"not_picked":["Redo","Leap"],"picked":"Coolheaded","floor":13.0},{"not_picked":["Rainbow","All For One"],"picked":"Buffer","floor":16.0},{"not_picked":["Gash","Sweeping Beam","Streamline"],"picked":"SKIP","floor":18},{"not_picked":["Redo","Barrage","Go for the Eyes"],"picked":"SKIP","floor":19},{"not_picked":["Conserve Battery","Machine Learning"],"picked":"Defragment","floor":20}],"player_experience":621341,"relics_obtained":[{"floor":9.0,"key":"Sundial"},{"floor":12.0,"key":"Torii"}],"event_choices":[{"cards_removed":["Strike_B"],"damage_healed":0.0,"max_hp_gain":0.0,"max_hp_loss":0.0,"gold_gain":0.0,"event_name":"Bonfire Elementals","player_choice":"Offered Basic","floor":2.0,"gold_loss":0.0,"damage_taken":0.0},{"damage_healed":0,"gold_gain":0,"player_choice":"Ignored","damage_taken":0,"max_hp_gain":0,"max_hp_loss":0,"event_name":"Cursed Tome","floor":21,"gold_loss":0}],"is_beta":false,"boss_relics":[{"not_picked":["Tiny House","Sozu"],"picked":"Coffee Dripper"}],"items_purged_floors":[10],"is_endless":false,"potions_floor_spawned":[3,5,12,19],"killed_by":"Shelled Parasite and Fungi","ascension_level":17}}