{"host":"1c52r9kaxdyo25eq","time":1612415952,"event":{"mods":["AchievementEnabler","BaseMod","DeckTracker","Minty Spire (QoL Compilation)","Rare Cards Sparkle","SuperFastMode","everything is the same but u backflip on backflip"],"gold_per_floor":[12,12,28,28,41,41,41,41,41,41,41,4,35,51,51,51,51],"floor_reached":16,"language":"KOR","playtime":270,"items_purged":[],"score":181,"play_id":"a87b0616-5065-453c-80ba-1515153744ea","local_time":"20210204141912","is_ascension_mode":true,"campfire_choices":[{"data":"Headbutt","floor":6,"key":"SMITH"},{"data":"Shrug It Off","floor":8,"key":"SMITH"},{"data":"Barricade","floor":10,"key":"SMITH"},{"data":"Power Through","floor":15,"key":"SMITH"}],"circlet_count":0,"master_deck":["AscendersBane","Strike_R","Strike_R","Strike_R","Strike_R","Defend_R","Defend_R","Defend_R","Bash","Headbutt+1","Barricade+1","Shrug It Off+1","Warcry","Seeing Red","Power Through+1"],"relics":["Burning Blood","Ice Cream","Torii","Bottled Tornado","Matryoshka"],"acts_visited":["Exordium"],"potions_floor_usage":[],"damage_taken":[{"damage":17,"enemies":"Cultist","floor":1,"turns":4},{"damage":9,"enemies":"Small Slimes","floor":3,"turns":3},{"damage":14,"enemies":"Jaw Worm","floor":5,"turns":3},{"damage":18,"enemies":"3 Sentries","floor":13,"turns":12},{"damage":21,"enemies":"Blue Slaver","floor":14,"turns":4},{"damage":0,"enemies":"Slime Boss","floor":16,"turns":3}],"seed_played":"9173882435910683133","potions_obtained":[{"floor":13,"key":"Ancient Potion"}],"is_trial":false,"path_per_floor":["M","T","M","$","M","R","?","R","T","R","$","$","E","M","R","B"],"character_chosen":"IRONCLAD","items_purchased":["Seeing Red"],"campfire_rested":0,"item_purchase_floors":[12],"current_hp_per_floor":[57,57,54,54,46,46,41,41,41,41,41,41,29,14,14,14,14],"gold":51,"neow_bonus":"TRANSFORM_TWO_CARDS","is_daily":false,"chose_seed":false,"campfire_upgraded":4,"win_rate":0.0,"timestamp":1612415952,"path_taken":["M","?","?","?","M","R","?","R","T","R","?","$","E","M","R","BOSS"],"items_purchased_type":["Card"],"build_version":"2020-12-22","purchased_purges":0,"victory":false,"max_hp_per_floor":[75,75,75,75,75,75,75,75,75,75,75,75,75,75,75,75,75],"card_choices":[{"not_picked":["Iron Wave","Warcry"],"picked":"Shrug It Off","floor":1},{"not_picked":["Sword Boomerang","Headbutt","Perfected Strike"],"picked":"SKIP","floor":3},{"not_picked":["Thunderclap","Bloodletting","Warcry"],"picked":"SKIP","floor":5},{"not_picked":["Thunderclap","Bloodletting"],"picked":"Warcry","floor":5},{"not_picked":["Corruption","Shrug It Off","Clothesline"],"picked":"SKIP","floor":13},{"not_picked":["Ghostly Armor","Flex"],"picked":"Power Through","floor":14}],"player_experience":640881,"relics_obtained":[{"floor":2,"key":"Ice Cream"},{"floor":9,"key":"Bottled Tornado"},{"floor":13,"key":"Matryoshka"}],"event_choices":[{"damage_healed":0,"gold_gain":0,"player_choice":"Success","damage_taken":5,"relics_obtained":["Torii"],"max_hp_gain":0,"max_hp_loss":0,"event_name":"Scrap Ooze","floor":7,"gold_loss":0}],"is_beta":false,"boss_relics":[],"items_purged_floors":[],"is_endless":false,"potions_floor_spawned":[13],"killed_by":"Slime Boss","ascension_level":17}}