{"host":"3twtdwjpiqhvvn5s","time":1612481903,"event":{"mods":["AchievementEnabler","Act Like it!","Aspiration","BaseMod","BetterRewards","Colored Map","Colored Powertips","Downfall","Duelist Mod","Friendly Minions","GifTheSpireLib","Hallownest","Hermit","Hubris","Infinite Spire","Jorbs\u0027s Wanderer Trilogy","Koishi","KomeijiMod","Marisa????????","Minty Spire (QoL Compilation)","Quick Restart","Rare Cards Sparkle","Replay The Spire","Shop Mod","StSLib","Td1madao Mod","The Administrix","The Animator","The Bug Knight","The Caster","The Cursed","The Disciple","The Hierophant","The Necromancer","The Poker Player","The Runesmith","The Servant 0.9.4"],"gold_per_floor":[118,135,155,172,188,188,188],"floor_reached":6,"language":"ENG","playtime":1255,"items_purged":[],"score":40,"play_id":"701f52cd-8929-4882-a51a-51b20bc6fb60","local_time":"20210204173823","daily_mods":["Terminal"],"is_ascension_mode":false,"campfire_choices":[],"circlet_count":0,"master_deck":["Strike_S","Strike_S","Strike_S","Strike_S","Defend_S","Defend_S","Defend_S","Defend_S","KidneyShot","Exchange","Luminosity","Contraction","caster:Unearth","caster:WallOfAsh"],"relics":["Uniform"],"acts_visited":["Exordium"],"potions_floor_usage":[6,6],"damage_taken":[{"damage":0,"enemies":"Small Slimes","floor":1,"turns":4},{"damage":1,"enemies":"Cultist","floor":2,"turns":4},{"damage":0,"enemies":"Jaw Worm","floor":3,"turns":4},{"damage":0,"enemies":"Blue Slaver","floor":4,"turns":6},{"damage":2,"enemies":"Looter","floor":5,"turns":4},{"damage":88,"enemies":"Gremlin Nob","floor":6,"turns":8}],"seed_played":"8598852545506744738","potions_obtained":[{"floor":3,"key":"Fire Potion"},{"floor":4,"key":"Doom Potion"}],"is_trial":true,"path_per_floor":["M","M","M","M","M","E"],"character_chosen":"THE_SERVANT","items_purchased":[],"campfire_rested":0,"item_purchase_floors":[],"current_hp_per_floor":[63,62,61,60,58,0,0],"gold":188,"neow_bonus":"","is_daily":false,"chose_seed":false,"campfire_upgraded":0,"win_rate":0.0,"timestamp":1612481903,"path_taken":["M","M","M","M","M","E"],"items_purchased_type":[],"build_version":"2020-12-22","purchased_purges":0,"victory":false,"max_hp_per_floor":[63,62,61,60,59,59,59],"card_choices":[{"not_picked":["Gouge","ShiftingGears"],"picked":"Luminosity","floor":1},{"not_picked":["Reset","caster:FlashSpeed"],"picked":"Contraction","floor":2},{"not_picked":["caster:FrostDriver","caster:Conflagrate","caster:Elementalize"],"picked":"SKIP","floor":3},{"not_picked":["FastForward","caster:LightningBolt"],"picked":"caster:Unearth","floor":4},{"not_picked":["caster:MagicWeapon","caster:FlashSpeed"],"picked":"caster:WallOfAsh","floor":5}],"player_experience":2637306,"relics_obtained":[],"event_choices":[],"is_beta":false,"boss_relics":[],"items_purged_floors":[],"is_endless":false,"potions_floor_spawned":[3,4],"killed_by":"Gremlin Nob","ascension_level":0}}