{"host":"jjobdbtkl3y7u1ei","time":1612428561,"event":{"mods":["BaseMod","Colored Map","Colored Powertips","Gremlin Mod","Hermit","Highlight Path","Hubris","Infinite Spire","Marisa????????","Mimic Mod","Minty Spire (QoL Compilation)","Replay The Spire","StSLib","The Cursed","The Death Knight","The Disciple","The Mystic","The Necromancer","The Runesmith","The Servant 0.9.4"],"gold_per_floor":[116,130,130,149,161,161,195,195,218,248,173,173,73,83,83,181,181,198,198,213,229,54,88,122,122,162,261,261,289,319,355,355,474,474,500,274,300,300,300,342,371,371,395,436,458,458,485,533,533,541],"floor_reached":51,"language":"ENG","playtime":3826,"items_purged":["Strike_W","Defend_W","Defend_W","Strike_W"],"score":812,"play_id":"734658a1-4a7b-4b4f-9163-4f642f00cef6","local_time":"20210204034921","is_ascension_mode":false,"campfire_choices":[{"data":"Summon_Death_Knight","floor":6,"key":"SMITH"},{"data":"Summon_Lich","floor":8,"key":"SMITH"},{"data":"Negative_Energy_Burst","floor":12,"key":"SMITH"},{"data":"Bone_Armor","floor":15,"key":"SMITH"},{"data":"Siphon_Strength","floor":25,"key":"SMITH"},{"data":"Finger_Of_Death","floor":28,"key":"SMITH"},{"data":"Bone_Wall","floor":32,"key":"SMITH"},{"data":"Skeleton_Dragon","floor":42,"key":"SMITH"},{"data":"Summon_Vampire_Lady","floor":46,"key":"SMITH"},{"floor":49,"key":"REST"}],"circlet_count":0,"master_deck":["Strike_W","Defend_W","Negative_Energy_Arrows+1","Bone_Wall+1","Plague_Bolt","Bone_Armor+1","Negative_Energy_Burst+1","Summon_Death_Knight+1","Summon_Lich+1","Death_March_Dance","Grasp_Heart","Finger_Of_Death+1","Siphon_Strength+1","Strike_from_Beyond+1","Skeleton_Dragon+1","Summon_Death_Knight","Summon_Vampire_Lady+1"],"relics":["Vampire_Amulet","Nunchaku","Omamori","Mummified Hand","hubris:Backtick","PureWater","Replay:Bandana","Dream Catcher","Empty Cage","hubris:Towel","hubris:Potato","Gremlin Horn","Toy Ornithopter","Bird Faced Urn","Pantograph"],"acts_visited":["Exordium","TheCity","TheBeyond"],"potions_floor_usage":[],"damage_taken":[{"damage":7,"enemies":"Jaw Worm","floor":1,"turns":4},{"damage":0,"enemies":"Cultist","floor":2,"turns":3},{"damage":0,"enemies":"2 Louse","floor":4,"turns":2},{"damage":4,"enemies":"Blue Slaver","floor":5,"turns":4},{"damage":15,"enemies":"Lagavulin","floor":7,"turns":6},{"damage":9,"enemies":"3 Sentries","floor":10,"turns":6},{"damage":0,"enemies":"Exordium Thugs","floor":14,"turns":4},{"damage":24,"enemies":"Slime Boss","floor":16,"turns":9},{"damage":6,"enemies":"Shell Parasite","floor":18,"turns":4},{"damage":0,"enemies":"3 Byrds","floor":20,"turns":3},{"damage":18,"enemies":"Centurion and Healer","floor":21,"turns":5},{"damage":0,"enemies":"Gremlin Leader","floor":23,"turns":6},{"damage":1,"enemies":"3 Cultists","floor":24,"turns":3},{"damage":2,"enemies":"Shelled Parasite and Fungi","floor":26,"turns":5},{"damage":0,"enemies":"Shelled Parasite and Fungi","floor":29,"turns":4},{"damage":1,"enemies":"Snecko","floor":30,"turns":3},{"damage":42,"enemies":"Slavers","floor":31,"turns":4},{"damage":42,"enemies":"Collector","floor":33,"turns":9},{"damage":7,"enemies":"Orb Walker","floor":35,"turns":3},{"damage":45,"enemies":"3 Darklings","floor":37,"turns":4},{"damage":12,"enemies":"Nemesis","floor":40,"turns":7},{"damage":0,"enemies":"Transient","floor":41,"turns":5},{"damage":18,"enemies":"R_Hoarder","floor":44,"turns":8},{"damage":17,"enemies":"Jaw Worm Horde","floor":45,"turns":4},{"damage":11,"enemies":"4 Shapes","floor":47,"turns":3},{"damage":80,"enemies":"Reptomancer","floor":48,"turns":5},{"damage":27,"enemies":"infinitespire:MassOfShapes","floor":50,"turns":11}],"seed_played":"1363432510945124819","potions_obtained":[{"floor":5,"key":"Dexterity Potion"},{"floor":14,"key":"EssenceOfSteel"},{"floor":16,"key":"SpeedPotion"}],"is_trial":false,"path_per_floor":["M","M","?","M","M","R","E","R","T","E","$","R","$","M","R","B",null,"M","?","M","M","$","E","M","R","MIM","?","R","M","M","E","R","B",null,"M","$","M","?","T","E","M","R","T","E","M","R","M","E","R","B",null],"character_chosen":"NECROMANCER","items_purchased":["Finger_Of_Death","Summon_Vampire_Lady"],"campfire_rested":1,"item_purchase_floors":[22,36],"current_hp_per_floor":[70,72,72,75,73,73,60,60,60,57,57,57,57,61,61,45,75,71,71,75,61,61,73,75,75,75,75,75,75,75,39,39,7,75,70,70,33,33,33,35,52,52,52,54,54,54,64,10,32,75],"gold":541,"neow_bonus":"UPGRADE_CARD","is_daily":false,"chose_seed":false,"campfire_upgraded":9,"win_rate":0.0,"timestamp":1612428561,"path_taken":["M","M","?","?","M","R","E","R","T","E","$","R","$","M","R","BOSS","M","?","M","M","$","E","M","R","MIM","?","R","M","M","E","R","BOSS","M","$","M","?","?","E","?","R","T","E","M","R","M","E","R","BOSS"],"items_purchased_type":["Card","Card"],"build_version":"2020-12-22","purchased_purges":4,"victory":true,"max_hp_per_floor":[75,75,75,75,75,75,75,75,75,75,75,75,75,75,75,75,75,75,75,75,75,75,75,75,75,75,75,75,75,75,75,75,75,75,75,75,75,75,75,75,75,75,75,75,75,75,75,75,75,75],"card_choices":[{"not_picked":["Bone_Bullets","Bone_Spikes"],"picked":"Plague_Bolt","floor":1},{"not_picked":["Scare","Chill_Blood"],"picked":"Bone_Armor","floor":2},{"not_picked":["Death_Coil","Bone_Spikes"],"picked":"Negative_Energy_Burst","floor":4},{"not_picked":["Death_Knell","Life_Drain"],"picked":"Summon_Death_Knight","floor":5},{"not_picked":["Negative_Energy_Burst","Bone_Armory"],"picked":"Summon_Lich","floor":7},{"not_picked":["Scare","Necrotic_Claws"],"picked":"Death_March_Dance","floor":10},{"not_picked":["Chill_Blood","Bone_Spikes","Epidemic"],"picked":"SKIP","floor":14},{"not_picked":["Reap_The_Weak","Cloudkill"],"picked":"Grasp_Heart","floor":16},{"not_picked":["Bone_Armor","Death_Coil","Bones_to_Steel"],"picked":"SKIP","floor":18},{"not_picked":["Vampiric_Strike","Bone_Shift","Bones_to_Steel"],"picked":"SKIP","floor":20},{"not_picked":["Negative_Energy_Shield","Chill_Blood","Spectral_Walk"],"picked":"SKIP","floor":21},{"not_picked":["Death_Coil","Negative_Energy_Burst"],"picked":"Siphon_Strength","floor":23},{"not_picked":["Blood_for_Blood","Bone_Shift"],"picked":"Strike_from_Beyond+1","floor":24},{"not_picked":["Blood_for_Blood+1","Exploit","Stop_Heart+1"],"picked":"SKIP","floor":29},{"not_picked":["Blood_Is_Power","Blood_Whip+1"],"picked":"Skeleton_Dragon","floor":30},{"not_picked":["Negative_Energy_Sphere","Chill_Blood","Plague_Bolt+1"],"picked":"SKIP","floor":31},{"not_picked":["Blood_Magic","Cloudkill"],"picked":"Summon_Death_Knight","floor":33},{"not_picked":["Bone_Shift+1","Negative_Energy_Shield","Bone_Armor+1"],"picked":"SKIP","floor":35},{"not_picked":["Bone_Shift","Shackles_Of_Pain","Consume_Illness"],"picked":"SKIP","floor":37},{"not_picked":["Negative_Energy_Shield","Siphon_Strength","Blood_for_Blood"],"picked":"SKIP","floor":40},{"not_picked":["Bone_Armor+1","Detonate_Bones","Bone_Bullets"],"picked":"SKIP","floor":41},{"not_picked":["Negative_Energy_Sphere","Chill_Blood+1","Spectral_Armor+1"],"picked":"SKIP","floor":44},{"not_picked":["Spectral_Walk","Negative_Energy_Javelin+1","Negative_Energy_Sphere"],"picked":"SKIP","floor":45},{"not_picked":["Consume_Illness+1","Blood_Whip","Blood_Shield"],"picked":"SKIP","floor":47},{"not_picked":["Bone_Shift+1","Spectral_Walk+1","Death_Coil"],"picked":"SKIP","floor":48}],"player_experience":327529,"relics_obtained":[{"floor":7,"key":"Nunchaku"},{"floor":9,"key":"Omamori"},{"floor":10,"key":"Mummified Hand"},{"floor":23,"key":"Replay:Bandana"},{"floor":31,"key":"Dream Catcher"},{"floor":39,"key":"hubris:Potato"},{"floor":40,"key":"Gremlin Horn"},{"floor":43,"key":"Toy Ornithopter"},{"floor":44,"key":"Bird Faced Urn"},{"floor":48,"key":"Pantograph"}],"event_choices":[{"damage_healed":0,"gold_gain":0,"player_choice":"Ignored","damage_taken":0,"max_hp_gain":0,"max_hp_loss":0,"event_name":"NoteForYourself","floor":3,"gold_loss":0},{"damage_healed":0,"gold_gain":0,"player_choice":"Bought 0 Potions","damage_taken":0,"max_hp_gain":0,"max_hp_loss":0,"event_name":"The Woman in Blue","floor":19,"gold_loss":0},{"damage_healed":0,"gold_gain":99,"player_choice":"Stole From Cult","damage_taken":0,"max_hp_gain":0,"max_hp_loss":0,"event_name":"Nest","floor":27,"gold_loss":0}],"is_beta":false,"boss_relics":[{"not_picked":["hubris:GrandSneckoEye","Velvet Choker"],"picked":"hubris:Backtick"},{"not_picked":["hubris:BlackHole","Replay:Wanted Poster"],"picked":"Empty Cage"}],"items_purged_floors":[11,13,22,36],"is_endless":false,"potions_floor_spawned":[4,5,14,16,20,23,29,30,37,40,41,47],"ascension_level":0}}