{"host":"erjc6dqs793djrmy","time":1612419891,"event":{"mods":["BaseMod","Minty Spire (QoL Compilation)","StSLib","The Animator"],"gold_per_floor":[112,112,142,142,3,3,3,3],"floor_reached":7,"language":"ENG","playtime":524,"items_purged":[],"score":64,"play_id":"9ce20676-c3f3-4754-b038-3c44d41c1121","local_time":"20210204012451","is_ascension_mode":true,"campfire_choices":[{"data":"animator:Hitei","floor":6,"key":"SMITH"}],"circlet_count":0,"master_deck":["AscendersBane","animator:Strike_GATE","animator:Defend_GATE","animator:Strike","animator:Strike","animator:Strike","animator:Defend+1","animator:Defend","animator:Defend","animator:TukaLunaMarceau","animator:Kuribayashi","animator:Hibiki+1","animator:Hitei+1","animator:YachiyoNanami","Regret","animator:YunYun+1","animator:TukaLunaMarceau"],"relics":["animator:LivingPicture","animator:TheMissingPiece","Molten Egg 2"],"acts_visited":["Exordium"],"potions_floor_usage":[7,7],"damage_taken":[{"damage":15,"enemies":"Jaw Worm","floor":1,"turns":4},{"damage":6,"enemies":"Small Slimes","floor":3,"turns":4},{"damage":27,"enemies":"3 Sentries","floor":7,"turns":6}],"seed_played":"6350072268772687343","potions_obtained":[{"floor":1,"key":"SneckoOil"}],"is_trial":false,"path_per_floor":["M","?","M","?","$","R","E"],"character_chosen":"THE_ANIMATOR","items_purchased":["animator:YunYun+1","animator:TukaLunaMarceau","Block Potion"],"campfire_rested":0,"item_purchase_floors":[5,5,5],"current_hp_per_floor":[44,32,26,26,26,26,0,0],"gold":3,"neow_bonus":"RANDOM_COLORLESS_2","is_daily":false,"chose_seed":false,"campfire_upgraded":1,"win_rate":0.0,"timestamp":1612419891,"path_taken":["M","?","M","?","$","R","E"],"items_purchased_type":["Card","Card","Potion"],"build_version":"2020-12-22","purchased_purges":0,"victory":false,"max_hp_per_floor":[60,60,60,60,60,60,60,60],"card_choices":[{"not_picked":["animator:Emilia","animator:TakanashiRikka"],"picked":"animator:Hibiki","floor":0},{"not_picked":["animator:Chris","animator:Konayuki"],"picked":"animator:Hitei","floor":1},{"not_picked":["animator:KyokoSakura","animator:Priestess"],"picked":"animator:YachiyoNanami","floor":3}],"player_experience":423051,"relics_obtained":[],"event_choices":[{"damage_healed":0,"gold_gain":0,"player_choice":"Entered Light","damage_taken":12,"max_hp_gain":0,"max_hp_loss":0,"event_name":"Shining Light","floor":2,"gold_loss":0,"cards_upgraded":["animator:Defend","animator:Hibiki"]},{"damage_healed":0,"gold_gain":0,"player_choice":"Box","damage_taken":0,"relics_obtained":["Molten Egg 2"],"max_hp_gain":0,"max_hp_loss":0,"event_name":"Big Fish","floor":4,"gold_loss":0,"cards_obtained":["Regret"]}],"is_beta":false,"boss_relics":[],"items_purged_floors":[],"is_endless":false,"potions_floor_spawned":[1],"killed_by":"3 Sentries","ascension_level":13}}