{"host":"et0ypqa1uh5c1j5j","time":1612433277,"event":{"mods":["BaseMod","Colored Map","Colored Powertips","Downfall","Minty Spire (QoL Compilation)","StSLib"],"gold_per_floor":[99,115,131,131,19,45,45,60,79,79,109,109,122,134,153,250,250,250,261,146,165,175,190,190,205,237,237,250,110,110,110,128,226,226,226,226,244,294,314,340,340,152,171,241,260,275,275,310,328,328],"floor_reached":51,"language":"ENG","playtime":9615,"items_purged":["Pain","hexamod:Strike","hexamod:Defend"],"score":713,"play_id":"9610faa3-5b47-4887-b38f-27351d452504","local_time":"20210204100757","is_ascension_mode":false,"campfire_choices":[{"data":"hexamod:Sear","floor":1,"key":"SMITH"},{"data":"hexamod:HeatMetal","floor":10,"key":"SMITH"},{"data":"hexamod:EmpoweredFlame","floor":12,"key":"SMITH"},{"data":"hexamod:Float","floor":18,"key":"SMITH"},{"data":"hexamod:HeatShield","floor":27,"key":"SMITH"},{"data":"hexamod:GhostflameBarrier","floor":30,"key":"SMITH"},{"data":"hexamod:Hexaguard","floor":35,"key":"SMITH"},{"floor":47,"key":"RECALL"}],"circlet_count":0,"master_deck":["hexamod:Strike","hexamod:Strike+1","hexamod:Defend","hexamod:Sear+1","hexamod:Float+1","hexamod:BacktrackSmack+1","hexamod:PhantomFireball+1","hexamod:GhostShield","hexamod:HeatMetal+1","hexamod:GhostflameBarrier+1","hexamod:EmpoweredFlame+1","hexamod:RadiantFlame","hexamod:Hexaguard+1","hexamod:HexaLevel+1","hexamod:TimeOfNeed+1","hexamod:Firestarter+1","hexamod:HexaLevel+1","hexamod:HeatShield+1","hexamod:RetreatToShadows+1","hexamod:FirstSeal","hexamod:Haunt+1","hexamod:SoulSteal","hexamod:SixthSeal","hexamod:EmpoweredFlame+1","hexamod:ExtraCrispy+1","expansioncontent:QuickStudy+1","hexamod:ForkedFlame","hexamod:GhostOfSpirePast+1","hexamod:RecurringNightmare"],"relics":["hexamod:SpiritBrand","WarpedTongs","InkBottle","Mercury Hourglass","Bird Faced Urn","Astrolabe","Mummified Hand","Regal Pillow","Philosopher\u0027s Stone","Unceasing Top","HornCleat","Letter Opener","Bottled Lightning","Pantograph"],"acts_visited":["Exordium","TheCity","TheBeyond"],"potions_floor_usage":[16,16,19,19,22,38,49],"damage_taken":[{"damage":5,"enemies":"Small Slimes","floor":2,"turns":3},{"damage":1,"enemies":"Cultist","floor":3,"turns":3},{"damage":6,"enemies":"downfall:FleeingMerchant","floor":5,"turns":4},{"damage":10,"enemies":"Lagavulin","floor":6,"turns":7},{"damage":0,"enemies":"2 Louse","floor":8,"turns":2},{"damage":1,"enemies":"2 Fungi Beasts","floor":9,"turns":3},{"damage":5,"enemies":"3 Sentries","floor":11,"turns":7},{"damage":2,"enemies":"Blue Slaver","floor":13,"turns":2},{"damage":1,"enemies":"2 Fungi Beasts","floor":14,"turns":3},{"damage":7,"enemies":"Blue Slaver","floor":15,"turns":3},{"damage":3,"enemies":"DF_ARCHETYPE_STREAMLINE","floor":16,"turns":6},{"damage":0,"enemies":"Spheric Guardian","floor":19,"turns":4},{"damage":15,"enemies":"downfall:FleeingMerchant","floor":20,"turns":4},{"damage":20,"enemies":"Centurion and Healer","floor":21,"turns":6},{"damage":2,"enemies":"Snecko","floor":22,"turns":5},{"damage":6,"enemies":"Snake Plant","floor":23,"turns":6},{"damage":12,"enemies":"Cultist and Chosen","floor":25,"turns":5},{"damage":13,"enemies":"Gremlin Leader","floor":26,"turns":7},{"damage":18,"enemies":"3 Cultists","floor":28,"turns":5},{"damage":10,"enemies":"downfall:FleeingMerchant","floor":29,"turns":4},{"damage":0,"enemies":"Centurion and Healer","floor":32,"turns":5},{"damage":36,"enemies":"WA_ARCHETYPE_CALM","floor":33,"turns":7},{"damage":24,"enemies":"3 Darklings","floor":37,"turns":6},{"damage":11,"enemies":"3 Darklings","floor":38,"turns":6},{"damage":12,"enemies":"3 Shapes","floor":39,"turns":4},{"damage":11,"enemies":"downfall:FleeingMerchant","floor":42,"turns":4},{"damage":0,"enemies":"downfall:FleeingMerchant","floor":43,"turns":3},{"damage":13,"enemies":"Maw","floor":45,"turns":6},{"damage":3,"enemies":"4 Shapes","floor":46,"turns":2},{"damage":65,"enemies":"Nemesis","floor":48,"turns":7},{"damage":5,"enemies":"Transient","floor":49,"turns":5},{"damage":7,"enemies":"IC_BLOCK_ARCHETYPE","floor":50,"turns":9}],"seed_played":"581968571802468129","potions_obtained":[{"floor":8,"key":"LiquidMemories"},{"floor":9,"key":"hexamod:InfernoChargePotion"},{"floor":13,"key":"BlessingOfTheForge"},{"floor":14,"key":"EntropicBrew"},{"floor":21,"key":"sneckomod:MuddlingPotion"},{"floor":23,"key":"Explosive Potion"},{"floor":38,"key":"SpeedPotion"},{"floor":49,"key":"Block Potion"}],"is_trial":false,"path_per_floor":["R","M","M","?","$","E","T","M","M","R","E","R","M","M","M","B",null,"R","M","$","M","M","M","T","M","E","R","M","$","R","?","M","B",null,"R","?","M","?","M","T","T","$","?","T","M","M","R","E","M","B",null],"character_chosen":"THE_SPIRIT","items_purchased":["hexamod:HeatMetal","expansioncontent:QuickStudy","hexamod:GhostOfSpirePast","Letter Opener"],"campfire_rested":0,"item_purchase_floors":[5,42,43,43],"current_hp_per_floor":[77,72,71,71,65,55,55,55,54,54,49,49,47,50,47,48,77,77,77,64,54,60,62,62,69,64,64,63,70,70,70,77,48,77,77,77,64,76,76,76,76,74,77,77,71,77,77,25,47,77],"gold":328,"neow_bonus":"TEN_PERCENT_HP_BONUS","is_daily":false,"chose_seed":false,"campfire_upgraded":7,"win_rate":0.0,"timestamp":1612433277,"path_taken":["R","M","M","?","$","E","T","?","M","R","E","R","M","M","M","BOSS","R","M","$","M","M","M","T","M","E","R","M","$","R","?","M","BOSS","R","?","M","?","M","?","T","$","?","?","M","M","R","E","M","BOSS"],"items_purchased_type":["Card","Card","Card","Relic"],"build_version":"2020-12-22","purchased_purges":3,"victory":true,"max_hp_per_floor":[77,77,77,77,77,77,77,77,77,77,77,77,77,77,77,77,77,77,77,77,77,77,77,77,77,77,77,77,77,77,77,77,77,77,77,77,77,77,77,77,77,77,77,77,77,77,77,77,77,77],"card_choices":[{"not_picked":["hexamod:NightmareGuise","hexamod:GhostLash"],"picked":"hexamod:BacktrackSmack","floor":2},{"not_picked":["hexamod:Firestarter","hexamod:Rewind"],"picked":"hexamod:PhantomFireball","floor":3},{"not_picked":["hexamod:FastForward","hexamod:NightmareStrike"],"picked":"hexamod:GhostShield","floor":5},{"not_picked":["hexamod:Firestarter","hexamod:BurningTouch","hexamod:FastForward"],"picked":"SKIP","floor":6},{"not_picked":["hexamod:BacktrackSmack","hexamod:EtherealExpedition"],"picked":"hexamod:GhostflameBarrier","floor":8},{"not_picked":["hexamod:AdvancingGuard","hexamod:HauntingEcho","hexamod:RecurringNightmare"],"picked":"SKIP","floor":9},{"not_picked":["hexamod:SearingWound","hexamod:NightmareStrike"],"picked":"hexamod:EmpoweredFlame","floor":11},{"not_picked":["hexamod:GhostShield","hexamod:HauntingEcho"],"picked":"hexamod:RadiantFlame","floor":13},{"not_picked":["hexamod:InspiringFlames","hexamod:GhostflameBarrier"],"picked":"hexamod:Hexaguard","floor":14},{"not_picked":["hexamod:Firestarter","hexamod:BacktrackSmack","hexamod:ThermalTransfer"],"picked":"SKIP","floor":15},{"not_picked":["hexamod:SixthSeal","hexamod:TimeWarp"],"picked":"hexamod:HexaLevel","floor":16},{"not_picked":["hexamod:AdvancingGuard","hexamod:ShieldOfDarkness","hexamod:GhostLash+1"],"picked":"SKIP","floor":19},{"not_picked":["hexamod:ShieldOfDarkness+1","hexamod:FourthSeal"],"picked":"hexamod:HeatShield","floor":20},{"not_picked":["hexamod:Firestarter+1","hexamod:RainOfEmbers"],"picked":"hexamod:RetreatToShadows","floor":21},{"not_picked":["hexamod:NightmareStrike","hexamod:SoulSteal"],"picked":"hexamod:FirstSeal","floor":22},{"not_picked":["hexamod:CatchUp","hexamod:SwordOfDarkness","hexamod:GhostOfSpirePresent"],"picked":"SKIP","floor":23},{"not_picked":["hexamod:ExtraCrispy+1","hexamod:GhostflameBarrier+1"],"picked":"hexamod:Haunt+1","floor":25},{"not_picked":["hexamod:ShieldOfDarkness+1","hexamod:BacktrackSmack"],"picked":"hexamod:SoulSteal","floor":26},{"not_picked":["hexamod:EtherealExpedition+1","hexamod:SpectersWail","hexamod:GhostLash"],"picked":"SKIP","floor":28},{"not_picked":["hexamod:BacktrackSmack","hexamod:RetreatToShadows","hexamod:HeatShield"],"picked":"SKIP","floor":29},{"not_picked":["hexamod:FastForward","hexamod:HauntingEcho+1","hexamod:NecessarySacrifice+1"],"picked":"SKIP","floor":32},{"not_picked":["hexamod:SearingWound","hexamod:TimeWarp"],"picked":"hexamod:SixthSeal","floor":33},{"not_picked":["hexamod:GhostShield","hexamod:DynamicBlow+1"],"picked":"hexamod:EmpoweredFlame+1","floor":37},{"not_picked":["hexamod:FastForward+1","hexamod:GhostShield"],"picked":"hexamod:ExtraCrispy+1","floor":38},{"not_picked":["hexamod:ShieldOfDarkness+1","hexamod:GhostShield+1","hexamod:FastForward+1"],"picked":"SKIP","floor":39},{"not_picked":["hexamod:BurningTouch+1","hexamod:GhostShield","hexamod:GhostflameBarrier"],"picked":"SKIP","floor":42},{"not_picked":["hexamod:EtherealExpedition+1","hexamod:Firestarter+1"],"picked":"hexamod:ForkedFlame","floor":43},{"not_picked":["hexamod:ShieldOfDarkness","hexamod:InspiringFlames"],"picked":"hexamod:RecurringNightmare","floor":45},{"not_picked":["hexamod:SpectersWail+1","hexamod:FastForward","hexamod:HeatMetal+1"],"picked":"SKIP","floor":46},{"not_picked":["hexamod:ShieldOfDarkness","hexamod:RainOfEmbers","hexamod:FastForward+1"],"picked":"SKIP","floor":48},{"not_picked":["hexamod:FastForward","hexamod:SwordOfDarkness+1","hexamod:ShieldOfDarkness+1"],"picked":"SKIP","floor":49}],"player_experience":356395,"relics_obtained":[{"floor":6,"key":"InkBottle"},{"floor":7,"key":"Mercury Hourglass"},{"floor":11,"key":"Bird Faced Urn"},{"floor":24,"key":"Mummified Hand"},{"floor":26,"key":"Regal Pillow"},{"floor":38,"key":"Unceasing Top"},{"floor":41,"key":"HornCleat"},{"floor":44,"key":"Bottled Lightning"},{"floor":48,"key":"Pantograph"}],"event_choices":[{"damage_healed":0,"gold_gain":0,"player_choice":"Rummage","damage_taken":0,"relics_obtained":["WarpedTongs"],"max_hp_gain":0,"max_hp_loss":0,"event_name":"Accursed Blacksmith","floor":4,"gold_loss":0,"cards_obtained":["Pain"]}],"is_beta":false,"boss_relics":[{"not_picked":["bronze:MakeshiftBattery","Runic Pyramid"],"picked":"Astrolabe"},{"not_picked":["Empty Cage","hexamod:UnbrokenSoul"],"picked":"Philosopher\u0027s Stone"}],"items_purged_floors":[5,20,29],"is_endless":false,"potions_floor_spawned":[8,9,13,14,15,21,23,26,38,48,49],"ascension_level":0}}