{"host":"sum4dy402bbv9y4o","time":1612471209,"event":{"mods":["Aspiration","BaseMod","Conspire","Highlight Path","Minty Spire (QoL Compilation)","StSLib"],"gold_per_floor":[18,37,57,74,74,74,93,123,123,123,123,18,37,49,49,121,121,135,55,73,73,73,73,403,413,437,437,454,454,465,494,494,494,494],"floor_reached":33,"language":"ENG","playtime":1216,"items_purged":["conspire:GhostlyStrike"],"score":703,"play_id":"c07b9b3b-98c2-4091-bb49-50aa2304eba7","local_time":"20210204234009","is_ascension_mode":true,"campfire_choices":[{"data":"Eruption","floor":6,"key":"SMITH"},{"data":"WaveOfTheHand","floor":11,"key":"SMITH"},{"data":"MentalFortress","floor":15,"key":"SMITH"},{"data":"SashWhip","floor":23,"key":"SMITH"},{"floor":29,"key":"REST"},{"data":"Venomology","floor":32,"key":"SMITH"}],"circlet_count":0,"master_deck":["AscendersBane","conspire:GhostlyStrike","conspire:GhostlyStrike","conspire:GhostlyDefend","conspire:GhostlyDefend","conspire:GhostlyDefend","Eruption+1","Vigilance+1","DeceiveReality","WaveOfTheHand+1","CarveReality","Halt+1","FearNoEvil","FlurryOfBlows","LikeWater","SashWhip+1","Consecrate","MentalFortress+1","EmptyFist","Dash","FlurryOfBlows+1","Shame","Masterful Stab","FlurryOfBlows","Decay","FlurryOfBlows","Venomology+1"],"relics":["PureWater","War Paint","aspiration:FrozenJewel","aspiration:ChemicalBlood","aspiration:SilentSkillbook","MutagenicStrength","Pen Nib","Old Coin","Tiny Chest","PreservedInsect"],"acts_visited":["Exordium","TheCity"],"potions_floor_usage":[4,8,20,24,24,30,31,33,33,33],"damage_taken":[{"damage":0,"enemies":"Cultist","floor":1,"turns":3},{"damage":0,"enemies":"Small Slimes","floor":2,"turns":1},{"damage":6,"enemies":"2 Louse","floor":3,"turns":4},{"damage":0,"enemies":"Looter","floor":4,"turns":1},{"damage":0,"enemies":"Large Slime","floor":7,"turns":3},{"damage":0,"enemies":"Lagavulin","floor":8,"turns":2},{"damage":7,"enemies":"Blue Slaver","floor":13,"turns":4},{"damage":0,"enemies":"Exordium Wildlife","floor":14,"turns":3},{"damage":16,"enemies":"Hexaghost","floor":16,"turns":8},{"damage":0,"enemies":"2 Thieves","floor":18,"turns":4},{"damage":13,"enemies":"Shell Parasite","floor":20,"turns":2},{"damage":16,"enemies":"Gremlin Leader","floor":24,"turns":4},{"damage":2,"enemies":"Cultist and Chosen","floor":25,"turns":5},{"damage":0,"enemies":"3 Cultists","floor":28,"turns":4},{"damage":7,"enemies":"Centurion and Healer","floor":30,"turns":5},{"damage":0,"enemies":"Slavers","floor":31,"turns":3},{"damage":47,"enemies":"Collector","floor":33,"turns":9}],"seed_played":"8355368321083004649","potions_obtained":[{"floor":1,"key":"Ancient Potion"},{"floor":3,"key":"SteroidPotion"},{"floor":7,"key":"FearPotion"},{"floor":13,"key":"StancePotion"},{"floor":16,"key":"PowerPotion"},{"floor":24,"key":"FearPotion"},{"floor":25,"key":"Energy Potion"},{"floor":30,"key":"Block Potion"}],"is_trial":false,"path_per_floor":["M","M","M","M","?","R","M","E","T","?","R","$","M","M","R","B",null,"M","$","M","?","?","R","E","M","T","?","M","R","M","E","R","B"],"character_chosen":"WATCHER","items_purchased":["SashWhip","Dash"],"campfire_rested":1,"item_purchase_floors":[12,19],"current_hp_per_floor":[61,61,55,55,55,55,55,55,55,44,44,44,37,37,37,21,56,56,56,43,43,43,43,27,25,25,25,25,45,38,38,38,0,0],"gold":494,"neow_bonus":"TRANSFORM_TWO_CARDS","is_daily":false,"chose_seed":false,"campfire_upgraded":5,"win_rate":0.0,"timestamp":1612471209,"path_taken":["M","M","M","?","?","R","M","E","T","?","R","$","M","M","R","BOSS","M","$","M","?","?","R","E","M","T","?","M","R","M","E","R","BOSS"],"items_purchased_type":["Card","Card"],"build_version":"2020-12-22","purchased_purges":1,"victory":false,"max_hp_per_floor":[68,68,68,68,68,68,68,68,68,68,68,68,68,68,68,68,68,68,68,68,68,68,68,68,68,68,68,68,68,68,68,68,68,68],"card_choices":[{"not_picked":["Study","FlyingSleeves"],"picked":"CarveReality","floor":1},{"not_picked":["InnerPeace","EmptyFist"],"picked":"Halt","floor":2},{"not_picked":["CutThroughFate","FlyingSleeves"],"picked":"FearNoEvil","floor":3},{"not_picked":["JustLucky","WreathOfFlame"],"picked":"FlurryOfBlows","floor":4},{"not_picked":["Wireheading","Crescendo","PathToVictory"],"picked":"SKIP","floor":7},{"not_picked":["Consecrate","MasterReality"],"picked":"LikeWater","floor":8},{"not_picked":["FollowUp","Crescendo"],"picked":"Consecrate","floor":13},{"not_picked":["FlurryOfBlows","Pray"],"picked":"MentalFortress","floor":14},{"not_picked":["Dagger Throw","Indignation","EmptyBody+1"],"picked":"EmptyFist","floor":18},{"not_picked":["Tactician","Quick Slash","Poisoned Stab"],"picked":"FlurryOfBlows+1","floor":20},{"not_picked":["Expertise","Nirvana","Scrawl"],"picked":"Masterful Stab","floor":24},{"not_picked":["ForeignInfluence","Slice","Reflex"],"picked":"FlurryOfBlows","floor":25},{"not_picked":["BowlingBash","Prostrate","Noxious Fumes"],"picked":"FlurryOfBlows","floor":28},{"not_picked":["JustLucky","Tactician+1","Sanctity","Halt"],"picked":"SKIP","floor":30},{"not_picked":["Prostrate","Collect+1","ThirdEye"],"picked":"Venomology","floor":31}],"player_experience":3040660,"relics_obtained":[{"floor":8,"key":"War Paint"},{"floor":9,"key":"aspiration:FrozenJewel"},{"floor":24,"key":"Old Coin"},{"floor":26,"key":"Tiny Chest"},{"floor":31,"key":"PreservedInsect"}],"event_choices":[{"damage_healed":0,"gold_gain":0,"player_choice":"Agree","damage_taken":0,"max_hp_gain":0,"max_hp_loss":0,"event_name":"conspire:LoneGhost","floor":5,"gold_loss":0},{"damage_healed":0,"gold_gain":0,"player_choice":"Success","damage_taken":11,"relics_obtained":["aspiration:ChemicalBlood"],"max_hp_gain":0,"max_hp_loss":0,"event_name":"Scrap Ooze","floor":10,"gold_loss":0},{"damage_healed":0,"gold_gain":0,"player_choice":"Inject Mutagens","damage_taken":0,"relics_obtained":["MutagenicStrength"],"max_hp_gain":0,"max_hp_loss":0,"event_name":"Drug Dealer","floor":21,"gold_loss":0},{"damage_healed":0,"gold_gain":0,"player_choice":"Stole Relic","damage_taken":0,"relics_obtained":["Pen Nib"],"max_hp_gain":0,"max_hp_loss":0,"event_name":"Addict","floor":22,"gold_loss":0,"cards_obtained":["Shame"]},{"damage_healed":0,"gold_gain":0,"player_choice":"Smashed Altar","damage_taken":0,"max_hp_gain":0,"max_hp_loss":0,"event_name":"Forgotten Altar","floor":27,"gold_loss":0,"cards_obtained":["Decay"]}],"is_beta":false,"boss_relics":[{"not_picked":["Sozu","conspire:SlowCooker"],"picked":"aspiration:SilentSkillbook"}],"items_purged_floors":[12],"is_endless":false,"potions_floor_spawned":[1,3,7,13,18,25,30],"killed_by":"Collector","ascension_level":20}}