{"host":"nsc6ozq3atyrdr3m","time":1612470774,"event":{"mods":["BaseMod","Colored Map","Minty Spire (QoL Compilation)"],"gold_per_floor":[117,127,7,25,25,25,38,38,38,38,1,11,26,46,46,46,46],"floor_reached":16,"language":"FRA","playtime":280,"items_purged":[],"score":188,"play_id":"31d78353-3846-45a0-8340-388b759107ec","local_time":"20210204213254","is_ascension_mode":true,"campfire_choices":[{"data":"Rupture","floor":6,"key":"SMITH"},{"floor":8,"key":"REST"},{"data":"Sword Boomerang","floor":10,"key":"SMITH"},{"floor":15,"key":"REST"}],"circlet_count":0,"master_deck":["AscendersBane","Strike_R","Strike_R","Strike_R","Strike_R","Strike_R","Defend_R","Defend_R","Defend_R","Bash","Thunderclap","Pommel Strike","Rupture+1","Hemokinesis","Heavy Blade","Sword Boomerang+1","Dual Wield","Limit Break","Headbutt"],"relics":["Sozu","Incense Burner"],"acts_visited":["Exordium"],"potions_floor_usage":[],"damage_taken":[{"damage":2,"enemies":"Cultist","floor":1,"turns":4},{"damage":6,"enemies":"2 Louse","floor":2,"turns":2},{"damage":0,"enemies":"Small Slimes","floor":4,"turns":3},{"damage":24,"enemies":"Exordium Thugs","floor":7,"turns":3},{"damage":4,"enemies":"3 Louse","floor":12,"turns":2},{"damage":9,"enemies":"Large Slime","floor":13,"turns":3},{"damage":4,"enemies":"Exordium Wildlife","floor":14,"turns":4},{"damage":65,"enemies":"The Guardian","floor":16,"turns":5}],"seed_played":"-1008953781688332855","potions_obtained":[],"is_trial":false,"path_per_floor":["M","M","$","M","?","R","M","R","T","R","$","M","M","M","R","B"],"character_chosen":"IRONCLAD","items_purchased":["Rupture","Hemokinesis","Dual Wield"],"campfire_rested":2,"item_purchase_floors":[3,3,11],"current_hp_per_floor":[66,60,60,60,60,60,36,58,58,58,58,54,45,41,63,0,0],"gold":46,"neow_bonus":"BOSS_RELIC","is_daily":false,"chose_seed":false,"campfire_upgraded":2,"win_rate":0.0,"timestamp":1612470774,"path_taken":["M","?","$","M","?","R","M","R","T","R","?","M","M","M","R","BOSS"],"items_purchased_type":["Card","Card","Card"],"build_version":"2020-12-22","purchased_purges":0,"victory":false,"max_hp_per_floor":[75,75,75,75,75,75,75,75,75,75,75,75,75,75,75,75,75],"card_choices":[{"not_picked":["Wild Strike","Armaments"],"picked":"Thunderclap","floor":1},{"not_picked":["Cleave","Perfected Strike"],"picked":"Pommel Strike","floor":2},{"not_picked":["Havoc","Anger"],"picked":"Heavy Blade","floor":4},{"not_picked":["Hemokinesis","Sentinel"],"picked":"Sword Boomerang","floor":7},{"not_picked":["True Grit","Cleave","Metallicize"],"picked":"SKIP","floor":12},{"not_picked":["Heavy Blade","Hemokinesis"],"picked":"Limit Break","floor":13},{"not_picked":["Uppercut","Clash"],"picked":"Headbutt","floor":14}],"player_experience":376976,"relics_obtained":[{"floor":9,"key":"Incense Burner"}],"event_choices":[{"cards_removed":["Defend_R"],"damage_healed":0,"gold_gain":0,"player_choice":"Purged","damage_taken":0,"max_hp_gain":0,"max_hp_loss":0,"event_name":"Purifier","floor":5,"gold_loss":0}],"is_beta":false,"boss_relics":[],"items_purged_floors":[],"is_endless":false,"potions_floor_spawned":[4,7,13,14],"killed_by":"The Guardian","ascension_level":20}}