{"host":"4ih4fq53sefgqhvb","time":1612482876,"event":{"mods":["AchievementEnabler","Aspiration","Bard","BaseMod","BetterRewards","Colored Map","Colored Powertips","Conspire","Downfall","Googly Eyes","Hermit","Highlight Path","Hubris","Infinite Spire","Jedi Mod","Jorbs\u0027s Wanderer Trilogy","Marisa????????","Mimic Mod","Minty Spire (QoL Compilation)","Quick Restart","Relic Stats","Replay The Spire","Shop Mod","StSLib","The Animator","The Cursed","The Disciple","The Jungle","The Runesmith","The Servant 0.9.4"],"gold_per_floor":[99,113,13,25,25,52,77,77,77,77,77,91,53,73,84,180,180,80,80,91,109,124,136,136,164,174,174,174,174],"floor_reached":27,"language":"ENG","playtime":1449,"items_purged":[],"score":235,"play_id":"7ec5babb-1dcd-4a70-a533-de863879b0fd","local_time":"20210204155436","is_ascension_mode":false,"campfire_choices":[{"floor":1,"key":"RECALL"},{"floor":9,"key":"REST"},{"floor":11,"key":"REST"},{"floor":18,"key":"REST"}],"circlet_count":0,"master_deck":["bronze:Strike","bronze:Strike","bronze:Strike","bronze:Strike","bronze:Defend","bronze:Defend","bronze:Defend","bronze:Defend","bronze:Replicate+1","bronze:Goto","The Bomb","bronze:DelayedSlice","Ghostly","bronze:OilSpill","bronze:BitShift+1","bronze:ItsAFeature","bronze:FineTuning","bronze:FineTuning+1","bronze:DelayedGuard","bronze:DelayedSlice","bronze:Mutator","bronze:BugBarrage","bronze:Shield","bronze:MaxOutput","bronze:ClassDefault+1","bronze:GetLatest+1","bronze:ForceShield+1"],"relics":["bronze:BronzeCore","hubris:CuriousFeather","hubris:Towel","Fusion Hammer","downfall:HeartBlessingRed","hubris:MysteriousPyramids","aspiration:HatOfInfinitePower"],"acts_visited":["Exordium","TheCity"],"potions_floor_usage":[13,23,25,25,26],"damage_taken":[{"damage":3,"enemies":"Jaw Worm","floor":2,"turns":5},{"damage":4,"enemies":"2 Louse","floor":4,"turns":3},{"damage":23,"enemies":"3 Sentries","floor":6,"turns":5},{"damage":2,"enemies":"Small Slimes","floor":12,"turns":3},{"damage":0,"enemies":"downfall:FleeingMerchant","floor":13,"turns":4},{"damage":0,"enemies":"3 Louse","floor":14,"turns":4},{"damage":2,"enemies":"Exordium Wildlife","floor":15,"turns":4},{"damage":15,"enemies":"SI_SHIV_ARCHETYPE","floor":16,"turns":6},{"damage":2,"enemies":"Spheric Guardian","floor":20,"turns":4},{"damage":12,"enemies":"Chosen","floor":21,"turns":4},{"damage":0,"enemies":"Snake Plant","floor":22,"turns":3},{"damage":4,"enemies":"3 Cultists","floor":23,"turns":4},{"damage":30,"enemies":"Book of Stabbing","floor":25,"turns":4},{"damage":12,"enemies":"Centurion and Healer","floor":26,"turns":4},{"damage":2,"enemies":"Nightmare","floor":27,"turns":2}],"seed_played":"2767073089339232472","potions_obtained":[{"floor":12,"key":"FearPotion"},{"floor":14,"key":"jedi:tentaclejuice"},{"floor":16,"key":"Explosive Potion"},{"floor":21,"key":"FearPotion"},{"floor":23,"key":"Swift Potion"},{"floor":26,"key":"SteroidPotion"}],"is_trial":false,"path_per_floor":["R","M","?","M","?","E","T","?","R","?","R","M","$","M","M","B",null,"R","?","M","M","M","M","T","E","M","NM"],"character_chosen":"THE_AUTOMATON","items_purchased":["bronze:FineTuning"],"campfire_rested":3,"item_purchase_floors":[13],"current_hp_per_floor":[49,46,46,42,42,19,19,19,40,40,61,59,59,59,57,42,70,70,62,60,48,48,44,44,14,2,0,0,0],"gold":174,"neow_bonus":"RANDOM_COLORLESS_2","is_daily":false,"chose_seed":false,"campfire_upgraded":0,"win_rate":0.0,"timestamp":1612482876,"path_taken":["R","M","?","M","?","E","T","?","R","?","R","M","$","?","M","BOSS","R","?","M","?","?","M","T","E","M","NM"],"items_purchased_type":["Card"],"build_version":"2020-12-22","purchased_purges":0,"victory":false,"max_hp_per_floor":[70,70,70,70,70,70,70,70,70,70,70,70,70,70,70,70,70,70,70,70,70,70,70,70,70,70,70,70,70],"relic_stats":{"counters":[15,59],"obtain_stats":[{"bronze:BronzeCore":0,"downfall:HeartBlessingRed":18,"hubris:CuriousFeather":6,"Fusion Hammer":17,"hubris:Towel":10,"hubris:MysteriousPyramids":24,"aspiration:HatOfInfinitePower":25},{"bronze:BronzeCore":0,"downfall:HeartBlessingRed":8,"hubris:CuriousFeather":3,"Fusion Hammer":8,"hubris:Towel":3,"hubris:MysteriousPyramids":12,"aspiration:HatOfInfinitePower":13},{"bronze:BronzeCore":0,"downfall:HeartBlessingRed":34,"hubris:CuriousFeather":13,"Fusion Hammer":34,"hubris:Towel":13,"hubris:MysteriousPyramids":49,"aspiration:HatOfInfinitePower":53}]},"card_choices":[{"not_picked":["Secret Technique","Master of Strategy"],"picked":"The Bomb","floor":0},{"not_picked":["bronze:Allocate","bronze:Constructor"],"picked":"bronze:DelayedSlice","floor":2},{"not_picked":["bronze:WildBeam","bronze:Shield"],"picked":"bronze:OilSpill","floor":4},{"not_picked":["bronze:Deprecate","bronze:Turbo"],"picked":"bronze:BitShift","floor":6},{"not_picked":["bronze:ForceShield","bronze:ForLoop"],"picked":"bronze:ItsAFeature","floor":12},{"not_picked":["bronze:Repulsor","bronze:Shield"],"picked":"bronze:FineTuning","floor":13},{"not_picked":["bronze:CutThrough","bronze:DarkDash"],"picked":"bronze:DelayedGuard","floor":14},{"not_picked":["bronze:Shield","bronze:WildBeam"],"picked":"bronze:DelayedSlice","floor":15},{"not_picked":["bronze:HardenedForm","bronze:Verify"],"picked":"bronze:Mutator","floor":16},{"not_picked":["bronze:Allocate","bronze:Overheat"],"picked":"bronze:BugBarrage","floor":20},{"not_picked":["bronze:Frontload","bronze:Separator"],"picked":"bronze:Shield","floor":21},{"not_picked":["bronze:Branch","bronze:Allocate"],"picked":"bronze:MaxOutput","floor":22},{"not_picked":["bronze:DelayedGuard","bronze:ChosenStrike"],"picked":"bronze:ClassDefault+1","floor":23},{"not_picked":["bronze:Fortify","bronze:BronzeArmor+1"],"picked":"bronze:GetLatest+1","floor":25},{"not_picked":["bronze:Constructor","bronze:Invalidate"],"picked":"bronze:ForceShield+1","floor":26}],"player_experience":995300,"relics_obtained":[{"floor":6,"key":"hubris:CuriousFeather"},{"floor":24,"key":"hubris:MysteriousPyramids"},{"floor":25,"key":"aspiration:HatOfInfinitePower"}],"event_choices":[{"damage_healed":0,"gold_gain":0,"player_choice":"Argue","damage_taken":0,"max_hp_gain":0,"max_hp_loss":0,"event_name":"conspire:LoneGhost","floor":3,"gold_loss":0},{"damage_healed":0,"gold_gain":0,"player_choice":"Leave","damage_taken":0,"max_hp_gain":0,"max_hp_loss":0,"event_name":"conspire:Investor","floor":5,"gold_loss":0},{"damage_healed":0,"gold_gain":0,"player_choice":"Grow","damage_taken":0,"max_hp_gain":0,"max_hp_loss":0,"event_name":"Living Wall","floor":8,"gold_loss":0,"cards_upgraded":["bronze:BitShift"]}],"is_beta":false,"boss_relics":[{"not_picked":["Empty Cage","aspiration:RunesmithSkillbook"],"picked":"Fusion Hammer"}],"items_purged_floors":[],"is_endless":false,"potions_floor_spawned":[12,14,16,21,23,26],"killed_by":"Nightmare","ascension_level":0}}