{"host":"0mk07bycsqo1qk03","time":1612431685,"event":{"mods":["BaseMod","Downfall","Hermit","Hubris","Minty Spire (QoL Compilation)","Replay The Spire","StSLib","The Cursed"],"gold_per_floor":[112,112,112,128,128,157,157,183,183,183,209,175,175,190,190,190,190],"floor_reached":16,"language":"ENG","playtime":349,"items_purged":[],"score":286,"play_id":"03c436b1-45be-4ac9-84a2-a1339ee7f507","local_time":"20210204104125","is_ascension_mode":true,"campfire_choices":[{"data":"Uppercut","floor":7,"key":"SMITH"},{"data":"Bash","floor":13,"key":"SMITH"},{"data":"True Grit","floor":15,"key":"SMITH"}],"circlet_count":0,"master_deck":["AscendersBane","Strike_R","Strike_R","Strike_R+1","Strike_R","Defend_R+1","Defend_R+1","Defend_R+1","Defend_R","Bash+1","Uppercut+1","ReplayTheSpireMod:Strike From Hell","hubris:ReadiedAction","Iron Wave","ReplayTheSpireMod:Stacked","True Grit+1","hubris:NaturalOne"],"relics":["Burning Blood","NeowsBlessing","Juzu Bracelet","Counterbalance","hubris:CrystalStatue","hubris:Icosahedron","War Paint"],"acts_visited":["Exordium"],"potions_floor_usage":[8],"damage_taken":[{"damage":0,"enemies":"Small Slimes","floor":1,"turns":1},{"damage":0,"enemies":"Jaw Worm","floor":4,"turns":1},{"damage":0,"enemies":"Lagavulin","floor":6,"turns":1},{"damage":1,"enemies":"Replay:BlueRogue","floor":8,"turns":6},{"damage":12,"enemies":"Lagavulin","floor":11,"turns":6},{"damage":1,"enemies":"Cultist","floor":12,"turns":3},{"damage":1,"enemies":"Blue Slaver","floor":14,"turns":3},{"damage":39,"enemies":"Slime Boss","floor":16,"turns":11}],"seed_played":"6551488864209036972","potions_obtained":[{"floor":4,"key":"hexamod:SoulburnPotion"},{"floor":6,"key":"SteroidPotion"},{"floor":11,"key":"Venom Potion"}],"is_trial":false,"path_per_floor":["M","?","?","M","$","E","R","E","T","?","E","M","R","M","R","B"],"character_chosen":"IRONCLAD","items_purchased":[],"campfire_rested":0,"item_purchase_floors":[],"current_hp_per_floor":[74,51,51,57,57,63,63,68,68,68,62,67,67,72,72,33,33],"gold":190,"neow_bonus":"THREE_ENEMY_KILL","is_daily":false,"chose_seed":false,"campfire_upgraded":3,"win_rate":0.0,"timestamp":1612431685,"path_taken":["M","?","?","M","$","E","R","E","T","?","E","M","R","M","R","BOSS"],"items_purchased_type":[],"build_version":"2020-12-22","purchased_purges":0,"victory":false,"max_hp_per_floor":[75,75,75,75,75,75,75,75,75,75,75,75,75,75,75,75,75],"card_choices":[{"not_picked":["Shrug It Off","Life Link"],"picked":"Uppercut","floor":1},{"not_picked":["Flex","Defy Death"],"picked":"ReplayTheSpireMod:Strike From Hell","floor":4},{"not_picked":["Feel No Pain","Flex"],"picked":"hubris:ReadiedAction","floor":6},{"not_picked":["ReplayTheSpireMod:Strike From Hell","hubris:CleavingFinish"],"picked":"Iron Wave","floor":8},{"not_picked":["hubris:ReadiedAction","Massacre"],"picked":"ReplayTheSpireMod:Stacked","floor":11},{"not_picked":["Anger","Limit Break","Run Through"],"picked":"SKIP","floor":12},{"not_picked":["Pommel Strike","Havoc"],"picked":"True Grit","floor":14}],"player_experience":1000897,"relics_obtained":[{"floor":6,"key":"Juzu Bracelet"},{"floor":8,"key":"Counterbalance"},{"floor":9,"key":"hubris:CrystalStatue"},{"floor":11,"key":"War Paint"}],"event_choices":[{"damage_healed":0,"gold_gain":0,"player_choice":"Entered Light","damage_taken":23,"max_hp_gain":0,"max_hp_loss":0,"event_name":"Shining Light","floor":2,"gold_loss":0,"cards_upgraded":["Defend_R","Strike_R"]},{"cards_removed":["Strike_R"],"damage_healed":0,"gold_gain":0,"player_choice":"Offered Basic","damage_taken":0,"max_hp_gain":0,"max_hp_loss":0,"event_name":"Bonfire Elementals","floor":3,"gold_loss":0}],"is_beta":false,"boss_relics":[],"items_purged_floors":[],"is_endless":false,"potions_floor_spawned":[4,6,11],"killed_by":"Slime Boss","ascension_level":20}}