{"host":"6azrrw3tf7wb0f4b","time":1612441953,"event":{"mods":["BaseMod","DeckTracker","Minty Spire (QoL Compilation)","SuperFastMode"],"gold_per_floor":[114,124,124,136,61,61,92,92,92,92,112,127,144,219,219,291,291,302,352,363,363,363],"floor_reached":21,"language":"KOR","playtime":443,"items_purged":[],"score":326,"play_id":"05115e3c-8deb-4ce3-9199-247060c27bd9","local_time":"20210204213233","is_ascension_mode":true,"campfire_choices":[{"data":"Defragment","floor":6,"key":"SMITH"},{"data":"Zap","floor":8,"key":"SMITH"},{"data":"Coolheaded","floor":15,"key":"SMITH"}],"circlet_count":0,"master_deck":["AscendersBane","Strike_B","Strike_B","Strike_B","Defend_B","Defend_B","Defend_B","Defend_B","Zap+1","Dualcast+1","Cold Snap","Coolheaded+1","Reinforced Body","Consume","Defragment+1","Redo","Chill","Amplify","Leap+1"],"relics":["Cracked Core","Cables","DataDisk","Gambling Chip","SlaversCollar"],"acts_visited":["Exordium","TheCity"],"potions_floor_usage":[11],"damage_taken":[{"damage":1,"enemies":"2 Louse","floor":1,"turns":3},{"damage":1,"enemies":"Cultist","floor":2,"turns":3},{"damage":3,"enemies":"Jaw Worm","floor":4,"turns":5},{"damage":30,"enemies":"Gremlin Nob","floor":7,"turns":5},{"damage":0,"enemies":"Lots of Slimes","floor":11,"turns":1},{"damage":1,"enemies":"Looter","floor":12,"turns":3},{"damage":0,"enemies":"Blue Slaver","floor":13,"turns":3},{"damage":4,"enemies":"The Guardian","floor":16,"turns":13},{"damage":20,"enemies":"3 Byrds","floor":18,"turns":6},{"damage":0,"enemies":"Chosen","floor":20,"turns":4},{"damage":37,"enemies":"3 Cultists","floor":21,"turns":7}],"seed_played":"-1235218514126387715","potions_obtained":[{"floor":1,"key":"Explosive Potion"},{"floor":7,"key":"Explosive Potion"},{"floor":12,"key":"SneckoOil"}],"is_trial":false,"path_per_floor":["M","M","?","M","$","R","E","R","T","?","M","M","M","?","R","B",null,"M","?","M","M"],"character_chosen":"DEFECT","items_purchased":["Defragment"],"campfire_rested":0,"item_purchase_floors":[5],"current_hp_per_floor":[63,62,62,59,59,59,29,29,29,29,29,28,28,17,17,13,57,37,37,37,0,0],"gold":363,"neow_bonus":"UPGRADE_CARD","is_daily":false,"chose_seed":false,"campfire_upgraded":3,"win_rate":0.0,"timestamp":1612441953,"path_taken":["M","M","?","?","?","R","E","R","T","?","?","M","M","?","R","BOSS","M","?","M","?"],"items_purchased_type":["Card"],"build_version":"2020-12-22","purchased_purges":0,"victory":false,"max_hp_per_floor":[71,71,71,71,71,71,71,71,71,71,71,71,71,71,71,71,71,71,71,71,71,71],"card_choices":[{"not_picked":["Aggregate","Go for the Eyes"],"picked":"Cold Snap","floor":1},{"not_picked":["Conserve Battery","Beam Cell"],"picked":"Coolheaded","floor":2},{"not_picked":["Recycle","Beam Cell"],"picked":"Consume","floor":4},{"not_picked":["Stack","Gash","Scrape"],"picked":"SKIP","floor":7},{"not_picked":["Rebound","Cold Snap","Consume"],"picked":"SKIP","floor":11},{"not_picked":["Gash","Leap"],"picked":"Redo","floor":12},{"not_picked":["Conserve Battery","Skim"],"picked":"Chill","floor":13},{"not_picked":["Seek","Echo Form"],"picked":"Amplify","floor":16},{"not_picked":["Compile Driver","Barrage+1"],"picked":"Leap+1","floor":18},{"not_picked":["Coolheaded","Leap","Steam Power"],"picked":"SKIP","floor":20}],"player_experience":760162,"relics_obtained":[{"floor":7,"key":"Cables"},{"floor":9,"key":"DataDisk"}],"event_choices":[{"damage_healed":0,"gold_gain":0,"cards_transformed":["Strike_B"],"player_choice":"Transformed","damage_taken":0,"max_hp_gain":0,"max_hp_loss":0,"event_name":"Transmorgrifier","floor":3,"gold_loss":0,"cards_obtained":["Reinforced Body"]},{"damage_healed":0,"gold_gain":0,"player_choice":"Gave Potion","damage_taken":0,"relics_obtained":["Gambling Chip"],"max_hp_gain":0,"max_hp_loss":0,"event_name":"WeMeetAgain","floor":10,"gold_loss":0},{"damage_healed":0,"gold_gain":75,"player_choice":"Gather Gold","damage_taken":11,"max_hp_gain":0,"max_hp_loss":0,"event_name":"World of Goop","floor":14,"gold_loss":0},{"damage_healed":0,"gold_gain":100,"player_choice":"Bet on Murderer","damage_taken":0,"max_hp_gain":0,"max_hp_loss":0,"event_name":"The Joust","floor":19,"gold_loss":50}],"is_beta":false,"boss_relics":[{"not_picked":["Black Star","Coffee Dripper"],"picked":"SlaversCollar"}],"items_purged_floors":[],"is_endless":false,"potions_floor_spawned":[1,7,12],"killed_by":"3 Cultists","ascension_level":16}}