{"host":"sav7uxregyirlf69","time":1612443340,"event":{"mods":["AchievementEnabler","BaseMod","Colored Map","DeckTracker","Keyboard Shortcuts","Minty Spire (QoL Compilation)","READ ME - Guardian Mod","StSLib","SuperFastMode"],"gold_per_floor":[112,126,51,51,62,95,95,111,159,159,174,174,213,213,213,213,213],"floor_reached":16,"language":"KOR","playtime":298,"items_purged":["Strike_G"],"score":220,"play_id":"20453276-c228-4b54-9909-867fdecadab7","local_time":"20210204215540","is_ascension_mode":true,"campfire_choices":[{"data":"Crippling Poison","floor":7,"key":"SMITH"},{"data":"Predator","floor":12,"key":"SMITH"},{"floor":15,"key":"REST"}],"circlet_count":0,"master_deck":["AscendersBane","Strike_G","Strike_G","Strike_G","Defend_G","Defend_G","Defend_G","Survivor","Neutralize","Blade Dance","Poisoned Stab","Blade Dance","Crippling Poison+1","Predator+1","Bane"],"relics":["Ring of the Snake","Pear","Bag of Marbles","Golden Idol","Akabeko"],"acts_visited":["Exordium"],"potions_floor_usage":[6],"damage_taken":[{"damage":3,"enemies":"Cultist","floor":1,"turns":4},{"damage":5,"enemies":"Jaw Worm","floor":2,"turns":3},{"damage":0,"enemies":"2 Louse","floor":5,"turns":2},{"damage":29,"enemies":"Gremlin Nob","floor":6,"turns":4},{"damage":2,"enemies":"2 Fungi Beasts","floor":8,"turns":3},{"damage":0,"enemies":"Lots of Slimes","floor":11,"turns":3},{"damage":28,"enemies":"3 Sentries","floor":13,"turns":5},{"damage":24,"enemies":"Hexaghost","floor":16,"turns":7}],"seed_played":"906130910315023677","potions_obtained":[{"floor":5,"key":"Weak Potion"},{"floor":6,"key":"SmokeBomb"},{"floor":13,"key":"Ancient Potion"}],"is_trial":false,"path_per_floor":["M","M","$","?","M","E","R","M","T","?","M","R","E","?","R","B"],"character_chosen":"THE_SILENT","items_purchased":[],"campfire_rested":1,"item_purchase_floors":[],"current_hp_per_floor":[56,51,51,51,51,32,32,30,30,30,30,30,2,2,20,0,0],"gold":213,"neow_bonus":"REMOVE_TWO","is_daily":false,"chose_seed":false,"campfire_upgraded":2,"win_rate":0.0,"timestamp":1612443340,"path_taken":["M","?","$","?","M","E","R","?","T","?","M","R","E","?","R","BOSS"],"items_purchased_type":[],"build_version":"2020-12-22","purchased_purges":1,"victory":false,"max_hp_per_floor":[60,60,60,60,60,70,70,70,70,63,63,63,63,63,63,63,63],"card_choices":[{"not_picked":["Quick Slash","Flying Knee"],"picked":"Blade Dance","floor":1},{"not_picked":["All Out Attack","Quick Slash"],"picked":"Poisoned Stab","floor":2},{"not_picked":["Calculated Gamble","Predator"],"picked":"Blade Dance","floor":5},{"not_picked":["Endless Agony","Flying Knee"],"picked":"Crippling Poison","floor":6},{"not_picked":["Poisoned Stab","Blade Dance"],"picked":"Predator","floor":8},{"not_picked":["Underhanded Strike","Quick Slash","Endless Agony"],"picked":"SKIP","floor":11},{"not_picked":["Burst","Dash"],"picked":"Bane","floor":13}],"player_experience":1487468,"relics_obtained":[{"floor":6,"key":"Pear"},{"floor":9,"key":"Bag of Marbles"},{"floor":13,"key":"Akabeko"}],"event_choices":[{"cards_removed":["Defend_G"],"damage_healed":0,"gold_gain":0,"player_choice":"Offered Basic","damage_taken":0,"max_hp_gain":0,"max_hp_loss":0,"event_name":"Bonfire Elementals","floor":4,"gold_loss":0},{"damage_healed":0,"gold_gain":0,"player_choice":"Lose Max HP","damage_taken":0,"relics_obtained":["Golden Idol"],"max_hp_gain":0,"max_hp_loss":7,"event_name":"Golden Idol","floor":10,"gold_loss":0},{"damage_healed":0,"gold_gain":0,"player_choice":"Searched \u00270\u0027 times","damage_taken":0,"max_hp_gain":0,"max_hp_loss":0,"event_name":"Dead Adventurer","floor":14,"gold_loss":0}],"is_beta":false,"boss_relics":[],"items_purged_floors":[3],"is_endless":false,"potions_floor_spawned":[5,6,13],"killed_by":"Hexaghost","ascension_level":20}}