{"host":"5w7hw1ne5h7avrl9","time":1612462869,"event":{"mods":["AchievementEnabler","BaseMod","Colored Map","Colored Powertips","Displayed Cursed Tome","Googly Eyes","Minty Spire (QoL Compilation)","SuperFastMode"],"gold_per_floor":[109,62,72,72,72,110,35,35,35,9,25,25,43,68,68,191,191,209,225,225,225,225],"floor_reached":21,"language":"ENG","playtime":812,"items_purged":[],"score":224,"play_id":"846238fd-59ab-4ab5-aa57-d0e22d04b31c","local_time":"20210204102109","is_ascension_mode":true,"campfire_choices":[{"data":"Consume","floor":8,"key":"SMITH"},{"data":"Scrape","floor":12,"key":"SMITH"},{"floor":15,"key":"REST"}],"circlet_count":0,"master_deck":["Strike_B","Strike_B","Strike_B","Defend_B","Defend_B","Defend_B","Zap","Dualcast","Gash","Streamline","Consume+1","Ball Lightning","Scrape+1","Ball Lightning","Ball Lightning","Lockon","Thunder Strike","Genetic Algorithm","Defragment"],"relics":["Cracked Core","Golden Idol","Omamori","Singing Bowl","Empty Cage","Nloth\u0027s Gift"],"acts_visited":["Exordium","TheCity"],"potions_floor_usage":[16,16,18,19],"damage_taken":[{"damage":0,"enemies":"Cultist","floor":1,"turns":1},{"damage":0,"enemies":"Jaw Worm","floor":3,"turns":1},{"damage":0,"enemies":"Lagavulin","floor":6,"turns":1},{"damage":0,"enemies":"Small Slimes","floor":11,"turns":2},{"damage":14,"enemies":"Red Slaver","floor":13,"turns":2},{"damage":22,"enemies":"Lots of Slimes","floor":14,"turns":3},{"damage":39,"enemies":"The Guardian","floor":16,"turns":10},{"damage":21,"enemies":"Shell Parasite","floor":18,"turns":4},{"damage":30,"enemies":"3 Byrds","floor":19,"turns":5},{"damage":33,"enemies":"Shelled Parasite and Fungi","floor":21,"turns":2}],"seed_played":"-253881581891890204","potions_obtained":[{"floor":13,"key":"Block Potion"},{"floor":14,"key":"SkillPotion"},{"floor":16,"key":"Block Potion"},{"floor":18,"key":"EssenceOfSteel"}],"is_trial":false,"path_per_floor":["M","$","M","$","?","E","$","R","T","$","M","R","M","M","R","B",null,"M","M","?","M"],"character_chosen":"DEFECT","items_purchased":["Streamline","Scrape","Ball Lightning"],"campfire_rested":1,"item_purchase_floors":[2,7,10],"current_hp_per_floor":[75,75,75,75,57,57,57,57,57,57,57,57,43,23,46,7,77,56,26,26,0,0],"gold":225,"neow_bonus":"THREE_ENEMY_KILL","is_daily":false,"chose_seed":false,"campfire_upgraded":2,"win_rate":0.0,"timestamp":1612462869,"path_taken":["M","$","M","$","?","E","$","R","T","?","M","R","M","M","R","BOSS","M","M","?","M"],"items_purchased_type":["Card","Card","Card"],"build_version":"2020-12-22","purchased_purges":0,"victory":false,"max_hp_per_floor":[75,75,75,75,75,75,75,75,75,75,75,75,75,77,77,77,77,77,77,77,77,77],"card_choices":[{"not_picked":["Sweeping Beam","Chill"],"picked":"Gash","floor":1},{"not_picked":["Force Field","Compile Driver"],"picked":"Consume","floor":3},{"not_picked":["Beam Cell","Fission"],"picked":"Ball Lightning","floor":6},{"not_picked":["Hello World","Barrage"],"picked":"Ball Lightning","floor":11},{"not_picked":["Reinforced Body","Sweeping Beam"],"picked":"Lockon","floor":13},{"not_picked":["BootSequence","Ball Lightning","Darkness"],"picked":"Singing Bowl","floor":14},{"not_picked":["Biased Cognition","Rainbow"],"picked":"Thunder Strike","floor":16},{"not_picked":["Go for the Eyes","Steam"],"picked":"Genetic Algorithm","floor":18},{"not_picked":["Skim","Rebound"],"picked":"Defragment","floor":19}],"player_experience":194789,"relics_obtained":[{"floor":6,"key":"Omamori"},{"floor":9,"key":"Singing Bowl"}],"event_choices":[{"damage_healed":0,"gold_gain":0,"player_choice":"Take Damage","damage_taken":18,"relics_obtained":["Golden Idol"],"max_hp_gain":0,"max_hp_loss":0,"event_name":"Golden Idol","floor":5,"gold_loss":0},{"damage_healed":0,"gold_gain":0,"player_choice":"Traded Relic","damage_taken":0,"relics_obtained":["Nloth\u0027s Gift"],"max_hp_gain":0,"max_hp_loss":0,"event_name":"N\u0027loth","floor":20,"relics_lost":["NeowsBlessing"],"gold_loss":0}],"is_beta":false,"boss_relics":[{"not_picked":["Inserter","Runic Dome"],"picked":"Empty Cage"}],"items_purged_floors":[],"is_endless":false,"potions_floor_spawned":[13,14,16,18],"killed_by":"Shelled Parasite and Fungi","ascension_level":2}}