{"host":"k919bq8mkuzdqhzi","time":1612432854,"event":{"mods":["AchievementEnabler","BaseMod","Colored Map","Colored Powertips","DeckTracker","Minty Spire (QoL Compilation)","Relic Sorter","SuperFastMode"],"gold_per_floor":[115,40,40,57,57,88,88,122,122,122,22,51,51,62,62,157,157,170,189,189,189,64,64,264,264,291,306,320,339,339,264,264,360,360,379,84,103,117,93,93,105,105,131,131,131],"floor_reached":44,"language":"ENG","playtime":3105,"items_purged":["Strike_G","Strike_G","Strike_G","Defend_G"],"score":449,"play_id":"dc7ac7a1-b89b-4235-8237-94588e87417f","local_time":"20210204050054","is_ascension_mode":false,"campfire_choices":[{"data":"Finisher","floor":7,"key":"SMITH"},{"data":"Skewer","floor":10,"key":"SMITH"},{"floor":13,"key":"REST"},{"floor":15,"key":"REST"},{"data":"Footwork","floor":23,"key":"SMITH"},{"data":"Envenom","floor":25,"key":"SMITH"},{"floor":30,"key":"REST"},{"floor":32,"key":"REST"},{"data":"After Image","floor":40,"key":"SMITH"}],"circlet_count":0,"master_deck":["Defend_G","Defend_G+1","Defend_G","Defend_G","Survivor+1","Neutralize","Dagger Throw","Finisher+1","Caltrops","Skewer+1","Blur","Burst+1","Envenom+1","Cloak And Dagger+1","Footwork+1","RitualDagger","Outmaneuver+1","Poisoned Stab+1","Flechettes","After Image+1","Tactician+1","Dagger Spray","Bane","Terror"],"relics":["Ring of the Snake","NeowsBlessing","Question Card","Nunchaku","Pen Nib","Boot","Sozu","PreservedInsect","Runic Pyramid","War Paint","Regal Pillow"],"acts_visited":["Exordium","TheCity","TheBeyond"],"potions_floor_usage":[19,33,33],"damage_taken":[{"damage":0,"enemies":"Small Slimes","floor":1,"turns":1},{"damage":0,"enemies":"Jaw Worm","floor":4,"turns":1},{"damage":0,"enemies":"Lagavulin","floor":6,"turns":1},{"damage":13,"enemies":"Gremlin Nob","floor":8,"turns":5},{"damage":22,"enemies":"3 Sentries","floor":12,"turns":12},{"damage":0,"enemies":"2 Louse","floor":14,"turns":3},{"damage":13,"enemies":"Slime Boss","floor":16,"turns":11},{"damage":11,"enemies":"Spheric Guardian","floor":18,"turns":4},{"damage":3,"enemies":"Shell Parasite","floor":19,"turns":3},{"damage":13,"enemies":"Cultist and Chosen","floor":27,"turns":6},{"damage":19,"enemies":"Snake Plant","floor":28,"turns":5},{"damage":16,"enemies":"3 Cultists","floor":29,"turns":7},{"damage":22,"enemies":"Collector","floor":33,"turns":9},{"damage":14,"enemies":"Orb Walker","floor":35,"turns":4},{"damage":0,"enemies":"3 Darklings","floor":37,"turns":10},{"damage":0,"enemies":"Maw","floor":38,"turns":7},{"damage":51,"enemies":"4 Shapes","floor":41,"turns":5},{"damage":13,"enemies":"Spire Growth","floor":44,"turns":3}],"seed_played":"-4322890390625335257","potions_obtained":[{"floor":4,"key":"SkillPotion"},{"floor":6,"key":"Energy Potion"},{"floor":14,"key":"Energy Potion"}],"is_trial":false,"path_per_floor":["M","$","?","M","?","E","R","E","T","R","$","E","R","M","R","B",null,"M","M","?","?","$","R","?","R","T","M","M","M","R","?","R","B",null,"M","$","M","M","$","R","M","?","T","M"],"character_chosen":"THE_SILENT","items_purchased":["War Paint","Bane"],"campfire_rested":4,"item_purchase_floors":[36,39],"current_hp_per_floor":[70,70,63,63,49,49,49,36,36,36,36,14,35,35,56,43,70,59,56,70,64,64,64,64,64,64,51,32,16,37,37,58,36,70,56,56,56,56,56,56,5,5,5,0,0],"gold":131,"neow_bonus":"THREE_ENEMY_KILL","is_daily":false,"chose_seed":false,"campfire_upgraded":5,"win_rate":0.0,"timestamp":1612432854,"path_taken":["M","$","?","M","?","E","R","E","T","R","$","E","R","M","R","BOSS","M","M","?","?","?","R","?","R","T","?","M","?","R","?","R","BOSS","M","$","M","M","$","R","M","?","T","M"],"items_purchased_type":["Relic","Card"],"build_version":"2020-12-22","purchased_purges":4,"victory":false,"max_hp_per_floor":[70,70,70,70,70,70,70,70,70,70,70,70,70,70,70,70,70,70,70,70,70,70,70,70,70,70,70,70,70,70,70,70,70,70,70,70,70,70,70,70,70,70,70,70,70],"card_choices":[{"not_picked":["PiercingWail","Predator"],"picked":"Dagger Throw","floor":1},{"not_picked":["Reflex","Prepared"],"picked":"Finisher","floor":4},{"not_picked":["Prepared","Dagger Spray"],"picked":"Caltrops","floor":6},{"not_picked":["Well Laid Plans","Infinite Blades","Blade Dance"],"picked":"Skewer","floor":8},{"not_picked":["Deadly Poison","Dagger Throw","Acrobatics"],"picked":"Blur","floor":12},{"not_picked":["Deadly Poison","Underhanded Strike","Expertise"],"picked":"Burst","floor":14},{"not_picked":["Glass Knife","Storm of Steel","Bullet Time"],"picked":"Envenom","floor":16},{"not_picked":["Sucker Punch","Backflip","Reflex+1"],"picked":"Cloak And Dagger+1","floor":18},{"not_picked":["Terror","Riddle With Holes","Dodge and Roll+1"],"picked":"Footwork","floor":19},{"not_picked":["Underhanded Strike","Distraction","Backflip"],"picked":"Outmaneuver","floor":27},{"not_picked":["Finisher","Flying Knee","Dagger Spray"],"picked":"Poisoned Stab+1","floor":28},{"not_picked":["Backflip","Blur","Skewer+1"],"picked":"Flechettes","floor":29},{"not_picked":["Envenom","Wraith Form v2","Night Terror"],"picked":"After Image","floor":33},{"not_picked":["Deadly Poison","Acrobatics","Heel Hook+1"],"picked":"Tactician+1","floor":35},{"not_picked":["Skewer+1","Escape Plan","Eviscerate"],"picked":"Dagger Spray","floor":37},{"not_picked":["Endless Agony+1","Backflip","Quick Slash","Cloak And Dagger+1"],"picked":"SKIP","floor":38},{"not_picked":["Dodge and Roll+1","Bane","Endless Agony+1"],"picked":"Terror","floor":41}],"player_experience":83593,"relics_obtained":[{"floor":6,"key":"Question Card"},{"floor":8,"key":"Nunchaku"},{"floor":9,"key":"Pen Nib"},{"floor":12,"key":"Boot"},{"floor":26,"key":"PreservedInsect"},{"floor":43,"key":"Regal Pillow"}],"event_choices":[{"cards_removed":["Strike_G"],"damage_healed":0,"gold_gain":0,"player_choice":"Card Removal","damage_taken":7,"max_hp_gain":0,"max_hp_loss":0,"event_name":"Golden Wing","floor":3,"gold_loss":0},{"damage_healed":0,"gold_gain":0,"player_choice":"Entered Light","damage_taken":14,"max_hp_gain":0,"max_hp_loss":0,"event_name":"Shining Light","floor":5,"gold_loss":0,"cards_upgraded":["Survivor","Defend_G"]},{"damage_healed":23,"gold_gain":0,"player_choice":"Heal","damage_taken":0,"max_hp_gain":0,"max_hp_loss":0,"event_name":"The Library","floor":20,"gold_loss":0},{"damage_healed":0,"gold_gain":0,"player_choice":"Joined the Cult","damage_taken":6,"max_hp_gain":0,"max_hp_loss":0,"event_name":"Nest","floor":21,"gold_loss":0,"cards_obtained":["RitualDagger"]},{"damage_healed":0,"gold_gain":250,"player_choice":"Bet on Owner","damage_taken":0,"max_hp_gain":0,"max_hp_loss":0,"event_name":"The Joust","floor":24,"gold_loss":50},{"cards_removed":["Strike_G"],"damage_healed":0,"gold_gain":0,"player_choice":"Gave Gold","damage_taken":0,"max_hp_gain":0,"max_hp_loss":0,"event_name":"Beggar","floor":31,"gold_loss":75},{"damage_healed":0,"gold_gain":0,"player_choice":"Memory 1","damage_taken":0,"max_hp_gain":0,"max_hp_loss":0,"event_name":"SensoryStone","floor":42,"gold_loss":0}],"is_beta":false,"boss_relics":[{"not_picked":["Ectoplasm","Black Star"],"picked":"Sozu"},{"not_picked":["HoveringKite","Fusion Hammer"],"picked":"Runic Pyramid"}],"items_purged_floors":[2,11,22,36],"is_endless":false,"potions_floor_spawned":[4,6,14,27,28,33,38,41],"killed_by":"Spire Growth","ascension_level":0}}