{"host":"pletss163z7s8pvv","time":1612418048,"event":{"mods":["AchievementEnabler","BaseMod","Better Altar","Better Match","Better Note","Better Sensory Stone","Better Skull","Better Third Choice","BetterRewards","CapriCore","ChefMod","Colored Map","Colored Powertips","Conspire","Energized Spire","Evolution","GifTheSpireLib","Hermit","Ironclad Rager","Marked Mod","Minty Spire (QoL Compilation)","Retaliation","Spicy Shops","StS++","StSLib","The Alterego","The Blue Laboratory","The Cursed","The Disciple","The Forsaken"],"gold_per_floor":[110,130,142,217,217,243,256,270,296,316,316,360,377,36,36,148,175,200,227,227,227,248,248,20,20,45,45,74,102,102,27,27,136,136,159,159,456,477,506,506,565,590,636,636,657,25,25,51,51,51,51],"floor_reached":50,"language":"ENG","playtime":985,"items_purged":[],"score":631,"play_id":"983370e2-acf2-47d3-b64e-f2ec30ba21d5","local_time":"20210203235408","is_ascension_mode":false,"campfire_choices":[{"floor":11,"key":"REST"},{"floor":15,"key":"REST"},{"floor":23,"key":"RECALL"},{"data":"Caltrops","floor":30,"key":"SMITH"},{"floor":32,"key":"REST"},{"floor":40,"key":"REST"},{"floor":47,"key":"REST"},{"floor":49,"key":"REST"}],"circlet_count":0,"master_deck":["Dagger Spray","Dagger Spray+1","Dagger Spray","Dagger Spray","Defend_G","Defend_G","Defend_G","Defend_G","Survivor","Neutralize","StSpp:PoisonousPunch","Poisoned Stab","StSpp:PoisonousPunch","Dodge and Roll","Finisher","Crippling Poison","Bane","StSpp:PoisonousPunch","Bane","StSpp:SwitchWeapon","StSpp:CorrosivePoison+1","Glass Knife+1","Setup+1","StSpp:PoisonousPunch","Dagger Spray","Blade Dance+1","Accuracy","Blade Dance+1","PiercingWail","Riddle With Holes","Caltrops+1","Phantasmal Killer","Predator+1","Dagger Spray","Dagger Spray+1","Dagger Spray","Dagger Spray","Defend_G","Defend_G","Defend_G","Defend_G","Survivor","Neutralize","StSpp:PoisonousPunch","Poisoned Stab","StSpp:PoisonousPunch","Dodge and Roll","Finisher","Crippling Poison","Bane","StSpp:PoisonousPunch","Bane","StSpp:SwitchWeapon","StSpp:CorrosivePoison+1","Glass Knife+1","Setup+1","StSpp:PoisonousPunch","Dagger Spray","Blade Dance+1","Accuracy","Blade Dance+1","PiercingWail","Riddle With Holes","Caltrops+1","Phantasmal Killer","Predator+1","Blade Dance","Terror+1","Bane","Dagger Spray","After Image","Caltrops","Predator"],"relics":["Ring of the Snake","EVO:Axolotl","Snake Skull","Bag of Marbles","CeramicFish","TwistedFunnel","MealTicket","Astrolabe","CultistMask","DollysMirror","Happy Flower","HoveringKite","Akabeko","Shovel","Vajra","Lizard Tail","ClockworkSouvenir","Juzu Bracelet","Ornamental Fan"],"acts_visited":["Exordium","TheCity","TheBeyond"],"potions_floor_usage":[33,33,42,50,50,50],"damage_taken":[{"damage":0,"enemies":"Small Slimes","floor":1,"turns":2},{"damage":0,"enemies":"2 Louse","floor":2,"turns":1},{"damage":0,"enemies":"Cultist","floor":3,"turns":3},{"damage":24,"enemies":"Gremlin Nob","floor":6,"turns":4},{"damage":0,"enemies":"3 Louse","floor":7,"turns":1},{"damage":0,"enemies":"2 Fungi Beasts","floor":8,"turns":2},{"damage":8,"enemies":"Exordium Wildlife","floor":10,"turns":2},{"damage":26,"enemies":"Lagavulin","floor":12,"turns":5},{"damage":0,"enemies":"3 Louse","floor":13,"turns":1},{"damage":20,"enemies":"The Guardian","floor":16,"turns":8},{"damage":0,"enemies":"Chosen","floor":18,"turns":3},{"damage":0,"enemies":"3 Byrds","floor":19,"turns":2},{"damage":15,"enemies":"Centurion and Healer","floor":22,"turns":3},{"damage":6,"enemies":"Cultist and Chosen","floor":28,"turns":4},{"damage":22,"enemies":"Shelled Parasite and Fungi","floor":29,"turns":3},{"damage":12,"enemies":"Collector","floor":33,"turns":6},{"damage":10,"enemies":"Orb Walker","floor":35,"turns":2},{"damage":0,"enemies":"3 Darklings","floor":38,"turns":1},{"damage":18,"enemies":"4 Shapes","floor":39,"turns":1},{"damage":27,"enemies":"Mind Bloom Boss Battle","floor":41,"turns":5},{"damage":32,"enemies":"Sphere and 2 Shapes","floor":42,"turns":4},{"damage":0,"enemies":"3 Darklings","floor":45,"turns":1},{"damage":25,"enemies":"Maw","floor":48,"turns":4},{"damage":78,"enemies":"Time Eater","floor":50,"turns":6}],"seed_played":"3506743454767628011","potions_obtained":[{"floor":6,"key":"SteroidPotion"},{"floor":7,"key":"BlessingOfTheForge"},{"floor":10,"key":"blueLaboratory:HorrorPotion"},{"floor":12,"key":"Strength Potion"},{"floor":25,"key":"Poison Potion"},{"floor":35,"key":"Poison Potion"},{"floor":38,"key":"Strength Potion"},{"floor":48,"key":"SteroidPotion"}],"is_trial":false,"path_per_floor":["M","M","M","?","?","E","M","M","T","M","R","E","M","$","R","B",null,"M","M","?","?","M","R","$","?","T","$","M","M","R","$","R","B",null,"M","?","?","M","M","R","?","M","T","?","M","$","R","M","R","B"],"character_chosen":"THE_SILENT","items_purchased":["TwistedFunnel","MealTicket","StSpp:PoisonousPunch","Bane","Accuracy","DollysMirror","PiercingWail","Happy Flower","Lizard Tail","ClockworkSouvenir","Juzu Bracelet","Caltrops"],"campfire_rested":6,"item_purchase_floors":[14,14,14,14,24,24,24,31,46,46,46,46],"current_hp_per_floor":[70,70,70,59,63,39,39,39,39,31,52,26,26,26,47,27,70,70,70,70,70,55,55,70,70,70,70,64,42,42,57,70,58,70,60,60,60,60,42,63,36,4,4,4,4,19,40,15,36,0,0],"gold":51,"neow_bonus":"UPGRADE_CARD","is_daily":false,"chose_seed":false,"campfire_upgraded":1,"win_rate":0.0,"timestamp":1612418048,"path_taken":["M","M","M","?","?","E","M","M","T","M","R","E","M","$","R","BOSS","M","M","?","?","M","R","?","?","T","$","?","?","R","$","R","BOSS","M","?","?","M","?","R","?","M","T","?","M","$","R","M","R","BOSS"],"items_purchased_type":["Relic","Relic","Card","Card","Card","Relic","Card","Relic","Relic","Relic","Relic","Card"],"build_version":"2020-12-22","purchased_purges":0,"victory":false,"max_hp_per_floor":[70,70,70,70,70,70,70,70,70,70,70,70,70,70,70,70,70,70,70,70,70,70,70,70,70,70,70,70,70,70,70,70,70,70,70,70,70,70,70,70,70,70,70,70,70,70,70,70,70,70,70],"card_choices":[{"not_picked":["Prepared","Caltrops"],"picked":"StSpp:PoisonousPunch","floor":1},{"not_picked":["StSpp:Throw","Dash"],"picked":"Poisoned Stab","floor":2},{"not_picked":["Dash","All Out Attack"],"picked":"StSpp:PoisonousPunch","floor":3},{"not_picked":["Doppelganger","StSpp:Anticipation"],"picked":"Dodge and Roll","floor":6},{"not_picked":["Expertise","Prepared"],"picked":"Deflect","floor":7},{"not_picked":["Dodge and Roll","Cloak And Dagger"],"picked":"Finisher","floor":8},{"not_picked":["Quick Slash","StSpp:Dive"],"picked":"Crippling Poison","floor":10},{"not_picked":["Flechettes","StSpp:CorrosivePoison"],"picked":"Bane","floor":12},{"not_picked":["StSpp:SpareBlade","Doppelganger","StSpp:Lure"],"picked":"SKIP","floor":13},{"not_picked":["Bullet Time","Storm of Steel"],"picked":"StSpp:SwitchWeapon","floor":16},{"not_picked":["PiercingWail+1","Prepared+1"],"picked":"StSpp:PoisonousPunch","floor":18},{"not_picked":["PiercingWail","Quick Slash+1"],"picked":"Dagger Spray","floor":19},{"not_picked":["Underhanded Strike+1","Acrobatics"],"picked":"Blade Dance+1","floor":22},{"not_picked":["Prepared","Backflip"],"picked":"Riddle With Holes","floor":28},{"not_picked":["Sucker Punch","Bane"],"picked":"Caltrops","floor":29},{"not_picked":["Storm of Steel","Bullet Time"],"picked":"Phantasmal Killer","floor":33},{"not_picked":["Well Laid Plans+1","Footwork+1"],"picked":"Predator+1","floor":35},{"not_picked":["Expertise","Dash"],"picked":"Blade Dance","floor":38},{"not_picked":["Dagger Throw","conspire:DoublingDagger"],"picked":"Terror+1","floor":39},{"not_picked":["Masterful Stab+1","Flechettes"],"picked":"Bane","floor":41},{"not_picked":["Flying Knee+1","Acrobatics"],"picked":"Dagger Spray","floor":42},{"not_picked":["Dagger Throw+1","Infinite Blades"],"picked":"After Image","floor":45},{"not_picked":["Acrobatics","Dodge and Roll"],"picked":"Predator","floor":48}],"player_experience":492944,"relics_obtained":[{"floor":6,"key":"Snake Skull"},{"floor":9,"key":"Bag of Marbles"},{"floor":12,"key":"CeramicFish"},{"floor":41,"key":"Shovel"},{"floor":43,"key":"Vajra"}],"event_choices":[{"damage_healed":0,"gold_gain":75,"player_choice":"Gold","damage_taken":11,"max_hp_gain":0,"max_hp_loss":0,"event_name":"betterThird:BetterGoop","floor":4,"gold_loss":0},{"damage_healed":4,"gold_gain":0,"player_choice":"LEAVE ","damage_taken":0,"relics_obtained":[],"max_hp_gain":0,"max_hp_loss":0,"event_name":"betterSkull:BetterSkull","floor":5,"gold_loss":0,"cards_upgraded":[]},{"damage_healed":0,"gold_gain":0,"player_choice":"Ignored","damage_taken":0,"max_hp_gain":0,"max_hp_loss":0,"event_name":"N\u0027loth","floor":20,"gold_loss":0},{"damage_healed":0,"gold_gain":0,"player_choice":"Trade","damage_taken":0,"relics_obtained":["CultistMask"],"max_hp_gain":0,"max_hp_loss":0,"event_name":"FaceTrader","floor":21,"gold_loss":0},{"damage_healed":0,"gold_gain":0,"player_choice":"Got Potions","damage_taken":0,"max_hp_gain":0,"max_hp_loss":0,"event_name":"Lab","floor":25,"gold_loss":0},{"damage_healed":0,"gold_gain":0,"player_choice":"Fight","damage_taken":0,"max_hp_gain":0,"max_hp_loss":0,"event_name":"MindBloom","floor":41,"gold_loss":0},{"damage_healed":0,"gold_gain":0,"player_choice":"Leave","damage_taken":0,"max_hp_gain":0,"max_hp_loss":0,"event_name":"conspire:Investor","floor":44,"gold_loss":0}],"is_beta":false,"boss_relics":[{"not_picked":["Velvet Choker","Sozu"],"picked":"Astrolabe"},{"not_picked":["energizedSpire:HugeHouse","Empty Cage"],"picked":"HoveringKite"}],"items_purged_floors":[],"is_endless":false,"potions_floor_spawned":[6,7,10,12,13,16,19,28,35,38,41,48],"killed_by":"Time Eater","ascension_level":0}}