{"host":"i9o3eksapkmftcbs","time":1612428117,"event":{"mods":["2.2 Compatiblity","AchievementEnabler","Act Like it!","Arknights","Bard","BaseMod","BetterRewards","Colored Map","Colored Powertips","Conspire","Duelist Mod","Halation","Hubris","Infinite Spire","Lobotomy","Minty Spire (QoL Compilation)","Rare Cards Sparkle","Reliquary","Robot Space Explorer","StSLib","The Blackbeard","The Clintock","The Dragon Tamer","The Mystic","Transform Curses"],"gold_per_floor":[368,383,18,93,235,235,410,486,486,501,501,501,25,41,41,138,138,156,156,11,28,28,28],"floor_reached":22,"language":"ENG","playtime":1278,"items_purged":["Decay","Doubt"],"score":199,"play_id":"2e1c11e6-9d8c-445a-9358-bf9346bb5fe3","local_time":"20210204024157","is_ascension_mode":false,"campfire_choices":[{"floor":6,"key":"REST"},{"floor":11,"key":"REST"},{"floor":15,"key":"RECALL"}],"circlet_count":0,"master_deck":["bard:Strike","bard:Strike","bard:Strike","bard:Strike","bard:Defend","bard:Defend","bard:Defend","bard:Defend","bard:Riposte","bard:Inspire","bard:SongBolt","bard:Rest","bard:GlyphOfWarding","bard:ViciousMockery","bard:Parry","bard:PhantasmalForce","bard:EchoEcho","bard:Shifting","Violence","bard:GreaterMagicWeapon","bard:PrismaticSpray","bard:MagnumOpus","bard:PhantasmalForce","bard:OffKey"],"relics":["bard:PitchPipe","bard:BagPipes","Strange Spoon","hubris:MobiusCoin","reliquary:BoilingFlask","Pen Nib","SacredBark","Frozen Egg 2","conspire:TreasureMap"],"acts_visited":["Exordium","TheCity"],"potions_floor_usage":[12,14,14,14,16,18,22],"damage_taken":[{"damage":7,"enemies":"Cultist","floor":1,"turns":5},{"damage":15,"enemies":"2 Louse","floor":2,"turns":3},{"damage":26,"enemies":"conspire:MimicChest","floor":5,"turns":9},{"damage":0,"enemies":"Jaw Worm","floor":10,"turns":6},{"damage":0,"enemies":"3 Louse","floor":12,"turns":1},{"damage":2,"enemies":"Looter","floor":14,"turns":3},{"damage":11,"enemies":"Hexaghost","floor":16,"turns":7},{"damage":16,"enemies":"3 Byrds","floor":18,"turns":7},{"damage":32,"enemies":"Chosen","floor":21,"turns":7},{"damage":42,"enemies":"Centurion and Healer","floor":22,"turns":5}],"seed_played":"7899054829772381154","potions_obtained":[{"floor":2,"key":"SmokeBomb"},{"floor":5,"key":"EssenceOfSteel"},{"floor":14,"key":"SneckoOil"},{"floor":16,"key":"SkillPotion"},{"floor":21,"key":"PowerPotion"}],"is_trial":false,"path_per_floor":["M","M","$","?","?","R","?","T","T","M","R","M","$","M","R","B",null,"M","T","$","M","M"],"character_chosen":"BARD","items_purchased":["bard:GlyphOfWarding","Strange Spoon","bard:ViciousMockery","bard:Parry","bard:Shifting","Violence","Energy Potion","ColorlessPotion","bard:GreaterMagicWeapon","conspire:TreasureMap"],"campfire_rested":2,"item_purchase_floors":[3,3,3,3,13,13,13,13,13,20],"current_hp_per_floor":[63,48,48,37,15,36,36,36,36,44,65,69,69,68,68,59,70,58,58,58,30,0,0],"gold":28,"neow_bonus":"TWO_FIFTY_GOLD","is_daily":false,"chose_seed":false,"campfire_upgraded":0,"win_rate":0.0,"timestamp":1612428117,"path_taken":["M","M","$","?","?","R","?","?","T","?","R","M","?","M","R","BOSS","M","?","?","M","?"],"items_purchased_type":["Card","Relic","Card","Card","Card","Card","Potion","Potion","Card","Relic"],"build_version":"2020-12-22","purchased_purges":2,"victory":false,"max_hp_per_floor":[70,70,70,70,70,70,70,70,70,70,70,70,70,70,70,70,70,70,70,70,70,70,70],"card_choices":[{"not_picked":["bard:FirstStrike","bard:Balestra"],"picked":"bard:SongBolt","floor":1},{"not_picked":["bard:InspiringSong","bard:Gamble"],"picked":"bard:Rest","floor":2},{"not_picked":["bard:SongBolt","bard:CuttingWords"],"picked":"bard:PhantasmalForce","floor":5},{"not_picked":["bard:Parry","bard:ViciousMockery"],"picked":"bard:EchoEcho","floor":10},{"not_picked":["bard:Balestra","bard:SongBolt"],"picked":"bard:PrismaticSpray","floor":14},{"not_picked":["bard:Focused","bard:PowerWordStun"],"picked":"bard:MagnumOpus","floor":16},{"not_picked":["bard:QuickSong","bard:Parry"],"picked":"bard:PhantasmalForce","floor":18},{"not_picked":["bard:EchoEcho","bard:QuickSong"],"picked":"bard:OffKey","floor":21}],"player_experience":389029,"relics_obtained":[{"floor":5,"key":"hubris:MobiusCoin"},{"floor":8,"key":"reliquary:BoilingFlask"},{"floor":9,"key":"Pen Nib"},{"floor":19,"key":"Frozen Egg 2"}],"event_choices":[{"damage_healed":0,"gold_gain":75,"player_choice":"Gather Gold","damage_taken":11,"max_hp_gain":0,"max_hp_loss":0,"event_name":"World of Goop","floor":4,"gold_loss":0},{"damage_healed":0,"gold_gain":175,"player_choice":"AGREE","damage_taken":0,"max_hp_gain":0,"max_hp_loss":0,"event_name":"Liars Game","floor":7,"gold_loss":0,"cards_obtained":["Doubt"]}],"is_beta":false,"boss_relics":[{"not_picked":["Black Star","Runic Dome"],"picked":"SacredBark"}],"items_purged_floors":[3,13],"is_endless":false,"potions_floor_spawned":[2,5,12,14,16,21],"killed_by":"Centurion and Healer","ascension_level":0}}