{"host":"idjwbq71yrpkph1r","time":1612475257,"event":{"mods":["AchievementEnabler","Alarm Clock","BaseMod","Block Reminder","Colored Map","Colored Powertips","Minty Spire (QoL Compilation)","Morshu Shopkeeper","Rare Cards Sparkle","StSLib","everything is the same but u backflip on backflip"],"gold_per_floor":[109,109,34,49,124,124,153,53,99,99,113,113,156,181,181,288,288,306,341,350,376,109,109,133,133,133,133,133],"floor_reached":27,"language":"ENG","playtime":1035,"items_purged":["Strike_B","Strike_B","Strike_B"],"score":293,"play_id":"af2c05d5-1ac7-4548-a0e6-b020aa81dd93","local_time":"20210204224737","is_ascension_mode":true,"campfire_choices":[{"data":"Zap","floor":6,"key":"SMITH"},{"data":"Streamline","floor":10,"key":"SMITH"},{"data":"Go for the Eyes","floor":12,"key":"SMITH"},{"floor":15,"key":"REST"},{"floor":23,"key":"REST"},{"floor":25,"key":"REST"}],"circlet_count":0,"master_deck":["Defend_B+1","Defend_B","Defend_B","Defend_B","Zap+1","Dualcast+1","Jack Of All Trades","Streamline+1","Go for the Eyes+1","BootSequence","FTL","Thunder Strike","Gash","Buffer","Go for the Eyes","Finesse","FTL","Beam Cell+1"],"relics":["Cracked Core","NeowsBlessing","Ancient Tea Set","War Paint","CeramicFish","Inserter","Red Mask","Meat on the Bone"],"acts_visited":["Exordium","TheCity"],"potions_floor_usage":[24,27],"damage_taken":[{"damage":0,"enemies":"2 Louse","floor":1,"turns":1},{"damage":0,"enemies":"Cultist","floor":4,"turns":1},{"damage":0,"enemies":"Lagavulin","floor":7,"turns":1},{"damage":7,"enemies":"Jaw Worm","floor":11,"turns":2},{"damage":12,"enemies":"3 Sentries","floor":13,"turns":6},{"damage":0,"enemies":"Red Slaver","floor":14,"turns":2},{"damage":11,"enemies":"The Guardian","floor":16,"turns":11},{"damage":22,"enemies":"Spheric Guardian","floor":18,"turns":5},{"damage":11,"enemies":"Masked Bandits","floor":19,"turns":5},{"damage":34,"enemies":"3 Byrds","floor":21,"turns":6},{"damage":2,"enemies":"Snake Plant","floor":24,"turns":6},{"damage":55,"enemies":"3 Cultists","floor":27,"turns":4}],"seed_played":"-6870520126455211656","potions_obtained":[{"floor":7,"key":"FocusPotion"},{"floor":11,"key":"LiquidBronze"},{"floor":14,"key":"BlessingOfTheForge"},{"floor":18,"key":"Block Potion"},{"floor":21,"key":"DuplicationPotion"}],"is_trial":false,"path_per_floor":["M","?","$","M","?","R","E","$","T","R","M","R","E","M","R","B",null,"M","?","?","M","$","R","M","R","T","M"],"character_chosen":"DEFECT","items_purchased":["Finesse","FTL"],"campfire_rested":3,"item_purchase_floors":[22,22],"current_hp_per_floor":[75,75,75,75,64,64,64,64,64,64,57,57,45,45,67,56,75,53,42,42,8,8,30,28,50,50,0,0],"gold":133,"neow_bonus":"THREE_ENEMY_KILL","is_daily":false,"chose_seed":false,"campfire_upgraded":3,"win_rate":0.0,"timestamp":1612475257,"path_taken":["M","?","?","M","?","R","E","$","T","R","M","R","E","M","R","BOSS","M","?","?","M","$","R","M","R","T","M"],"items_purchased_type":["Card","Card"],"build_version":"2020-12-22","purchased_purges":3,"victory":false,"max_hp_per_floor":[75,75,75,75,75,75,75,75,75,75,75,75,75,75,75,75,75,75,75,75,75,75,75,75,75,75,75,75],"card_choices":[{"not_picked":["Cold Snap","Redo","Fusion"],"picked":"SKIP","floor":1},{"not_picked":["Rebound","Redo"],"picked":"Streamline","floor":4},{"not_picked":["Storm","Coolheaded"],"picked":"Go for the Eyes","floor":7},{"not_picked":["Loop","Steam Power","Steam"],"picked":"SKIP","floor":11},{"not_picked":["Blizzard","Streamline"],"picked":"BootSequence","floor":13},{"not_picked":["Cold Snap","Hologram"],"picked":"FTL","floor":14},{"not_picked":["Amplify","Rainbow"],"picked":"Thunder Strike","floor":16},{"not_picked":["Coolheaded+1","Tempest+1","Ball Lightning+1"],"picked":"SKIP","floor":18},{"not_picked":["Force Field","Capacitor"],"picked":"Gash","floor":19},{"not_picked":["Leap","Conserve Battery"],"picked":"Go for the Eyes","floor":21},{"not_picked":["Ball Lightning","Rebound"],"picked":"Beam Cell+1","floor":24}],"player_experience":330865,"relics_obtained":[{"floor":7,"key":"Ancient Tea Set"},{"floor":9,"key":"War Paint"},{"floor":13,"key":"CeramicFish"},{"floor":19,"key":"Red Mask"},{"floor":26,"key":"Meat on the Bone"}],"event_choices":[{"damage_healed":0,"gold_gain":0,"player_choice":"1 cards matched","damage_taken":0,"max_hp_gain":0,"max_hp_loss":0,"event_name":"Match and Keep!","floor":2,"gold_loss":0,"cards_obtained":["Jack Of All Trades"]},{"damage_healed":0,"gold_gain":75,"player_choice":"Gather Gold","damage_taken":11,"max_hp_gain":0,"max_hp_loss":0,"event_name":"World of Goop","floor":5,"gold_loss":0},{"damage_healed":0,"gold_gain":0,"player_choice":"Fought Bandits","damage_taken":0,"max_hp_gain":0,"max_hp_loss":0,"event_name":"Masked Bandits","floor":19,"gold_loss":0},{"damage_healed":0,"gold_gain":0,"cards_transformed":["Strike_B"],"player_choice":"Transformed","damage_taken":0,"max_hp_gain":0,"max_hp_loss":0,"event_name":"Transmorgrifier","floor":20,"gold_loss":0,"cards_obtained":["Buffer"]}],"is_beta":false,"boss_relics":[{"not_picked":["Tiny House","Runic Dome"],"picked":"Inserter"}],"items_purged_floors":[3,8,22],"is_endless":false,"potions_floor_spawned":[7,11,14,18,21],"killed_by":"3 Cultists","ascension_level":4}}