{"host":"opjpgy4zggdrloog","time":1612482042,"event":{"mods":["AchievementEnabler","BaseMod","Hermit","Minty Spire (QoL Compilation)","Replay The Spire","StSLib"],"gold_per_floor":[119,135,154,173,248,248,280,294,294,294,294,322,339,371,371,476,476,486,496,513,513,721,721,296,296,296,296,296,25,44,60,93,105,105,202,202,217,234,283,297,297,297,297],"floor_reached":42,"language":"ENG","playtime":3376,"items_purged":["hermit:Strike_Hermit","hermit:Strike_Hermit"],"score":490,"play_id":"88412ddf-f97d-453e-9b43-97a136579621","local_time":"20210204174042","is_ascension_mode":false,"campfire_choices":[{"data":"hermit:ShadowCloak","floor":6.0,"key":"SMITH"},{"data":"hermit:Snapshot","floor":10.0,"key":"SMITH"},{"data":"hermit:HeroicBravado","floor":15.0,"key":"SMITH"},{"data":"hermit:CursedWeapon","floor":23.0,"key":"SMITH"},{"data":"hermit:Covet","floor":25.0,"key":"SMITH"},{"floor":34.0,"key":"REST"}],"circlet_count":0,"master_deck":["hermit:Strike_Hermit","hermit:Strike_Hermit","hermit:Defend_Hermit","hermit:Defend_Hermit","hermit:Defend_Hermit","hermit:Defend_Hermit","hermit:Snapshot+1","hermit:Covet+1","hermit:Snipe","hermit:Midnight","hermit:ShadowCloak+1","hermit:Dive","hermit:Quickdraw","hermit:HeroicBravado+1","hermit:ItchyTrigger","hermit:BlackWind","hermit:Misfire","hermit:FromBeyond","hermit:Manifest+1","hermit:DeadMansHand","hermit:CursedWeapon+1","ReplayTheSpireMod:Splinters","hermit:Deadeye+1","hermit:GoldenBullet","hermit:Dissolve","Crow Ritual","hermit:LuckOfTheDraw+1","hermit:Showdown+1","hermit:Shortfuse+1","hermit:FatalDesire","Crow Ritual"],"relics":["hermit:ClaspedLocket","InkBottle","Mirror","ReplayTheSpireMod:Ring of Challenge","ReplayTheSpireMod:Ring of Exchange","Iron Hammer","Bag of Preparation","Nilry\u0027s Codex","Lee\u0027s Waffle","HornCleat","Potion Belt","DollysMirror","Durian"],"acts_visited":["Exordium","TheCity","TheBeyond"],"potions_floor_usage":[39],"damage_taken":[{"damage":2.0,"enemies":"Small Slimes","floor":1.0,"turns":3.0},{"damage":3.0,"enemies":"Jaw Worm","floor":2.0,"turns":4.0},{"damage":0.0,"enemies":"2 Louse","floor":3.0,"turns":3.0},{"damage":3.0,"enemies":"2 Fungi Beasts","floor":4.0,"turns":5.0},{"damage":9.0,"enemies":"Lagavulin","floor":7.0,"turns":8.0},{"damage":10.0,"enemies":"Exordium Thugs","floor":8.0,"turns":4.0},{"damage":6.0,"enemies":"Gremlin Nob","floor":12.0,"turns":3.0},{"damage":1.0,"enemies":"3 Louse","floor":13.0,"turns":1.0},{"damage":0.0,"enemies":"Replay:BlueRogue","floor":14.0,"turns":5.0},{"damage":17.0,"enemies":"The Guardian","floor":16.0,"turns":15.0},{"damage":17.0,"enemies":"2 Thieves","floor":18.0,"turns":4.0},{"damage":2.0,"enemies":"Spheric Guardian","floor":19.0,"turns":6.0},{"damage":21.0,"enemies":"Shelled Parasite and Fungi","floor":20.0,"turns":7.0},{"damage":8.0,"enemies":"Snake Plant","floor":30.0,"turns":5.0},{"damage":4.0,"enemies":"3 Cultists","floor":31.0,"turns":7.0},{"damage":48.0,"enemies":"Slavers","floor":32.0,"turns":5.0},{"damage":11.0,"enemies":"Centurion and Healer","floor":33.0,"turns":4.0},{"damage":4.0,"enemies":"Champ","floor":35.0,"turns":9.0},{"damage":4.0,"enemies":"3 Shapes","floor":37.0,"turns":5.0},{"damage":0.0,"enemies":"Orb Walker","floor":38.0,"turns":5.0},{"damage":55,"enemies":"2 Orb Walkers","floor":39,"turns":7},{"damage":0,"enemies":"Sphere and 2 Shapes","floor":40,"turns":5},{"damage":36,"enemies":"Reptomancer","floor":42,"turns":3}],"seed_played":"7554772193375337545","potions_obtained":[{"floor":4.0,"key":"Explosive Potion"},{"floor":7.0,"key":"ColorlessPotion"},{"floor":13.0,"key":"Energy Potion"},{"floor":18.0,"key":"Block Potion"},{"floor":19.0,"key":"SteroidPotion"},{"floor":33.0,"key":"Milkshake"}],"is_trial":false,"path_per_floor":["M","M","M","M","?","R","E","M","T","R","?","E","M","E","R","B",null,"M","M","M","?","?","R","$","R","T","PTL","PTL","$","M","M","E","M","R","B",null,"M","M","?","M","?","E"],"character_chosen":"HERMIT","items_purchased":["Lee\u0027s Waffle","hermit:GoldenBullet","hermit:Dissolve","Crow Ritual"],"campfire_rested":1,"item_purchase_floors":[24,24,24,29],"current_hp_per_floor":[73,70,70,67,56,56,47,37,37,37,37,31,30,30,30,13,75,58,56,35,19,19,19,82,82,82,82,82,82,74,70,22,11,35,31,82,78,78,28,28,28,0,0],"gold":297,"neow_bonus":"","is_daily":false,"chose_seed":false,"campfire_upgraded":5,"win_rate":0.0,"timestamp":1612482042,"path_taken":["M","M","M","M","?","R","E","M","T","R","?","E","M","E","R","BOSS","M","M","M","?","?","R","$","R","T","PTL","PTL","?","M","M","E","M","R","BOSS","M","M","?","M","?","E"],"items_purchased_type":["Relic","Card","Card","Card"],"build_version":"2020-12-22","purchased_purges":2,"victory":false,"max_hp_per_floor":[75,75,75,75,75,75,75,75,75,75,75,75,75,75,75,75,75,75,75,75,75,75,75,82,82,82,82,82,82,82,82,82,82,82,82,82,82,82,87,87,87,87,87],"card_choices":[{"not_picked":["hermit:HoleUp","hermit:Misfire"],"picked":"hermit:Snipe","floor":1.0},{"not_picked":["hermit:Determination","hermit:Manifest"],"picked":"hermit:Midnight","floor":2.0},{"not_picked":["hermit:Vantage","hermit:Scavenge"],"picked":"hermit:ShadowCloak","floor":3.0},{"not_picked":["hermit:TrackingShot","hermit:Vantage"],"picked":"hermit:Dive","floor":4.0},{"not_picked":["hermit:NoHoldsBarred","hermit:Scavenge"],"picked":"hermit:Quickdraw","floor":7.0},{"not_picked":["hermit:Maintenance","hermit:TakeCover"],"picked":"hermit:HeroicBravado","floor":8.0},{"not_picked":["hermit:BodyArmor","hermit:Vantage"],"picked":"hermit:ItchyTrigger","floor":12.0},{"not_picked":["hermit:HoleUp","hermit:Ricochet"],"picked":"hermit:BlackWind","floor":13.0},{"not_picked":["hermit:TrackingShot","hermit:Dive"],"picked":"hermit:Misfire","floor":14.0},{"not_picked":["hermit:Gambit","hermit:HighNoon"],"picked":"hermit:FromBeyond","floor":16.0},{"not_picked":["hermit:Malice","hermit:CalledShot"],"picked":"hermit:Manifest+1","floor":18.0},{"not_picked":["hermit:Ricochet","hermit:Vantage"],"picked":"hermit:DeadMansHand","floor":19.0},{"not_picked":["hermit:Scavenge","hermit:TrackingShot"],"picked":"hermit:CursedWeapon","floor":20.0},{"not_picked":["hermit:WideOpen","hermit:LoneWolf"],"picked":"hermit:Deadeye+1","floor":22.0},{"not_picked":["hermit:Snipe","hermit:BodyArmor"],"picked":"hermit:LuckOfTheDraw+1","floor":30.0},{"not_picked":["hermit:LowProfile","hermit:Feint"],"picked":"hermit:Showdown+1","floor":31.0},{"not_picked":["hermit:Vantage","hermit:Showdown"],"picked":"hermit:Shortfuse+1","floor":32.0},{"not_picked":["hermit:Roulette","hermit:HighCaliber"],"picked":"hermit:ShadowCloak","floor":33.0},{"not_picked":["hermit:EternalForm","hermit:HeroicBravado"],"picked":"hermit:FatalDesire","floor":35.0},{"not_picked":["hermit:Vantage","hermit:CursedWeapon","hermit:WideOpen"],"picked":"SKIP","floor":37.0},{"not_picked":["hermit:TakeAim","hermit:HoleUp+1","hermit:Headshot"],"picked":"SKIP","floor":38.0},{"not_picked":["hermit:FatalDesire","hermit:ItchyTrigger+1","hermit:Snipe+1"],"picked":"SKIP","floor":40}],"player_experience":0,"relics_obtained":[{"floor":7.0,"key":"InkBottle"},{"floor":9.0,"key":"Mirror"},{"floor":11.0,"key":"ReplayTheSpireMod:Ring of Challenge"},{"floor":11.0,"key":"ReplayTheSpireMod:Ring of Exchange"},{"floor":12.0,"key":"Iron Hammer"},{"floor":14.0,"key":"Bag of Preparation"},{"floor":21.0,"key":"Nilry\u0027s Codex"},{"floor":26.0,"key":"HornCleat"},{"floor":32.0,"key":"Potion Belt"},{"floor":39,"key":"Durian"}],"event_choices":[{"damage_healed":0.0,"max_hp_gain":0.0,"max_hp_loss":0.0,"gold_gain":75.0,"event_name":"World of Goop","player_choice":"Gather Gold","floor":5.0,"gold_loss":0.0,"damage_taken":11.0},{"damage_healed":0.0,"max_hp_gain":0.0,"max_hp_loss":0.0,"gold_gain":0.0,"event_name":"Cursed Tome","player_choice":"Obtained Book","floor":21.0,"gold_loss":0.0,"damage_taken":16.0},{"damage_healed":0,"gold_gain":0,"player_choice":"Fight","damage_taken":0,"max_hp_gain":0,"max_hp_loss":0,"event_name":"Mysterious Sphere","floor":39,"gold_loss":0},{"cards_removed":["hermit:ShadowCloak"],"damage_healed":0,"gold_gain":0,"player_choice":"Removed Power","damage_taken":0,"max_hp_gain":0,"max_hp_loss":0,"event_name":"Falling","floor":41,"gold_loss":0}],"is_beta":false,"boss_relics":[{"not_picked":["Orrery","Strange Spoon"],"picked":"hermit:ClaspedLocket"},{"not_picked":["Replay:Wanted Poster","Toolbox"],"picked":"DollysMirror"}],"items_purged_floors":[24,29],"is_endless":false,"potions_floor_spawned":[4,7,13,18,19,33],"killed_by":"Reptomancer","ascension_level":0}}