{"host":"w8boaxgo31bcemyl","time":1612417073,"event":{"mods":["Act Like it!","BaseMod","CapriCore","Friendly Minions","Marisa（F雨　魔理沙）","Minty Spire (QoL Compilation)","Pale of the Ancients","Quick Restart","Relic Stats","Remilia（蕾米莉亚）","Replay The Spire","Spicy Shops","StSLib","The Animator","The Immortal","Waifu the Spire","WarShipGirlsR/战舰少女R mod","Yakumo Yukari mod"],"gold_per_floor":[115,115,135,135,148,179,195,270,270,302,302,328,202,212,212,313,313,333,344,344,344,344,373,373,388,467,467,495,495,549,565,565,662,662,674,674,72,91,107,107,134,134,134,0,0,0,10,37,37,37,56,66,66,66,66,94,94,94,94,104],"floor_reached":61,"language":"ZHS","playtime":3166,"items_purged":["Regret","animator:Curse_Greed"],"score":1682,"play_id":"126e2295-133c-478f-b516-89d7ccd6d69d","local_time":"20210204133753","is_ascension_mode":false,"campfire_choices":[{"data":"1","floor":11.0,"key":"LIFT"},{"data":"2","floor":15.0,"key":"LIFT"},{"data":"3","floor":24.0,"key":"LIFT"},{"floor":29.0,"key":"RECALL"},{"floor":32.0,"key":"REST"},{"floor":40.0,"key":"REST"},{"floor":42.0,"key":"REST"},{"floor":46.0,"key":"REST"},{"floor":49.0,"key":"REST"},{"floor":55,"key":"REST"},{"floor":57,"key":"REST"}],"circlet_count":0,"master_deck":["Defend_R","Defend_R","Defend_R","Bash","Clash","Flex","Corruption","Shockwave","ReplayTheSpireMod:Stacked","Dropkick","Warcry","Double Tap+1","Double Tap+1","Shrug It Off","Clash","Eclipse","Spot Weakness","Inflame","Shrug It Off+1","Clash+1","Limit Break","Replay:Sluggish","Inflame","Limit Break","Replay:Undeath\u0027s Touch+1","Flame Barrier","Clash+1","Flex+1","Heavy Blade+1"],"relics":["Burning Blood","NeowsBlessing","Iron Hammer","Champion Belt","Gremlin Horn","Girya","Regal Pillow","ReplayTheSpireMod:CursedCoin","Fusion Hammer","Letter Opener","Question Card","Replay:Bottled Eggs","Kintsugi","Sundial","Replay:Wax Seal","Sling","ReplayTheSpireMod:TigerMarble","DollysMirror","Oddly Smooth Stone","Quantum Egg","Red Mask","Orichalcum","paleoftheancients:Timepiece","paleoftheancients:KeyRelic","Mercury Hourglass","CultistMask","paleoftheancients:SoulOfTheWatcher","Replay:Bandana","HornCleat"],"acts_visited":["Exordium","TheCity","TheBeyond","paleoftheancients:PaleOfTheAncients"],"potions_floor_usage":[52,56,60],"damage_taken":[{"damage":0.0,"enemies":"Cultist","floor":1.0,"turns":1.0},{"damage":0.0,"enemies":"2 Louse","floor":3.0,"turns":1.0},{"damage":0.0,"enemies":"Small Slimes","floor":5.0,"turns":1.0},{"damage":40.0,"enemies":"3 Sentries","floor":6.0,"turns":10.0},{"damage":0.0,"enemies":"Exordium Thugs","floor":7.0,"turns":4.0},{"damage":11.0,"enemies":"Lagavulin","floor":10.0,"turns":4.0},{"damage":10.0,"enemies":"3 Sentries","floor":12.0,"turns":9.0},{"damage":0.0,"enemies":"Looter","floor":14.0,"turns":2.0},{"damage":7.0,"enemies":"Slime Boss","floor":16.0,"turns":8.0},{"damage":5.0,"enemies":"3 Byrds","floor":18.0,"turns":4.0},{"damage":14.0,"enemies":"Spheric Guardian","floor":19.0,"turns":4.0},{"damage":12.0,"enemies":"Book of Stabbing","floor":23.0,"turns":4.0},{"damage":0.0,"enemies":"3 Cultists","floor":25.0,"turns":3.0},{"damage":21.0,"enemies":"Gremlin Leader","floor":28.0,"turns":4.0},{"damage":0.0,"enemies":"Shelled Parasite and Fungi","floor":31.0,"turns":3.0},{"damage":25.0,"enemies":"Pondfish","floor":33.0,"turns":7.0},{"damage":8.0,"enemies":"3 Darklings","floor":35.0,"turns":4.0},{"damage":0.0,"enemies":"Orb Walker","floor":38.0,"turns":2.0},{"damage":0.0,"enemies":"4 Shapes","floor":39.0,"turns":3.0},{"damage":15.0,"enemies":"Giant Head","floor":41.0,"turns":5.0},{"damage":15.0,"enemies":"Writhing Mass","floor":47.0,"turns":3.0},{"damage":28.0,"enemies":"Donu and Deca","floor":50.0,"turns":3.0},{"damage":72.0,"enemies":"Donu and Deca","floor":51.0,"turns":7.0},{"damage":39,"enemies":"Donu and Deca","floor":52,"turns":4},{"damage":54,"enemies":"Donu and Deca","floor":56,"turns":5},{"damage":69,"enemies":"paleoftheancients:N","floor":60,"turns":7}],"seed_played":"7152190811822312782","potions_obtained":[{"floor":1.0,"key":"Weak Potion"},{"floor":5.0,"key":"LiquidMemories"},{"floor":10.0,"key":"Weak Potion"},{"floor":14.0,"key":"BloodPotion"},{"floor":16.0,"key":"EntropicBrew"},{"floor":23.0,"key":"LifebloodPotion"},{"floor":30.0,"key":"DuplicationPotion"},{"floor":31.0,"key":"BlessingOfTheForge"},{"floor":33.0,"key":"Fruit Juice"},{"floor":52,"key":"Reflective Coating"},{"floor":56,"key":"PowerPotion"}],"is_trial":false,"path_per_floor":["M","T","M","?","M","E","M","?","T","E","R","E","$","M","R","B",null,"M","M","?","?","?","E","R","M","T","?","E","R","?","M","R","B",null,"M","?","$","M","M","R","E","R","T","?","$","R","M","T","R","B","M","M","$","T","R","M","R","T","?","B",null],"character_chosen":"IRONCLAD","items_purchased":["ReplayTheSpireMod:CursedCoin","Double Tap","Shrug It Off","Replay:Wax Seal","Sling","ReplayTheSpireMod:TigerMarble","Inflame","DollysMirror"],"campfire_rested":7,"item_purchase_floors":[13,13,13,37,37,37,37,37],"current_hp_per_floor":[80,80,80,80,80,46,52,44,44,39,39,35,35,41,41,40,80,80,72,72,72,72,66,66,72,72,72,57,57,37,43,80,66,85,83,83,83,85,85,85,76,85,85,85,85,85,76,76,85,85,52,21,21,21,61,15,55,55,55,85],"gold":104,"neow_bonus":"THREE_ENEMY_KILL","is_daily":false,"chose_seed":false,"campfire_upgraded":0,"win_rate":0.0,"timestamp":1612417073,"path_taken":["M","?","M","?","M","E","M","?","T","E","R","E","$","M","R","BOSS","M","M","?","?","?","E","R","?","T","?","E","R","?","M","R","BOSS","M","?","?","?","M","R","E","R","T","?","?","R","M","?","R","BOSS","M","M","?","T","R","M","R","T","?","BOSS"],"items_purchased_type":["Relic","Card","Card","Relic","Relic","Relic","Card","Relic"],"build_version":"2020-12-22","purchased_purges":2,"victory":true,"max_hp_per_floor":[80,80,80,80,80,80,80,80,80,80,80,80,80,80,80,80,80,80,80,80,80,80,80,80,80,80,80,80,80,80,80,80,85,85,85,85,85,85,85,85,85,85,85,85,85,85,85,85,85,85,85,85,85,85,85,85,85,85,85,85],"relic_stats":{"Regal Pillow":43,"Gremlin Horn":[23,23],"counters":[26,112],"Sundial":[2],"Champion Belt":[52],"Letter Opener":[270],"Orichalcum":[30],"Question Card":12,"obtain_stats":[{"Regal Pillow":12,"Gremlin Horn":9,"Sling":37,"Burning Blood":0,"Replay:Bandana":54,"HornCleat":58,"Sundial":36,"DollysMirror":37,"Iron Hammer":2,"Fusion Hammer":17,"Red Mask":44,"paleoftheancients:SoulOfTheWatcher":52,"Replay:Bottled Eggs":30,"Replay:Wax Seal":37,"Girya":10,"paleoftheancients:KeyRelic":50,"NeowsBlessing":0,"ReplayTheSpireMod:CursedCoin":13,"Quantum Egg":43,"Oddly Smooth Stone":41,"Letter Opener":23,"Orichalcum":48,"Question Card":28,"Mercury Hourglass":50,"paleoftheancients:Timepiece":50,"CultistMask":50,"ReplayTheSpireMod:TigerMarble":37,"Champion Belt":6,"Kintsugi":34},{"Regal Pillow":7,"Gremlin Horn":5,"Sling":17,"Burning Blood":0,"Replay:Bandana":24,"HornCleat":25,"Sundial":17,"DollysMirror":17,"Iron Hammer":1,"Fusion Hammer":9,"Red Mask":20,"paleoftheancients:SoulOfTheWatcher":24,"Replay:Bottled Eggs":14,"Replay:Wax Seal":17,"Girya":6,"paleoftheancients:KeyRelic":22,"NeowsBlessing":0,"ReplayTheSpireMod:CursedCoin":7,"Quantum Egg":20,"Oddly Smooth Stone":20,"Letter Opener":12,"Orichalcum":21,"Question Card":14,"Mercury Hourglass":22,"paleoftheancients:Timepiece":22,"CultistMask":22,"ReplayTheSpireMod:TigerMarble":17,"Champion Belt":4,"Kintsugi":16},{"Regal Pillow":30,"Gremlin Horn":17,"Sling":73,"Burning Blood":0,"Replay:Bandana":100,"HornCleat":105,"Sundial":73,"DollysMirror":73,"Iron Hammer":1,"Fusion Hammer":40,"Red Mask":83,"paleoftheancients:SoulOfTheWatcher":100,"Replay:Bottled Eggs":59,"Replay:Wax Seal":73,"Girya":21,"paleoftheancients:KeyRelic":89,"NeowsBlessing":0,"ReplayTheSpireMod:CursedCoin":30,"Quantum Egg":83,"Oddly Smooth Stone":83,"Letter Opener":52,"Orichalcum":86,"Question Card":59,"Mercury Hourglass":89,"paleoftheancients:Timepiece":89,"CultistMask":89,"ReplayTheSpireMod:TigerMarble":73,"Champion Belt":13,"Kintsugi":69}],"Burning Blood":121,"Mercury Hourglass":[75]},"card_choices":[{"not_picked":["ReplayTheSpireMod:Stacked","Twin Strike"],"picked":"Clash","floor":1.0},{"not_picked":["Armaments","True Grit"],"picked":"Flex","floor":3.0},{"not_picked":[],"picked":"Corruption","floor":4.0},{"not_picked":["Entrench","Power Through"],"picked":"Shockwave","floor":5.0},{"not_picked":["Corruption","Headbutt"],"picked":"ReplayTheSpireMod:Stacked","floor":6.0},{"not_picked":["Twin Strike","Anger","Searing Blow"],"picked":"SKIP","floor":7.0},{"not_picked":["Run Through","Perfected Strike"],"picked":"Dropkick","floor":10.0},{"not_picked":["Perfected Strike","Heavy Blade"],"picked":"Warcry","floor":12.0},{"not_picked":["Defy Death","Replay:Many Hands"],"picked":"Clash","floor":14.0},{"not_picked":["Brutality","Replay:Many Hands"],"picked":"Eclipse","floor":16.0},{"not_picked":["Cleave","ReplayTheSpireMod:Limb From Limb","Abandon"],"picked":"SKIP","floor":18.0},{"not_picked":["ReplayTheSpireMod:Corrosion Curse+1","Iron Wave","Disarm"],"picked":"SKIP","floor":19.0},{"not_picked":["Perfected Strike","ReplayReversal","Combust"],"picked":"SKIP","floor":23.0},{"not_picked":["True Grit+1","Rage"],"picked":"Spot Weakness","floor":25.0},{"not_picked":["Anger","Hemogenesis"],"picked":"Shrug It Off+1","floor":28.0},{"not_picked":["Searing Blow+1","Fire Breathing","Flex"],"picked":"Clash+1","floor":31.0},{"not_picked":["Berserk","Eclipse","Brutality"],"picked":"Limit Break","floor":33.0},{"not_picked":["Sword Boomerang","Replay:Undeath\u0027s Touch","Rupture+1","Perfected Strike"],"picked":"SKIP","floor":35.0},{"not_picked":["Run Through+1","Flame Barrier","Pummel"],"picked":"Replay:Undeath\u0027s Touch+1","floor":38.0},{"not_picked":["Twin Strike","Body Slam+1","ReplayTheSpireMod:Stacked"],"picked":"Flame Barrier","floor":39.0},{"not_picked":["Hemogenesis","Rage","ReplayTheSpireMod:Strike From Hell"],"picked":"Clash+1","floor":41.0},{"not_picked":["Blood for Blood","Flex","Run Through+1","Metallicize+1"],"picked":"SKIP","floor":47.0},{"not_picked":["Clash","Flex","Rupture+1","Perfected Strike"],"picked":"SKIP","floor":51},{"not_picked":["Brutality","Perfected Strike","Bloodletting+1"],"picked":"Flex+1","floor":52},{"not_picked":["Cleave+1","Infernal Blade+1","Body Slam"],"picked":"Heavy Blade+1","floor":56}],"player_experience":7066,"relics_obtained":[{"floor":2.0,"key":"Iron Hammer"},{"floor":6.0,"key":"Champion Belt"},{"floor":9.0,"key":"Gremlin Horn"},{"floor":10.0,"key":"Girya"},{"floor":12.0,"key":"Regal Pillow"},{"floor":23.0,"key":"Letter Opener"},{"floor":28.0,"key":"Question Card"},{"floor":30.0,"key":"Replay:Bottled Eggs"},{"floor":36.0,"key":"Sundial"},{"floor":41.0,"key":"Oddly Smooth Stone"},{"floor":43.0,"key":"Quantum Egg"},{"floor":48.0,"key":"Orichalcum"},{"floor":52,"key":"paleoftheancients:SoulOfTheWatcher"},{"floor":54,"key":"Replay:Bandana"},{"floor":58,"key":"HornCleat"}],"event_choices":[{"damage_healed":0.0,"max_hp_gain":0.0,"max_hp_loss":0.0,"gold_gain":75.0,"event_name":"FaceTrader","player_choice":"Touch","floor":8.0,"gold_loss":0.0,"damage_taken":8.0},{"cards_removed":["Strike_R"],"damage_healed":0.0,"max_hp_gain":0.0,"max_hp_loss":0.0,"gold_gain":0.0,"event_name":"Back to Basics","player_choice":"Elegance","floor":21.0,"gold_loss":0.0,"damage_taken":0.0},{"cards_removed":["Strike_R"],"damage_healed":0.0,"max_hp_gain":0.0,"max_hp_loss":0.0,"gold_gain":0.0,"event_name":"NoteForYourself","player_choice":"Took Card","floor":22.0,"gold_loss":0.0,"damage_taken":0.0,"cards_obtained":["Defend_purpleEX"]},{"damage_healed":0.0,"max_hp_gain":0.0,"max_hp_loss":0.0,"gold_gain":0.0,"event_name":"The Library","player_choice":"Read","floor":27.0,"gold_loss":0.0,"damage_taken":0.0,"cards_obtained":["Inflame"]},{"damage_healed":0.0,"max_hp_gain":0.0,"max_hp_loss":0.0,"gold_gain":0.0,"event_name":"Wheel of Change","player_choice":"Relic","floor":36.0,"gold_loss":0.0,"damage_taken":0.0},{"damage_healed":0.0,"max_hp_gain":0.0,"max_hp_loss":0.0,"gold_gain":0.0,"event_name":"Tomb of Lord Red Mask","player_choice":"Paid","floor":44.0,"gold_loss":134.0,"damage_taken":0.0,"relics_obtained":["Red Mask"]}],"is_beta":false,"boss_relics":[{"not_picked":["Velvet Choker","Black Blood"],"picked":"Fusion Hammer"},{"not_picked":["Black Star","Tiny House"],"picked":"Kintsugi"}],"items_purged_floors":[13,37],"is_endless":false,"potions_floor_spawned":[1,5,10,14,16,23,31,33,52,56],"ascension_level":0}}