{"host":"qrbkigq52dd42dk0","time":1612471971,"event":{"mods":["AchievementEnabler","BaseMod","Colored Map","Colored Powertips","Minty Spire (QoL Compilation)","Morshu Shopkeeper - ENHANCED","Quick Restart","StSLib","SuperFastMode","The IronCluck"],"gold_per_floor":[114,114,114,125,143,169,186,186,233,233,233],"floor_reached":10,"language":"ENG","playtime":236,"items_purged":[],"score":111,"play_id":"f6c0eab2-de43-434b-b875-d136440bceb8","local_time":"20210204215251","is_ascension_mode":true,"campfire_choices":[{"data":"Body Slam","floor":8,"key":"SMITH"}],"circlet_count":0,"master_deck":["AscendersBane","Strike_R","Strike_R","Strike_R","Strike_R","Strike_R","Defend_R","Defend_R","Defend_R","Defend_R","Bash","Body Slam+1","Feed"],"relics":["Burning Blood","NeowsBlessing","HornCleat","Spirit Poop","Bronze Scales","Lantern"],"acts_visited":["Exordium"],"potions_floor_usage":[6],"damage_taken":[{"damage":0,"enemies":"Small Slimes","floor":1,"turns":1},{"damage":0,"enemies":"2 Louse","floor":4,"turns":1},{"damage":0,"enemies":"Cultist","floor":5,"turns":1},{"damage":45,"enemies":"3 Sentries","floor":6,"turns":13},{"damage":20,"enemies":"Gremlin Gang","floor":7,"turns":5},{"damage":21,"enemies":"Lagavulin","floor":10,"turns":5}],"seed_played":"-7797273038326847232","potions_obtained":[{"floor":5,"key":"Fire Potion"}],"is_trial":false,"path_per_floor":["M","?","?","M","M","E","M","R","T","E"],"character_chosen":"IRONCLAD","items_purchased":[],"campfire_rested":0,"item_purchase_floors":[],"current_hp_per_floor":[78,78,78,80,80,44,33,33,33,12,12],"gold":233,"neow_bonus":"THREE_ENEMY_KILL","is_daily":false,"chose_seed":false,"campfire_upgraded":1,"win_rate":0.0,"timestamp":1612471971,"path_taken":["M","?","?","?","M","E","M","R","T","E"],"items_purchased_type":[],"build_version":"2020-12-22","purchased_purges":0,"victory":false,"max_hp_per_floor":[80,80,80,80,80,83,86,86,86,86,86],"card_choices":[{"not_picked":["Wild Strike","Anger"],"picked":"Body Slam","floor":1},{"not_picked":["Anger","Twin Strike","Havoc"],"picked":"SKIP","floor":4},{"not_picked":["Disarm","Anger"],"picked":"Feed","floor":5},{"not_picked":["Flex","Clothesline","Havoc"],"picked":"SKIP","floor":6},{"not_picked":["Heavy Blade","Body Slam","Rupture"],"picked":"SKIP","floor":7}],"player_experience":206262,"relics_obtained":[{"floor":6,"key":"Bronze Scales"},{"floor":9,"key":"Lantern"}],"event_choices":[{"damage_healed":0,"gold_gain":0,"player_choice":"Box","damage_taken":0,"relics_obtained":["HornCleat"],"max_hp_gain":0,"max_hp_loss":0,"event_name":"Big Fish","floor":2,"gold_loss":0,"cards_obtained":["Regret"]},{"cards_removed":["Regret"],"damage_healed":0,"gold_gain":0,"player_choice":"Offered Curse","damage_taken":0,"relics_obtained":["Spirit Poop"],"max_hp_gain":0,"max_hp_loss":0,"event_name":"Bonfire Elementals","floor":3,"gold_loss":0}],"is_beta":false,"boss_relics":[],"items_purged_floors":[],"is_endless":false,"potions_floor_spawned":[5],"killed_by":"Lagavulin","ascension_level":13}}