{"host":"xg4r5pv6chpuampg","time":1612443591,"event":{"mods":["AchievementEnabler","BaseMod","Googly Eyes","Minty Spire (QoL Compilation)"],"gold_per_floor":[117,128,144,154,165,199,213,244,244,244,260,260,260,272,272,272,272],"floor_reached":16,"language":"ENG","playtime":1525,"items_purged":[],"score":116,"play_id":"e332e5c8-806e-4d68-9b97-2e33d6ddc66e","local_time":"20210204155951","is_ascension_mode":false,"campfire_choices":[{"floor":12,"key":"RECALL"},{"floor":15,"key":"REST"}],"circlet_count":0,"master_deck":["Strike_P","Strike_P","Strike_P","Strike_P","Defend_P","Defend_P","Defend_P","Defend_P","Eruption","Vigilance","DeusExMachina","Evaluate","Halt","SandsOfTime","ClearTheMind","EmptyBody","DevaForm","DeceiveReality","Crescendo"],"relics":["PureWater","Thread and Needle","Tiny Chest","Oddly Smooth Stone"],"acts_visited":["Exordium"],"potions_floor_usage":[6,7,8,16,16],"damage_taken":[{"damage":0,"enemies":"Cultist","floor":1,"turns":3},{"damage":0,"enemies":"Small Slimes","floor":2,"turns":4},{"damage":1,"enemies":"2 Louse","floor":3,"turns":3},{"damage":18,"enemies":"2 Fungi Beasts","floor":4,"turns":4},{"damage":1,"enemies":"Exordium Wildlife","floor":5,"turns":3},{"damage":10,"enemies":"Gremlin Nob","floor":6,"turns":4},{"damage":0,"enemies":"Red Slaver","floor":7,"turns":3},{"damage":7,"enemies":"3 Sentries","floor":8,"turns":8},{"damage":0,"enemies":"2 Fungi Beasts","floor":11,"turns":3},{"damage":3,"enemies":"3 Louse","floor":14,"turns":5},{"damage":51,"enemies":"Slime Boss","floor":16,"turns":13}],"seed_played":"-432858814309102509","potions_obtained":[{"floor":2,"key":"AttackPotion"},{"floor":4,"key":"Energy Potion"},{"floor":6,"key":"Energy Potion"},{"floor":7,"key":"EssenceOfSteel"},{"floor":8,"key":"ColorlessPotion"}],"is_trial":false,"path_per_floor":["M","M","M","M","M","E","M","E","T","$","M","R","?","M","R","B"],"character_chosen":"WATCHER","items_purchased":[],"campfire_rested":1,"item_purchase_floors":[],"current_hp_per_floor":[72,72,71,53,52,42,42,35,35,35,35,35,32,29,50,0,0],"gold":272,"neow_bonus":"ONE_RANDOM_RARE_CARD","is_daily":false,"chose_seed":false,"campfire_upgraded":0,"win_rate":0.0,"timestamp":1612443591,"path_taken":["M","M","M","?","M","E","M","E","T","?","?","R","?","M","R","BOSS"],"items_purchased_type":[],"build_version":"2020-12-22","purchased_purges":0,"victory":false,"max_hp_per_floor":[72,72,72,72,72,72,72,72,72,72,72,72,72,72,72,72,72],"card_choices":[{"not_picked":["Protect","ThirdEye"],"picked":"Evaluate","floor":1},{"not_picked":["Swivel","Meditate"],"picked":"Halt","floor":2},{"not_picked":["Indignation","BowlingBash"],"picked":"SandsOfTime","floor":3},{"not_picked":["SignatureMove","BowlingBash"],"picked":"ClearTheMind","floor":4},{"not_picked":["JustLucky","Tantrum"],"picked":"EmptyBody","floor":5},{"not_picked":["Study","Fasting2"],"picked":"DevaForm","floor":6},{"not_picked":["FlyingSleeves","Indignation","InnerPeace"],"picked":"SKIP","floor":7},{"not_picked":["CutThroughFate","WaveOfTheHand"],"picked":"DeceiveReality","floor":8},{"not_picked":["EmptyBody","ClearTheMind","Sanctity"],"picked":"SKIP","floor":11},{"not_picked":["Protect","ClearTheMind"],"picked":"Crescendo","floor":14}],"player_experience":68341,"relics_obtained":[{"floor":6,"key":"Thread and Needle"},{"floor":8,"key":"Tiny Chest"}],"event_choices":[{"damage_healed":0,"gold_gain":0,"player_choice":"Success","damage_taken":3,"relics_obtained":["Oddly Smooth Stone"],"max_hp_gain":0,"max_hp_loss":0,"event_name":"Scrap Ooze","floor":13,"gold_loss":0}],"is_beta":false,"boss_relics":[],"items_purged_floors":[],"is_endless":false,"potions_floor_spawned":[2,4,6,7,8],"killed_by":"Slime Boss","ascension_level":0}}