{"host":"alk2ftu785mujiir","time":1612461045,"event":{"mods":["BaseMod","Colored Map","Downfall","Minty Spire (QoL Compilation)","StSLib"],"gold_per_floor":[99,116,134,134,148,148,148,16,26,54,54,80,26,38,53,53,53,53],"floor_reached":16,"language":"ENG","playtime":616,"items_purged":[],"score":118,"play_id":"fa1538f0-8611-4f67-a08e-127a0a46d803","local_time":"20210204125045","is_ascension_mode":true,"campfire_choices":[{"data":"bronze:Replicate","floor":1.0,"key":"SMITH"},{"data":"bronze:Iterate","floor":6.0,"key":"SMITH"},{"floor":11.0,"key":"REST"}],"circlet_count":0,"master_deck":["bronze:Strike","bronze:Strike","bronze:Strike","bronze:Defend","bronze:Defend","bronze:Defend","bronze:Defend","bronze:Replicate+1","bronze:Goto","bronze:Iterate+1","bronze:Constructor","bronze:SpaghettiCode","bronze:Separator","bronze:Flail","bronze:Optimize","bronze:Terminator","bronze:HardenedForm","bronze:Philosophize","bronze:Boost","bronze:FineTuning"],"relics":["bronze:BronzeCore","Potion Belt","MawBank"],"acts_visited":["Exordium"],"potions_floor_usage":[12],"damage_taken":[{"damage":4.0,"enemies":"Cultist","floor":2.0,"turns":4.0},{"damage":0.0,"enemies":"2 Louse","floor":3.0,"turns":3.0},{"damage":1.0,"enemies":"Jaw Worm","floor":5.0,"turns":2.0},{"damage":10.0,"enemies":"downfall:FleeingMerchant","floor":8.0,"turns":4.0},{"damage":0.0,"enemies":"Large Slime","floor":9.0,"turns":3.0},{"damage":31.0,"enemies":"Lagavulin","floor":10.0,"turns":4.0},{"damage":13,"enemies":"3 Sentries","floor":12,"turns":3},{"damage":10,"enemies":"downfall:FleeingMerchant","floor":13,"turns":4},{"damage":10,"enemies":"Lots of Slimes","floor":14,"turns":2},{"damage":18,"enemies":"3 Louse","floor":15,"turns":3},{"damage":3,"enemies":"IC_STATUS_ARCHETYPE","floor":16,"turns":1}],"seed_played":"-9146034563755997567","potions_obtained":[{"floor":10.0,"key":"sneckomod:MuddlingPotion"},{"floor":12,"key":"DuplicationPotion"},{"floor":14,"key":"sneckomod:MuddlingPotion"},{"floor":15,"key":"Dexterity Potion"}],"is_trial":false,"path_per_floor":["R","M","M","?","M","R","T","$","M","E","R","E","$","M","M","B"],"character_chosen":"THE_AUTOMATON","items_purchased":["bronze:Optimize","bronze:Terminator","bronze:FineTuning"],"campfire_rested":1,"item_purchase_floors":[8,8,13],"current_hp_per_floor":[77,73,73,73,72,72,72,62,62,31,54,41,31,21,3,0,0,0],"gold":53,"neow_bonus":"TEN_PERCENT_HP_BONUS","is_daily":false,"chose_seed":false,"campfire_upgraded":2,"win_rate":0.0,"timestamp":1612461045,"path_taken":["R","M","M","?","M","R","T","$","M","E","R","E","?","M","M","BOSS"],"items_purchased_type":["Card","Card","Card"],"build_version":"2020-12-22","purchased_purges":0,"victory":false,"max_hp_per_floor":[77,77,77,77,77,77,77,77,77,77,77,77,77,77,77,77,77,77],"card_choices":[{"not_picked":["bronze:FineTuning","bronze:Shield"],"picked":"bronze:Iterate","floor":2.0},{"not_picked":["bronze:DarkDash","bronze:DelayedGuard"],"picked":"bronze:Constructor","floor":3.0},{"not_picked":["bronze:DelayedSlice","bronze:NullPointer"],"picked":"bronze:Separator","floor":5.0},{"not_picked":["bronze:CutThrough","bronze:BronzeArmor"],"picked":"bronze:Flail","floor":8.0},{"not_picked":["bronze:Allocate","bronze:CutThrough","bronze:WildBeam"],"picked":"SKIP","floor":9.0},{"not_picked":["bronze:Allocate","bronze:Overload"],"picked":"bronze:HardenedForm","floor":10.0},{"not_picked":["bronze:Break","bronze:Allocate"],"picked":"bronze:Philosophize","floor":12},{"not_picked":["bronze:Branch","bronze:Fortify"],"picked":"bronze:Boost","floor":13},{"not_picked":["bronze:BugBarrage","bronze:Constructor","bronze:BronzeArmor"],"picked":"SKIP","floor":14},{"not_picked":["bronze:Boost","bronze:Constructor","bronze:Refactor"],"picked":"SKIP","floor":15}],"player_experience":1802500,"relics_obtained":[{"floor":10.0,"key":"Potion Belt"},{"floor":12,"key":"MawBank"}],"event_choices":[],"is_beta":false,"boss_relics":[],"items_purged_floors":[],"is_endless":false,"potions_floor_spawned":[10,12,14,15],"killed_by":"IC_STATUS_ARCHETYPE","ascension_level":1}}