{"host":"1gxyv4nzk9y6vrq3","time":1612478005,"event":{"mods":["BaseMod","Downfall","Duelist Mod","Hermit","Marisa????????","Minty Spire (QoL Compilation)","SOS???????","StSLib","The Animator","The Bladedancer","The Disciple","The Runesmith","The Senshi","The Servant 0.9.4"],"gold_per_floor":[109,120,130,55,74,108,108,108,133,133,133,153,165,165,165,165,165],"floor_reached":16,"language":"ENG","playtime":1085,"items_purged":["hermit:Strike_Hermit"],"score":102,"play_id":"10696b62-9849-47f8-9113-25df9de6faa1","local_time":"20210204143325","is_ascension_mode":false,"campfire_choices":[{"floor":7,"key":"REST"},{"floor":15,"key":"REST"}],"circlet_count":0,"master_deck":["hermit:Strike_Hermit","hermit:Strike_Hermit","hermit:Strike_Hermit","hermit:Defend_Hermit+1","hermit:Defend_Hermit","hermit:Defend_Hermit","hermit:Defend_Hermit","hermit:Snapshot","hermit:Covet","hermit:Grudge+1","hermit:Misfire","hermit:GhostlyPresence","hermit:Headshot","hermit:Headshot","hermit:TakeAim","hermit:ShadowCloak"],"relics":["hermit:Momento","theSenshi:SailorFukuRelic","Juzu Bracelet","Regal Pillow"],"acts_visited":["Exordium"],"potions_floor_usage":[6,6],"damage_taken":[{"damage":0,"enemies":"Cultist","floor":1,"turns":3},{"damage":6,"enemies":"Jaw Worm","floor":2,"turns":3},{"damage":0,"enemies":"2 Louse","floor":3,"turns":2},{"damage":0,"enemies":"2 Fungi Beasts","floor":5,"turns":2},{"damage":26,"enemies":"3 Sentries","floor":6,"turns":8},{"damage":8,"enemies":"Exordium Thugs","floor":12,"turns":4},{"damage":12,"enemies":"Looter","floor":13,"turns":3},{"damage":68,"enemies":"Slime Boss","floor":16,"turns":11}],"seed_played":"-8793761531688182713","potions_obtained":[{"floor":2,"key":"Swift Potion"},{"floor":3,"key":"Dexterity Potion"},{"floor":12,"key":"SteroidPotion"}],"is_trial":false,"path_per_floor":["M","M","M","$","M","E","R","?","T","?","?","M","M","?","R","B"],"character_chosen":"HERMIT","items_purchased":[],"campfire_rested":2,"item_purchase_floors":[],"current_hp_per_floor":[82,76,76,76,76,50,74,74,74,58,46,38,26,26,65,0,0],"gold":165,"neow_bonus":"TEN_PERCENT_HP_BONUS","is_daily":false,"chose_seed":false,"campfire_upgraded":0,"win_rate":0.0,"timestamp":1612478005,"path_taken":["M","M","M","$","?","E","R","?","T","?","?","M","M","?","R","BOSS"],"items_purchased_type":[],"build_version":"2020-12-22","purchased_purges":1,"victory":false,"max_hp_per_floor":[82,82,82,82,82,82,82,82,82,82,82,82,82,82,82,82,82],"card_choices":[{"not_picked":["hermit:Desperado","hermit:ShadowCloak"],"picked":"hermit:Grudge","floor":1},{"not_picked":["hermit:ShadowCloak","hermit:Snipe"],"picked":"hermit:Misfire","floor":2},{"not_picked":["hermit:Vantage","hermit:Snipe"],"picked":"hermit:GhostlyPresence","floor":3},{"not_picked":["hermit:HoleUp","hermit:CalledShot"],"picked":"hermit:Headshot","floor":5},{"not_picked":["hermit:GhostlyPresence","hermit:Cheat"],"picked":"hermit:Headshot","floor":6},{"not_picked":["hermit:Quickdraw","hermit:Shortfuse"],"picked":"hermit:TakeAim","floor":12},{"not_picked":["hermit:Grudge","hermit:Feint"],"picked":"hermit:ShadowCloak","floor":13}],"player_experience":52810,"relics_obtained":[{"floor":6,"key":"theSenshi:SailorFukuRelic"},{"floor":9,"key":"Juzu Bracelet"}],"event_choices":[{"damage_healed":0,"gold_gain":0,"player_choice":"Ignored","damage_taken":0,"max_hp_gain":0,"max_hp_loss":0,"event_name":"Golden Idol","floor":8,"gold_loss":0},{"damage_healed":0,"gold_gain":0,"player_choice":"Entered Light","damage_taken":16,"max_hp_gain":0,"max_hp_loss":0,"event_name":"Shining Light","floor":10,"gold_loss":0,"cards_upgraded":["hermit:Grudge","hermit:Defend_Hermit"]},{"damage_healed":0,"gold_gain":0,"player_choice":"Success","damage_taken":12,"relics_obtained":["Regal Pillow"],"max_hp_gain":0,"max_hp_loss":0,"event_name":"Scrap Ooze","floor":11,"gold_loss":0},{"damage_healed":0,"gold_gain":0,"player_choice":"Ignored","damage_taken":0,"max_hp_gain":0,"max_hp_loss":0,"event_name":"Liars Game","floor":14,"gold_loss":0}],"is_beta":false,"boss_relics":[],"items_purged_floors":[4],"is_endless":false,"potions_floor_spawned":[2,3,12],"killed_by":"Slime Boss","ascension_level":0}}