{"host":"f7rb14kzcw8hx1r1","time":1612432548,"event":{"mods":["BaseMod","Better Note","Better Third Choice","Colored Map","Highlight Path","Hubris","Minty Spire (QoL Compilation)","Replay The Spire","StSLib","The Forsaken"],"gold_per_floor":[111,111,36,53,3,32,32,62,87,87,142,142,154,5,5,0,0],"floor_reached":16,"language":"ENG","playtime":525,"items_purged":["Strike_G"],"score":106,"play_id":"3fa2d0cf-c3e5-46e0-b8bd-28e75cd11146","local_time":"20210204105548","is_ascension_mode":false,"campfire_choices":[{"data":"Neutralize","floor":10,"key":"SMITH"},{"floor":12,"key":"REST"},{"data":"Underhanded Strike","floor":15,"key":"SMITH"}],"circlet_count":0,"master_deck":["Strike_G","Strike_G","Strike_G","Defend_G","Defend_G","Defend_G","Defend_G","Defend_G","Survivor","Neutralize+1","Underhanded Strike+1","Hidden Blade","Blade Dance","Infinite Blades"],"relics":["Runic Dome","hubris:Icosahedron","Happy Flower","Art of War","hubris:OldNail","Blue Doll","Blood Vial"],"acts_visited":["Exordium"],"potions_floor_usage":[11],"damage_taken":[{"damage":2,"enemies":"2 Louse","floor":1,"turns":3},{"damage":8,"enemies":"Small Slimes","floor":4,"turns":5},{"damage":18,"enemies":"3 Sentries","floor":6,"turns":15},{"damage":10,"enemies":"Lagavulin","floor":8,"turns":8},{"damage":30,"enemies":"Gremlin Nob","floor":11,"turns":5},{"damage":0,"enemies":"Jaw Worm","floor":13,"turns":3},{"damage":25,"enemies":"Hexaghost","floor":16,"turns":9}],"seed_played":"-7204592902169196524","potions_obtained":[{"floor":6,"key":"Adrenaline Potion"},{"floor":13,"key":"Explosive Potion"}],"is_trial":false,"path_per_floor":["M","?","$","M","?","E","$","E","T","R","?","R","M","$","R","B"],"character_chosen":"THE_SILENT","items_purchased":["Blood Vial"],"campfire_rested":1,"item_purchase_floors":[14],"current_hp_per_floor":[68,68,68,60,60,42,42,32,32,32,2,23,23,23,23,0,0],"gold":0,"neow_bonus":"BOSS_RELIC","is_daily":false,"chose_seed":false,"campfire_upgraded":2,"win_rate":0.0,"timestamp":1612432548,"path_taken":["M","?","$","M","?","E","?","E","T","R","?","R","M","$","R","BOSS"],"items_purchased_type":["Relic"],"build_version":"2020-12-22","purchased_purges":1,"victory":false,"max_hp_per_floor":[70,70,70,70,70,70,70,70,70,70,70,70,70,70,70,70,70],"card_choices":[{"not_picked":["Flying Knee","Escape Plan"],"picked":"Underhanded Strike","floor":1},{"not_picked":["Poisoned Stab","Underhanded Strike","Flechettes"],"picked":"SKIP","floor":4},{"not_picked":["Predator","Choke"],"picked":"Hidden Blade","floor":6},{"not_picked":["Sucker Punch","Underhanded Strike","Outmaneuver"],"picked":"SKIP","floor":8},{"not_picked":["Dagger Throw","Outmaneuver"],"picked":"Blade Dance","floor":11},{"not_picked":["Dodge and Roll","ReplayTheSpireMod:Necrosis"],"picked":"Infinite Blades","floor":13}],"player_experience":957452,"relics_obtained":[{"floor":6,"key":"Happy Flower"},{"floor":8,"key":"Art of War"},{"floor":9,"key":"hubris:OldNail"},{"floor":11,"key":"Blue Doll"}],"event_choices":[{"cards_removed":["Strike_G"],"damage_healed":0,"gold_gain":0,"player_choice":"Card Removal","damage_taken":0,"max_hp_gain":0,"max_hp_loss":0,"event_name":"The Cleric","floor":5,"gold_loss":50},{"damage_healed":0,"gold_gain":0,"player_choice":"Searched \u00271\u0027 times","damage_taken":0,"max_hp_gain":0,"max_hp_loss":0,"event_name":"Dead Adventurer","floor":11,"gold_loss":0}],"is_beta":false,"boss_relics":[],"items_purged_floors":[3],"is_endless":false,"potions_floor_spawned":[6,13],"killed_by":"Hexaghost","ascension_level":0}}