{"host":"n43wxkei7kulhi8o","time":1612454652,"event":{"mods":["BaseMod","Bestiary","Block Reminder","Colored Map","Colored Powertips","Curses Come First","Custom Start","Dark Map","Highlight Path","Minty Spire (QoL Compilation)","Relic Stats","StSLib"],"gold_per_floor":[219,232,232,252,49,79,79,91,114,114,79,79,138,138,138,238,288,302,315,315,315,130,130,130,150,150,150,170,187,187,204,204,309,309,328,328,45,58,70,70,81,97,124,141,141,141,141,141,141,141],"floor_reached":51,"language":"ENG","playtime":1820,"items_purged":[],"score":647,"play_id":"25165ab4-ae43-409b-9aa4-29754eabc871","local_time":"20210204110412","is_ascension_mode":false,"campfire_choices":[{"data":"Dualcast","floor":7.0,"key":"SMITH"},{"data":"Coolheaded","floor":10.0,"key":"SMITH"},{"data":"Auto Shields","floor":12.0,"key":"SMITH"},{"data":"Conserve Battery","floor":15.0,"key":"SMITH"},{"floor":23.0,"key":"REST"},{"floor":30.0,"key":"REST"},{"data":"Defragment","floor":32.0,"key":"SMITH"},{"floor":40.0,"key":"REST"},{"floor":47.0,"key":"REST"},{"floor":49.0,"key":"REST"}],"circlet_count":0,"master_deck":["Strike_B","Strike_B","Strike_B","Defend_B+1","Defend_B","Defend_B+1","Zap+1","Dualcast+1","Cold Snap","Ball Lightning","Coolheaded+1","Ball Lightning","Auto Shields+1","Conserve Battery+1","Echo Form","Barrage+1","Leap","Capacitor","Defragment+1","Conserve Battery+1","Seek","Leap+1","Loop","Glacier+1","Barrage+1","Coolheaded+1","Defragment"],"relics":["Cracked Core","War Paint","Runic Capacitor","Art of War","Dream Catcher","Centennial Puzzle","Tiny House","MutagenicStrength","Pen Nib","CaptainsWheel","Blue Candle","Fusion Hammer","Bag of Marbles","Anchor"],"acts_visited":["Exordium","TheCity","TheBeyond"],"potions_floor_usage":[50],"damage_taken":[{"damage":3.0,"enemies":"Small Slimes","floor":1.0,"turns":2.0},{"damage":4.0,"enemies":"Jaw Worm","floor":2.0,"turns":3.0},{"damage":0.0,"enemies":"Cultist","floor":4.0,"turns":2.0},{"damage":4.0,"enemies":"Lagavulin","floor":6.0,"turns":5.0},{"damage":0.0,"enemies":"Exordium Wildlife","floor":8.0,"turns":3.0},{"damage":7.0,"enemies":"Lagavulin Event","floor":13.0,"turns":5.0},{"damage":4.0,"enemies":"Slime Boss","floor":16.0,"turns":9.0},{"damage":26.0,"enemies":"2 Thieves","floor":18.0,"turns":4.0},{"damage":16.0,"enemies":"Spheric Guardian","floor":19.0,"turns":4.0},{"damage":24.0,"enemies":"Snecko","floor":25.0,"turns":7.0},{"damage":15.0,"enemies":"Snake Plant","floor":28.0,"turns":5.0},{"damage":6.0,"enemies":"Cultist and Chosen","floor":29.0,"turns":6.0},{"damage":0.0,"enemies":"Centurion and Healer","floor":31.0,"turns":6.0},{"damage":27.0,"enemies":"Champ","floor":33.0,"turns":9.0},{"damage":2.0,"enemies":"3 Shapes","floor":35.0,"turns":4.0},{"damage":0.0,"enemies":"Orb Walker","floor":38.0,"turns":3.0},{"damage":4.0,"enemies":"Jaw Worm Horde","floor":39.0,"turns":5.0},{"damage":13.0,"enemies":"4 Shapes","floor":41.0,"turns":5.0},{"damage":18.0,"enemies":"3 Darklings","floor":42.0,"turns":6.0},{"damage":0.0,"enemies":"Transient","floor":44.0,"turns":5.0},{"damage":18,"enemies":"Donu and Deca","floor":50,"turns":8}],"seed_played":"7212979096499778779","potions_obtained":[{"floor":1.0,"key":"Weak Potion"},{"floor":2.0,"key":"LiquidMemories"},{"floor":6.0,"key":"SkillPotion"},{"floor":33.0,"key":"BlessingOfTheForge"},{"floor":39.0,"key":"DuplicationPotion"},{"floor":44.0,"key":"Energy Potion"}],"is_trial":false,"path_per_floor":["M","M","?","M","$","E","R","M","T","R","?","R","?","$","R","B",null,"M","M","$","?","$","R","T","M","T","$","M","M","R","M","R","B",null,"M","?","$","M","M","R","M","M","T","M","$","?","R","?","R","B",null],"character_chosen":"DEFECT","items_purchased":["Runic Capacitor","Ball Lightning","Pen Nib","Capacitor","Bag of Marbles","Loop","Fruit Juice"],"campfire_rested":5,"item_purchase_floors":[5,5,22,22,37,37,37],"current_hp_per_floor":[72,68,50,50,50,46,46,46,46,46,64,64,57,57,57,53,80,54,38,38,38,38,62,62,38,38,38,23,17,41,41,41,14,80,78,78,83,83,79,85,72,54,54,54,54,54,79,79,85,67],"gold":141,"neow_bonus":"HUNDRED_GOLD","is_daily":false,"chose_seed":false,"campfire_upgraded":5,"win_rate":0.0,"timestamp":1612454652,"path_taken":["M","M","?","M","$","E","R","M","T","R","?","R","?","$","R","BOSS","M","M","$","?","$","R","?","M","T","?","M","M","R","M","R","BOSS","M","?","$","M","M","R","?","M","T","M","$","?","R","?","R","BOSS"],"items_purchased_type":["Relic","Card","Relic","Card","Relic","Card","Potion"],"build_version":"2020-12-22","purchased_purges":0,"victory":true,"max_hp_per_floor":[75,75,75,75,75,75,75,75,75,75,75,75,75,75,75,75,80,80,80,80,80,80,80,80,80,80,80,80,80,80,80,80,80,80,80,80,85,85,85,85,85,85,85,85,85,85,85,85,85,85],"relic_stats":{"Dream Catcher":5,"Centennial Puzzle":[36],"counters":[21,106],"Blue Candle":[0],"Pen Nib":[11],"Art of War":[11],"War Paint":["Zap","Defend_B"],"obtain_stats":[{"Tiny House":17,"Blue Candle":26,"Pen Nib":22,"Runic Capacitor":5,"War Paint":3,"Dream Catcher":9,"Centennial Puzzle":13,"CaptainsWheel":24,"Anchor":43,"MutagenicStrength":21,"Fusion Hammer":34,"Art of War":6,"Bag of Marbles":37,"Cracked Core":0},{"Tiny House":7,"Blue Candle":10,"Pen Nib":9,"Runic Capacitor":3,"War Paint":2,"Dream Catcher":5,"Centennial Puzzle":6,"CaptainsWheel":9,"Anchor":19,"MutagenicStrength":9,"Fusion Hammer":14,"Art of War":4,"Bag of Marbles":15,"Cracked Core":0},{"Tiny House":29,"Blue Candle":44,"Pen Nib":37,"Runic Capacitor":7,"War Paint":5,"Dream Catcher":15,"Centennial Puzzle":20,"CaptainsWheel":37,"Anchor":93,"MutagenicStrength":37,"Fusion Hammer":70,"Art of War":12,"Bag of Marbles":74,"Cracked Core":0}]},"card_choices":[{"not_picked":["Rip and Tear","Sweeping Beam"],"picked":"Cold Snap","floor":1.0},{"not_picked":["Stack","Turbo"],"picked":"Ball Lightning","floor":2.0},{"not_picked":["Sunder","White Noise"],"picked":"Coolheaded","floor":4.0},{"not_picked":["White Noise","Go for the Eyes"],"picked":"Auto Shields","floor":6.0},{"not_picked":["Go for the Eyes","Beam Cell"],"picked":"Conserve Battery","floor":8.0},{"not_picked":["Creative AI","Fission"],"picked":"Echo Form","floor":16.0},{"not_picked":["Compile Driver","Rebound"],"picked":"Barrage+1","floor":18.0},{"not_picked":["Reprogram","Ball Lightning"],"picked":"Leap","floor":19.0},{"not_picked":["Sweeping Beam","Electrodynamics"],"picked":"Defragment","floor":25.0},{"not_picked":["Barrage+1","Sunder","Streamline"],"picked":"SKIP","floor":28.0},{"not_picked":["Ball Lightning","Sunder"],"picked":"Conserve Battery+1","floor":29.0},{"not_picked":["Aggregate","Sweeping Beam+1","Lockon"],"picked":"SKIP","floor":31.0},{"not_picked":["All For One","Core Surge"],"picked":"Seek","floor":33.0},{"not_picked":["Scrape+1","Steam"],"picked":"Leap+1","floor":35.0},{"not_picked":["Redo","Hologram","Heatsinks+1"],"picked":"SKIP","floor":38.0},{"not_picked":["Reinforced Body","Genetic Algorithm"],"picked":"Glacier+1","floor":39.0},{"not_picked":["Steam+1","Beam Cell+1"],"picked":"Barrage+1","floor":41.0},{"not_picked":["Static Discharge+1","Beam Cell","Coolheaded+1"],"picked":"SKIP","floor":42.0},{"not_picked":["Static Discharge+1","Beam Cell"],"picked":"Coolheaded+1","floor":42.0},{"not_picked":["Coolheaded+1","Steam Power+1","Cold Snap+1"],"picked":"SKIP","floor":44.0},{"not_picked":["Barrage+1","Skim+1"],"picked":"Defragment","floor":49.0}],"player_experience":673877,"relics_obtained":[{"floor":6.0,"key":"Art of War"},{"floor":9.0,"key":"Dream Catcher"},{"floor":13.0,"key":"Centennial Puzzle"},{"floor":24.0,"key":"CaptainsWheel"},{"floor":26.0,"key":"Blue Candle"},{"floor":43.0,"key":"Anchor"}],"event_choices":[{"damage_healed":0.0,"max_hp_gain":0.0,"max_hp_loss":0.0,"gold_gain":0.0,"event_name":"Scrap Ooze","player_choice":"Success","floor":3.0,"gold_loss":0.0,"damage_taken":18.0,"relics_obtained":["War Paint"]},{"damage_healed":18.0,"max_hp_gain":0.0,"max_hp_loss":0.0,"gold_gain":0.0,"event_name":"The Cleric","player_choice":"Healed","floor":11.0,"gold_loss":35.0,"damage_taken":0.0},{"damage_healed":0.0,"max_hp_gain":0.0,"max_hp_loss":0.0,"gold_gain":0.0,"event_name":"Dead Adventurer","player_choice":"Searched \u00271\u0027 times","floor":13.0,"gold_loss":0.0,"damage_taken":0.0},{"damage_healed":0.0,"max_hp_gain":0.0,"max_hp_loss":0.0,"gold_gain":0.0,"event_name":"Drug Dealer","player_choice":"Inject Mutagens","floor":21.0,"gold_loss":0.0,"damage_taken":0.0,"relics_obtained":["MutagenicStrength"]},{"cards_removed":["Defend_B"],"damage_healed":0.0,"max_hp_gain":0.0,"max_hp_loss":0.0,"gold_gain":0.0,"event_name":"Purifier","player_choice":"Purged","floor":36.0,"gold_loss":0.0,"damage_taken":0.0},{"cards_removed":["Strike_B"],"damage_healed":0.0,"max_hp_gain":0.0,"max_hp_loss":0.0,"gold_gain":0.0,"event_name":"Falling","player_choice":"Removed Attack","floor":46.0,"gold_loss":0.0,"damage_taken":0.0},{"damage_healed":0.0,"max_hp_gain":0.0,"max_hp_loss":0.0,"gold_gain":0.0,"event_name":"Mysterious Sphere","player_choice":"Ignored","floor":48.0,"gold_loss":0.0,"damage_taken":0.0}],"is_beta":false,"boss_relics":[{"not_picked":["FrozenCore","Pandora\u0027s Box"],"picked":"Tiny House"},{"not_picked":["Black Star","Astrolabe"],"picked":"Fusion Hammer"}],"items_purged_floors":[],"is_endless":false,"potions_floor_spawned":[1,2,6,13,29,33,39,44],"ascension_level":0}}