{"host":"8rqsnaeml9gxb0kp","time":1612428196,"event":{"mods":["AchievementEnabler","BaseMod","Dark Map","Minty Spire (QoL Compilation)","Relic Stats","StSLib","slay the spire mod where everything is the same but ironclad has a cowboy hat"],"gold_per_floor":[110,128,128,128,53,53,69,69,69,95,95,95,108,128,128,206,206,223,51,251,171,171],"floor_reached":21,"language":"ENG","playtime":791,"items_purged":["Strike_R"],"score":336,"play_id":"4c7d7051-dfa3-41be-ba21-96ce66068625","local_time":"20210204004316","is_ascension_mode":true,"campfire_choices":[{"data":"Bash","floor":6.0,"key":"SMITH"},{"data":"Cleave","floor":8.0,"key":"SMITH"},{"data":"Berserk","floor":11.0,"key":"SMITH"},{"floor":15,"key":"REST"}],"circlet_count":0,"master_deck":["AscendersBane","Strike_R","Strike_R","Strike_R","Strike_R","Defend_R","Defend_R","Defend_R","Bash+1","Cleave+1","Twin Strike","Combust","Berserk+1","Armaments","Battle Trance","Offering","Hemokinesis"],"relics":["Black Blood","Lantern","Pen Nib","Sling"],"acts_visited":["Exordium","TheCity"],"potions_floor_usage":[16,16,21],"damage_taken":[{"damage":14.0,"enemies":"Jaw Worm","floor":1.0,"turns":3.0},{"damage":4.0,"enemies":"Small Slimes","floor":2.0,"turns":4.0},{"damage":9.0,"enemies":"2 Louse","floor":7.0,"turns":2.0},{"damage":34.0,"enemies":"3 Sentries","floor":10.0,"turns":5.0},{"damage":15.0,"enemies":"Exordium Wildlife","floor":13.0,"turns":3.0},{"damage":0,"enemies":"Lots of Slimes","floor":14,"turns":1},{"damage":42,"enemies":"The Guardian","floor":16,"turns":10},{"damage":64,"enemies":"Shell Parasite","floor":18,"turns":5},{"damage":30,"enemies":"2 Thieves","floor":21,"turns":2}],"seed_played":"-7498463286376874815","potions_obtained":[{"floor":2.0,"key":"LiquidBronze"},{"floor":7.0,"key":"Fruit Juice"},{"floor":10.0,"key":"Dexterity Potion"},{"floor":18,"key":"Weak Potion"}],"is_trial":false,"path_per_floor":["M","M","?","?","$","R","M","R","T","E","R","?","M","M","R","B",null,"M","$","?","M"],"character_chosen":"IRONCLAD","items_purchased":["Sling"],"campfire_rested":1,"item_purchase_floors":[19],"current_hp_per_floor":[67,69,69,62,62,62,59,59,59,36,36,41,32,38,65,29,76,24,24,24,0,0],"gold":171,"neow_bonus":"TEN_PERCENT_HP_BONUS","is_daily":false,"chose_seed":false,"campfire_upgraded":3,"win_rate":0.0,"timestamp":1612428196,"path_taken":["M","M","?","?","?","R","M","R","T","E","R","?","M","M","R","BOSS","M","$","?","M"],"items_purchased_type":["Relic"],"build_version":"2020-12-22","purchased_purges":1,"victory":false,"max_hp_per_floor":[82,82,82,82,82,82,82,82,82,87,87,92,92,92,92,92,92,92,92,92,92,92],"relic_stats":{"counters":[9,35],"Black Blood":54,"Pen Nib":[4],"obtain_stats":[{"Lantern":9,"Black Blood":17,"Pen Nib":10,"Sling":19,"Burning Blood":0},{"Lantern":3,"Black Blood":7,"Pen Nib":4,"Sling":8,"Burning Blood":0},{"Lantern":9,"Black Blood":28,"Pen Nib":14,"Sling":33,"Burning Blood":0}]},"card_choices":[{"not_picked":["Headbutt","True Grit"],"picked":"Cleave","floor":1.0},{"not_picked":["Pommel Strike","Offering"],"picked":"Twin Strike","floor":2.0},{"not_picked":["Intimidate","Dual Wield"],"picked":"Combust","floor":7.0},{"not_picked":["Battle Trance","Havoc"],"picked":"Berserk","floor":10.0},{"not_picked":["Seeing Red","Clothesline"],"picked":"Armaments","floor":13.0},{"not_picked":["Havoc","Perfected Strike"],"picked":"Battle Trance","floor":14},{"not_picked":["Exhume","Fiend Fire"],"picked":"Offering","floor":16},{"not_picked":["Flex","Clothesline"],"picked":"Hemokinesis","floor":18}],"player_experience":181228,"relics_obtained":[{"floor":9.0,"key":"Lantern"},{"floor":10.0,"key":"Pen Nib"}],"event_choices":[{"damage_healed":0.0,"max_hp_gain":0.0,"max_hp_loss":0.0,"gold_gain":0.0,"event_name":"Shining Light","player_choice":"Ignored","floor":3.0,"gold_loss":0.0,"damage_taken":0.0},{"cards_removed":["Defend_R"],"damage_healed":0.0,"max_hp_gain":0.0,"max_hp_loss":0.0,"gold_gain":0.0,"event_name":"Golden Wing","player_choice":"Card Removal","floor":4.0,"gold_loss":0.0,"damage_taken":7.0},{"damage_healed":0.0,"max_hp_gain":5.0,"max_hp_loss":0.0,"gold_gain":0.0,"event_name":"Big Fish","player_choice":"Donut","floor":12.0,"gold_loss":0.0,"damage_taken":0.0},{"damage_healed":0,"gold_gain":250,"player_choice":"Bet on Owner","damage_taken":0,"max_hp_gain":0,"max_hp_loss":0,"event_name":"The Joust","floor":20,"gold_loss":50}],"is_beta":false,"boss_relics":[{"not_picked":["Coffee Dripper","Sozu"],"picked":"Black Blood"}],"items_purged_floors":[5],"is_endless":false,"potions_floor_spawned":[2,7,10,14,18],"killed_by":"2 Thieves","ascension_level":18}}