{"host":"bxn2em57qlx5u4i0","time":1612400051,"event":{"mods":["BaseMod","Colored Map","Colored Powertips","Highlight Path","Minty Spire (QoL Compilation)","Random Character Button","Relic Sorter","Relic Stats","StSLib","SuperFastMode"],"gold_per_floor":[109,109,119,44,44,44,44,75,100,100,128,128,162,175,175,252,252,262,27,27,42,61,61,104,104,104,104,131,169,183,208,208,289,289,321,346,296,316,340,365,390,390,390,74,93,135,164,189,189,189,189,189,189,28,59,59],"floor_reached":57,"language":"ENG","playtime":3744,"items_purged":["Strike_G","Strike_G+1"],"score":2936,"play_id":"2e9642b4-949e-41cd-bf03-54deaf55c3aa","local_time":"20210203195411","is_ascension_mode":true,"campfire_choices":[{"data":"Predator","floor":6.0,"key":"SMITH"},{"data":"Neutralize","floor":12.0,"key":"SMITH"},{"data":"Bullet Time","floor":15.0,"key":"SMITH"},{"data":"Acrobatics","floor":23.0,"key":"SMITH"},{"data":"After Image","floor":25.0,"key":"SMITH"},{"data":"Noxious Fumes","floor":32.0,"key":"SMITH"},{"data":"Envenom","floor":42.0,"key":"SMITH"},{"floor":49.0,"key":"RECALL"},{"floor":53.0,"key":"REST"}],"circlet_count":0,"master_deck":["AscendersBane","Strike_G+1","Strike_G+1","Defend_G+1","Defend_G+1","Defend_G+1","Defend_G+1","Defend_G+1","Survivor+1","Neutralize+1","Predator+1","PiercingWail+1","Flying Knee+1","Backflip","Dagger Spray+1","Bullet Time+1","Adrenaline","After Image+1","Backflip+1","Acrobatics+1","Envenom+1","Caltrops+1","Backflip","Noxious Fumes+1","Night Terror+1","Adrenaline+1","Leg Sweep+1","Deflect+1","Malaise+1","Deflect+1","Acrobatics+1","Blur+1","Backflip+1","Backflip+1","Calculated Gamble+1","Blur+1","Swift Strike+1"],"relics":["Ring of the Serpent","NeowsBlessing","Strawberry","MealTicket","Paper Crane","War Paint","Prayer Wheel","SlaversCollar","CeramicFish","Toxic Egg 2","Whetstone","WingedGreaves","Ninja Scroll","Akabeko","Bottled Tornado","Medical Kit","Molten Egg 2","Bag of Preparation"],"acts_visited":["Exordium","TheCity","TheBeyond","TheEnding"],"potions_floor_usage":[56,56],"damage_taken":[{"damage":0.0,"enemies":"Small Slimes","floor":1.0,"turns":1.0},{"damage":0.0,"enemies":"Cultist","floor":3.0,"turns":1.0},{"damage":0.0,"enemies":"Lagavulin","floor":8.0,"turns":1.0},{"damage":28.0,"enemies":"Gremlin Nob","floor":11.0,"turns":4.0},{"damage":15.0,"enemies":"Lagavulin","floor":13.0,"turns":10.0},{"damage":0.0,"enemies":"2 Louse","floor":14.0,"turns":2.0},{"damage":16.0,"enemies":"The Guardian","floor":16.0,"turns":19.0},{"damage":12.0,"enemies":"2 Thieves","floor":18.0,"turns":4.0},{"damage":0.0,"enemies":"Chosen","floor":21.0,"turns":5.0},{"damage":0.0,"enemies":"Snecko","floor":22.0,"turns":6.0},{"damage":34.0,"enemies":"Gremlin Leader","floor":24.0,"turns":10.0},{"damage":0.0,"enemies":"Snake Plant","floor":28.0,"turns":4.0},{"damage":13.0,"enemies":"Book of Stabbing","floor":29.0,"turns":5.0},{"damage":6.0,"enemies":"Shelled Parasite and Fungi","floor":30.0,"turns":10.0},{"damage":0.0,"enemies":"Gremlin Leader","floor":31.0,"turns":6.0},{"damage":1.0,"enemies":"Automaton","floor":33.0,"turns":9.0},{"damage":12.0,"enemies":"Orb Walker","floor":35.0,"turns":5.0},{"damage":0.0,"enemies":"Mind Bloom Boss Battle","floor":36.0,"turns":10.0},{"damage":0.0,"enemies":"3 Darklings","floor":38.0,"turns":5.0},{"damage":4.0,"enemies":"Spire Growth","floor":39.0,"turns":7.0},{"damage":16.0,"enemies":"Giant Head","floor":40.0,"turns":13.0},{"damage":1.0,"enemies":"Nemesis","floor":41.0,"turns":11.0},{"damage":5.0,"enemies":"Writhing Mass","floor":45.0,"turns":9.0},{"damage":0.0,"enemies":"Giant Head","floor":46.0,"turns":9.0},{"damage":17.0,"enemies":"3 Darklings","floor":47.0,"turns":11.0},{"damage":0.0,"enemies":"Maw","floor":48.0,"turns":10.0},{"damage":8.0,"enemies":"Donu and Deca","floor":50.0,"turns":13.0},{"damage":1.0,"enemies":"Awakened One","floor":51.0,"turns":32.0},{"damage":6.0,"enemies":"Shield and Spear","floor":55.0,"turns":11.0},{"damage":30,"enemies":"The Heart","floor":56,"turns":15}],"seed_played":"-8688188845888000031","potions_obtained":[{"floor":11.0,"key":"SmokeBomb"},{"floor":13.0,"key":"SteroidPotion"},{"floor":14.0,"key":"Regen Potion"},{"floor":21.0,"key":"PowerPotion"},{"floor":24.0,"key":"Dexterity Potion"},{"floor":28.0,"key":"FearPotion"},{"floor":31.0,"key":"Ancient Potion"},{"floor":48.0,"key":"Explosive Potion"}],"is_trial":false,"path_per_floor":["M","?","M","$","?","R","$","E","T","T","E","R","E","M","R","B",null,"M","$","?","M","M","R","E","R","T","?","M","E","M","E","R","B",null,"M","?","?","M","M","E","E","R","T","$","M","E","M","M","R","B","B",null,"R","$","E","B",null],"character_chosen":"THE_SILENT","items_purchased":["After Image","FearPotion","Medical Kit","Acrobatics+1","Blur+1","Swift Strike+1"],"campfire_rested":1,"item_purchase_floors":[19,19,44,44,54,54],"current_hp_per_floor":[59,59,59,59,59,59,59,66,66,66,38,38,23,23,23,7,57,57,72,72,72,72,72,38,38,38,38,38,25,19,19,19,18,59,47,47,47,47,43,27,26,26,26,41,36,36,19,19,19,11,10,57,73,73,67,37],"gold":59,"neow_bonus":"THREE_ENEMY_KILL","is_daily":false,"chose_seed":false,"campfire_upgraded":7,"win_rate":0.0,"timestamp":1612400051,"path_taken":["M","?","?","$","?","R","$","E","T","?","E","R","E","?","R","BOSS","M","$","?","M","M","R","E","R","T","?","M","E","M","E","R","BOSS","M","?","?","M","?","E","E","R","T","$","M","E","M","M","R","BOSS","BOSS","R","$","E","BOSS"],"items_purchased_type":["Card","Potion","Relic","Card","Card","Card"],"build_version":"2020-12-22","purchased_purges":2,"victory":true,"max_hp_per_floor":[66,66,66,66,66,66,66,73,73,73,73,73,73,73,73,73,73,73,73,73,73,73,73,73,73,73,73,73,73,73,73,73,73,73,73,73,73,73,73,73,73,73,73,73,73,73,73,73,73,73,73,73,73,73,73,73],"relic_stats":{"counters":[30,258],"CeramicFish":135,"MealTicket":30,"Prayer Wheel":13,"Bag of Preparation":[1],"Whetstone":["Dagger Spray","Flying Knee"],"War Paint":["Defend_G","Survivor"],"Medical Kit":[21],"obtain_stats":[{"NeowsBlessing":0,"CeramicFish":24,"Bag of Preparation":55,"Whetstone":31,"Paper Crane":10,"War Paint":11,"Bottled Tornado":43,"Medical Kit":44,"Akabeko":41,"SlaversCollar":17,"Ninja Scroll":40,"Strawberry":8,"MealTicket":9,"Prayer Wheel":13,"Molten Egg 2":46,"WingedGreaves":36,"Toxic Egg 2":29,"Ring of the Serpent":34,"Ring of the Snake":0},{"NeowsBlessing":0,"CeramicFish":11,"Bag of Preparation":29,"Whetstone":15,"Paper Crane":3,"War Paint":4,"Bottled Tornado":22,"Medical Kit":22,"Akabeko":22,"SlaversCollar":7,"Ninja Scroll":21,"Strawberry":3,"MealTicket":3,"Prayer Wheel":5,"Molten Egg 2":24,"WingedGreaves":18,"Toxic Egg 2":13,"Ring of the Serpent":16,"Ring of the Snake":0},{"NeowsBlessing":0,"CeramicFish":63,"Bag of Preparation":243,"Whetstone":88,"Paper Crane":3,"War Paint":7,"Bottled Tornado":148,"Medical Kit":148,"Akabeko":148,"SlaversCollar":38,"Ninja Scroll":137,"Strawberry":3,"MealTicket":3,"Prayer Wheel":17,"Molten Egg 2":166,"WingedGreaves":112,"Toxic Egg 2":72,"Ring of the Serpent":97,"Ring of the Snake":0}]},"card_choices":[{"not_picked":["Dodge and Roll","Endless Agony"],"picked":"Predator","floor":1.0},{"not_picked":["Prepared","Backflip"],"picked":"PiercingWail","floor":3.0},{"not_picked":["Deflect","Accuracy"],"picked":"Flying Knee","floor":8.0},{"not_picked":["Dagger Throw","Accuracy"],"picked":"Backflip","floor":11.0},{"not_picked":["Flechettes","Outmaneuver"],"picked":"Dagger Spray","floor":13.0},{"not_picked":["Quick Slash","Prepared"],"picked":"Bullet Time","floor":14.0},{"not_picked":["Tactician","Prepared","Eviscerate"],"picked":"SKIP","floor":14.0},{"not_picked":["Venomology","Bullet Time"],"picked":"Adrenaline","floor":16.0},{"not_picked":["Choke+1","Slice+1","Flying Knee"],"picked":"SKIP","floor":18.0},{"not_picked":["Flying Knee","Prepared","Poisoned Stab"],"picked":"SKIP","floor":18.0},{"not_picked":["Dodge and Roll","Quick Slash"],"picked":"Backflip","floor":21.0},{"not_picked":["Quick Slash","Deflect"],"picked":"Acrobatics","floor":21.0},{"not_picked":["Dodge and Roll+1","PiercingWail"],"picked":"Envenom","floor":22.0},{"not_picked":["Prepared","Night Terror"],"picked":"Caltrops+1","floor":22.0},{"not_picked":["Sucker Punch","Skewer+1"],"picked":"Backflip","floor":24.0},{"not_picked":["Backstab","Outmaneuver"],"picked":"Noxious Fumes","floor":28.0},{"not_picked":["Bouncing Flask","Tactician","Flechettes"],"picked":"SKIP","floor":28.0},{"not_picked":["Poisoned Stab+1","Dagger Spray"],"picked":"Night Terror+1","floor":29.0},{"not_picked":["Dagger Spray","Dash","Dodge and Roll+1"],"picked":"SKIP","floor":30.0},{"not_picked":["Dagger Throw","Deadly Poison+1","Concentrate+1"],"picked":"SKIP","floor":30.0},{"not_picked":["Deadly Poison+1","Endless Agony","Dodge and Roll+1"],"picked":"SKIP","floor":31.0},{"not_picked":["Wraith Form v2","Corpse Explosion+1"],"picked":"Adrenaline+1","floor":33.0},{"not_picked":["Outmaneuver+1","Expertise+1"],"picked":"Leg Sweep+1","floor":35.0},{"not_picked":["Caltrops+1","Cloak And Dagger+1"],"picked":"Deflect+1","floor":35.0},{"not_picked":["Predator","Distraction+1"],"picked":"Malaise+1","floor":38.0},{"not_picked":["Prepared+1","Caltrops","Eviscerate"],"picked":"SKIP","floor":38.0},{"not_picked":["Infinite Blades","Dash"],"picked":"Deflect+1","floor":39.0},{"not_picked":["Bouncing Flask+1","Heel Hook","Dagger Throw"],"picked":"SKIP","floor":39.0},{"not_picked":["Bouncing Flask+1","Heel Hook","Dagger Throw"],"picked":"SKIP","floor":39.0},{"not_picked":["Distraction+1","Dodge and Roll+1","Eviscerate"],"picked":"SKIP","floor":40.0},{"not_picked":["Distraction+1","Dodge and Roll+1","Eviscerate"],"picked":"SKIP","floor":40.0},{"not_picked":["Flying Knee+1","Dodge and Roll+1","Accuracy"],"picked":"SKIP","floor":41.0},{"not_picked":["Prepared+1","Grand Finale","Leg Sweep+1"],"picked":"SKIP","floor":45.0},{"not_picked":["Flying Knee+1","Prepared+1","Quick Slash+1"],"picked":"SKIP","floor":45.0},{"not_picked":["Phantasmal Killer+1","Endless Agony+1"],"picked":"Blur+1","floor":46.0},{"not_picked":["Infinite Blades","PiercingWail+1"],"picked":"Backflip+1","floor":47.0},{"not_picked":["Bane+1","PiercingWail+1"],"picked":"Backflip+1","floor":47.0},{"not_picked":["Flying Knee+1","Cloak And Dagger+1"],"picked":"Calculated Gamble+1","floor":48.0},{"not_picked":["Bane+1","Outmaneuver+1","Underhanded Strike+1"],"picked":"SKIP","floor":48.0},{"not_picked":["Flying Knee+1","Dagger Throw+1","Outmaneuver+1"],"picked":"SKIP","floor":55.0}],"player_experience":3000365,"relics_obtained":[{"floor":8.0,"key":"Strawberry"},{"floor":9.0,"key":"MealTicket"},{"floor":10.0,"key":"Paper Crane"},{"floor":11.0,"key":"War Paint"},{"floor":13.0,"key":"Prayer Wheel"},{"floor":24.0,"key":"CeramicFish"},{"floor":29.0,"key":"Toxic Egg 2"},{"floor":31.0,"key":"Whetstone"},{"floor":36.0,"key":"WingedGreaves"},{"floor":40.0,"key":"Ninja Scroll"},{"floor":41.0,"key":"Akabeko"},{"floor":43.0,"key":"Bottled Tornado"},{"floor":46.0,"key":"Molten Egg 2"},{"floor":55.0,"key":"Bag of Preparation"}],"event_choices":[{"cards_removed":["Strike_G"],"damage_healed":0.0,"max_hp_gain":0.0,"max_hp_loss":0.0,"gold_gain":0.0,"event_name":"Bonfire Elementals","player_choice":"Offered Basic","floor":2.0,"gold_loss":0.0,"damage_taken":0.0},{"damage_healed":0.0,"max_hp_gain":0.0,"max_hp_loss":0.0,"gold_gain":0.0,"event_name":"Liars Game","player_choice":"Ignored","floor":5.0,"gold_loss":0.0,"damage_taken":0.0},{"damage_healed":0.0,"max_hp_gain":0.0,"max_hp_loss":0.0,"gold_gain":0.0,"event_name":"Ghosts","player_choice":"Ignored","floor":20.0,"gold_loss":0.0,"damage_taken":0.0},{"damage_healed":0.0,"max_hp_gain":0.0,"max_hp_loss":0.0,"gold_gain":0.0,"event_name":"Back to Basics","player_choice":"Simplicity","floor":27.0,"gold_loss":0.0,"damage_taken":0.0,"cards_upgraded":["Strike_G","Strike_G","Strike_G","Defend_G","Defend_G","Defend_G","Defend_G"]},{"damage_healed":0.0,"max_hp_gain":0.0,"max_hp_loss":0.0,"gold_gain":0.0,"event_name":"MindBloom","player_choice":"Fight","floor":36.0,"gold_loss":0.0,"damage_taken":0.0},{"damage_healed":0.0,"max_hp_gain":0.0,"max_hp_loss":0.0,"gold_gain":0.0,"event_name":"Designer","player_choice":"Upgraded Two","floor":37.0,"gold_loss":50.0,"damage_taken":0.0,"cards_upgraded":["PiercingWail","Backflip"]}],"is_beta":false,"boss_relics":[{"not_picked":["Runic Dome","Philosopher\u0027s Stone"],"picked":"SlaversCollar"},{"not_picked":["Velvet Choker","Cursed Key"],"picked":"Ring of the Serpent"}],"items_purged_floors":[4,44],"is_endless":false,"potions_floor_spawned":[11,13,14,16,21,24,28,30,31,33,35,38,39,41,48],"ascension_level":20}}