{"host":"chv1qanoipyt46jc","time":1612397682,"event":{"mods":["2.2 Compatiblity","AchievementEnabler","BaseMod","BetterRewards","CapriCore","Card Filter","Evolution","Gold Saver","Grow up Mod","Magitek Elite","Minty Spire (QoL Compilation)","Rare Cards Sparkle","Relic Filter","Remove Card Discount Mod","Reorder Act Four","StSLib"],"gold_per_floor":[115,126,146,321,335,365,365,384,435,435,445,473,379,409,409,505,505,518,538,550,472,472,472,505,521,566,566,566,583,603,630,630,740,740,758,758,769,769,769,808,820,820,846,846,862,903,921,949,949,949,949,887,887,922,922],"floor_reached":56,"language":"ENG","playtime":2639,"items_purged":["Strike_L","Strike_L","Strike_L","Strike_L","Doubt","Faith","Fire2","Defend_L","Defend_L"],"score":1701,"play_id":"8669fc02-0b9f-45fc-8b85-ee7f743a336a","local_time":"20210203181442","is_ascension_mode":false,"campfire_choices":[{"data":"Bravery","floor":7.0,"key":"SMITH"},{"data":"Bravery","floor":15.0,"key":"SMITH"},{"data":"Bravery","floor":23.0,"key":"SMITH"},{"data":"Shell","floor":27.0,"key":"SMITH"},{"floor":32.0,"key":"RECALL"},{"data":"Bravery","floor":42,"key":"SMITH"},{"data":"Shell","floor":44,"key":"SMITH"},{"data":"Ultima","floor":49,"key":"SMITH"},{"data":"Shell","floor":53,"key":"SMITH"}],"circlet_count":0,"master_deck":["Defend_L+1","Defend_L+1","Defend_L+1","Cure+2","Magnus_Hat+1","Bravery+1","Shell+1","Thunder_P","Bravery+1","Thunder_P","Bravery+1","Osmosis+1","Thunder_P+2","Magnus_Hat+1","Shell+1","Thunder_P","Thunder_P","Thunder_P","Cure+2","Diamond_Shield2+1","Bravery+1","Ultima+1","Shell+1","Diamond_Shield2+1","Defend_L+1","Defend_L+1","Ultima+1","Ultima+1","Shell+1","Bravery+1","Osmosis+1","Osmosis+1","Ultima+1","Osmosis+1"],"relics":["Pendant","EVO:Axolotl","Bronze Scales","Toxic Egg 2","Mythril_Glove","SacredBark","MealTicket","Guard_Bracelet","Art of War","Memories","HornCleat","Ancient Tea Set","CeramicFish","Coffee Dripper","Question Card","Centennial Puzzle","War Paint","Orichalcum"],"acts_visited":["Exordium","TheCity","TheBeyond","TheEnding"],"potions_floor_usage":[],"damage_taken":[{"damage":0.0,"enemies":"Cultist","floor":1.0,"turns":4.0},{"damage":2.0,"enemies":"Small Slimes","floor":2.0,"turns":7.0},{"damage":14.0,"enemies":"Jaw Worm","floor":3.0,"turns":5.0},{"damage":21.0,"enemies":"Large Slime","floor":5.0,"turns":11.0},{"damage":17.0,"enemies":"Lagavulin","floor":6.0,"turns":10.0},{"damage":32.0,"enemies":"Exordium Thugs","floor":8.0,"turns":8.0},{"damage":7.0,"enemies":"Red Slaver","floor":11.0,"turns":4.0},{"damage":27.0,"enemies":"3 Sentries","floor":12.0,"turns":7.0},{"damage":14.0,"enemies":"Lagavulin","floor":14.0,"turns":7.0},{"damage":34.0,"enemies":"Hexaghost","floor":16.0,"turns":5.0},{"damage":10.0,"enemies":"3 Byrds","floor":18.0,"turns":2.0},{"damage":18.0,"enemies":"Shell Parasite","floor":19.0,"turns":5.0},{"damage":5.0,"enemies":"Snake Plant","floor":20.0,"turns":5.0},{"damage":35.0,"enemies":"Gremlin Leader","floor":24.0,"turns":5.0},{"damage":6.0,"enemies":"Shelled Parasite and Fungi","floor":25.0,"turns":4.0},{"damage":0.0,"enemies":"3 Cultists","floor":29.0,"turns":4.0},{"damage":42.0,"enemies":"Cultist and Chosen","floor":30.0,"turns":5.0},{"damage":41.0,"enemies":"Collector","floor":33.0,"turns":6.0},{"damage":2.0,"enemies":"Orb Walker","floor":35.0,"turns":3.0},{"damage":25,"enemies":"3 Darklings","floor":37,"turns":5},{"damage":78,"enemies":"Reptomancer","floor":40,"turns":7},{"damage":8,"enemies":"Transient","floor":41,"turns":5},{"damage":84,"enemies":"4 Shapes","floor":45,"turns":6},{"damage":40,"enemies":"Giant Head","floor":46,"turns":7},{"damage":0,"enemies":"Jaw Worm Horde","floor":47,"turns":3},{"damage":0,"enemies":"Maw","floor":48,"turns":7},{"damage":10,"enemies":"Donu and Deca","floor":50,"turns":5},{"damage":21,"enemies":"Shield and Spear","floor":54,"turns":6},{"damage":80,"enemies":"The Heart","floor":55,"turns":7}],"seed_played":"4231927880117424481","potions_obtained":[{"floor":2.0,"key":"SteroidPotion"},{"floor":5.0,"key":"Weak Potion"},{"floor":6.0,"key":"CultistPotion"},{"floor":30.0,"key":"DistilledChaos"},{"floor":46,"key":"Block Potion"}],"is_trial":false,"path_per_floor":["M","M","M","?","M","E","R","M","T","?","M","E","$","E","R","B",null,"M","M","M","$","?","R","E","M","T","R","T","M","M","$","R","B",null,"M","T","M","?","$","E","M","R","T","R","M","E","M","M","R","B",null,"$","R","E","B",null],"character_chosen":"MAGITEKELITE","items_purchased":["Bronze Scales","Toxic Egg 2","Magnus_Hat+1","Bravery","Mythril_Glove","Shell","Thunder_P","Bravery","Shell","Diamond_Shield2+1"],"campfire_rested":0,"item_purchase_floors":[0,0,0,0,0,0,0,13,21,52],"current_hp_per_floor":[47,61,57,67,62,61,71,55,65,75,84,73,98,100,110,92,243,243,241,246,271,281,291,266,270,280,290,300,310,278,303,313,282,413,421,431,416,453,463,413,424,434,444,454,389,380,402,436,446,458,583,593,603,601,531],"gold":922,"neow_bonus":"","is_daily":false,"chose_seed":false,"campfire_upgraded":8,"win_rate":0.0,"timestamp":1612397682,"path_taken":["M","M","M","?","M","E","R","M","T","?","M","E","?","E","R","BOSS","M","M","M","$","?","R","E","M","T","R","?","M","M","$","R","BOSS","M","?","M","?","$","E","M","R","T","R","?","E","M","M","R","BOSS","$","R","E","BOSS"],"items_purchased_type":["Relic","Relic","Card","Card","Relic","Card","Card","Card","Card","Card"],"build_version":"2020-12-22","purchased_purges":9,"victory":true,"max_hp_per_floor":[83,93,103,113,123,133,143,153,163,173,183,193,203,213,223,233,243,253,263,273,283,293,303,313,323,333,343,353,363,373,383,393,403,413,423,433,443,453,463,473,483,493,503,513,523,533,543,553,563,573,583,593,603,613,623],"card_choices":[{"not_picked":["Quake","Vox+1","Faith"],"picked":"SKIP","floor":1.0},{"not_picked":["Vox+1","Astra+1"],"picked":"Bravery","floor":2.0},{"not_picked":["Throw","Vox+1","Quake"],"picked":"SKIP","floor":3.0},{"not_picked":["Holy","Transpose_P","Poisona+1"],"picked":"SKIP","floor":5.0},{"not_picked":["Stop+1","Barrier+1","Balance"],"picked":"SKIP","floor":6.0},{"not_picked":["Protect_M","Dark","Throw"],"picked":"SKIP","floor":8.0},{"not_picked":["Icebrand","Quake"],"picked":"Thunder_P","floor":11.0},{"not_picked":["Flare","Poisona+1","Reflect"],"picked":"SKIP","floor":12.0},{"not_picked":["Quake","Transfusion+1","Crystal_Sword"],"picked":"SKIP","floor":14.0},{"not_picked":["Valor+1","Gravity"],"picked":"Osmosis+1","floor":16.0},{"not_picked":["Icebrand","Flametongue","Esuna+"],"picked":"SKIP","floor":18.0},{"not_picked":["Poisona+1","Force_Armor+1","Blizzard_P"],"picked":"SKIP","floor":19.0},{"not_picked":["Water","Icebrand"],"picked":"Magnus_Hat+1","floor":20.0},{"not_picked":["Dark","Faith","Barrier+1"],"picked":"SKIP","floor":24.0},{"not_picked":["Circlet+1","Icebrand","Dispel+1"],"picked":"SKIP","floor":25.0},{"not_picked":["Might","Rasp+1","Gladius"],"picked":"SKIP","floor":29.0},{"not_picked":["Vox+1","Man_Eater","Flametongue+1"],"picked":"SKIP","floor":30.0},{"not_picked":["Mystery_Veil+1","Reflect"],"picked":"Diamond_Shield2+1","floor":33.0},{"not_picked":["Focus+1","Flare+1","Icebrand+1"],"picked":"SKIP","floor":35.0},{"not_picked":["Water","Meteor","Icebrand+1"],"picked":"SKIP","floor":37},{"not_picked":["Flare+1","Icebrand"],"picked":"Bravery","floor":40},{"not_picked":["Thornlet+1","Icebrand","Break+1","Water"],"picked":"SKIP","floor":41},{"not_picked":["Crystal_Sword","Mirage_Vest+1","Falchion+1","Focus+1"],"picked":"SKIP","floor":45},{"not_picked":["Blood_Hilt+1","Magnus_Hat+1","Icebrand"],"picked":"Ultima","floor":46},{"not_picked":["Water","Thunder_P","Flare","Crystal_Sword"],"picked":"SKIP","floor":47},{"not_picked":["Magnus_Hat+1","Enhancer+1","Poisona+1"],"picked":"Shell","floor":48},{"not_picked":["Aero","Holy+1","Falchion+1","Quake+1"],"picked":"SKIP","floor":54}],"player_experience":319814,"relics_obtained":[{"floor":6.0,"key":"MealTicket"},{"floor":12.0,"key":"Guard_Bracelet"},{"floor":14.0,"key":"Art of War"},{"floor":24.0,"key":"HornCleat"},{"floor":26.0,"key":"Ancient Tea Set"},{"floor":28.0,"key":"CeramicFish"},{"floor":40,"key":"Question Card"},{"floor":43,"key":"Centennial Puzzle"},{"floor":46,"key":"War Paint"},{"floor":54,"key":"Orichalcum"}],"event_choices":[{"damage_healed":0.0,"max_hp_gain":0.0,"max_hp_loss":0.0,"gold_gain":175.0,"event_name":"Liars Game","player_choice":"AGREE","floor":4.0,"gold_loss":0.0,"damage_taken":0.0,"cards_obtained":["Doubt"]},{"damage_healed":0.0,"max_hp_gain":0.0,"max_hp_loss":0.0,"gold_gain":0.0,"event_name":"The Cleric","player_choice":"Leave","floor":10.0,"gold_loss":0.0,"damage_taken":0.0},{"damage_healed":0.0,"max_hp_gain":0.0,"max_hp_loss":0.0,"gold_gain":0.0,"event_name":"Back to Basics","player_choice":"Simplicity","floor":22.0,"gold_loss":0.0,"damage_taken":0.0,"cards_upgraded":["Defend_L","Defend_L","Defend_L"]},{"damage_healed":27,"gold_gain":0,"player_choice":"Full Heal","damage_taken":0,"max_hp_gain":0,"max_hp_loss":0,"event_name":"Wheel of Change","floor":38,"gold_loss":0}],"is_beta":false,"boss_relics":[{"not_picked":["Busted Crown","Gem_Box"],"picked":"Memories"},{"not_picked":["Runic Pyramid","Tiny House"],"picked":"Coffee Dripper"}],"items_purged_floors":[13,13,13,13,13,13,13,13,13],"is_endless":false,"potions_floor_spawned":[2,5,6,8,24,29,30,37,40,46,54],"ascension_level":0}}