{"host":"sc0o2qwpf9j16a4i","time":1612448395,"event":{"mods":["AchievementEnabler","BaseMod","BetterRewards","Block Reminder","Colored Map","Colored Powertips","Custom Start","Highlight Path","Minty Spire (QoL Compilation)","Relic Stats"],"gold_per_floor":[110,185,185,242,242,282,23,63,113,157,8,8,46,70,70,190,190,206,206,206,121,81,120,138,178,178,6,6,6,30,66,66,191,191,216,491,504,100,118,151,24,64,134,170,170,211,227,227,227,227],"floor_reached":51,"language":"ENG","playtime":2121,"items_purged":["Regret","Regret"],"score":1343,"play_id":"fe16163c-5217-4d64-96f5-a7eefdbaa9a6","local_time":"20210204161955","daily_mods":["Insanity","Flight","Night Terrors"],"is_ascension_mode":false,"campfire_choices":[{"data":"Defragment","floor":12,"key":"SMITH"},{"data":"Loop","floor":15,"key":"SMITH"},{"data":"Loop","floor":29,"key":"SMITH"},{"data":"Buffer","floor":32,"key":"SMITH"},{"data":"Jack Of All Trades","floor":49,"key":"SMITH"}],"circlet_count":0,"master_deck":["Coolheaded","Defragment+1","Self Repair","Stack","Skim","Loop","Ball Lightning","Streamline","Consume","Cold Snap","Steam Power","Gash","Hologram","Undo","Ball Lightning","Coolheaded","Melter","Leap","Scrape","Chaos","Loop+1","Capacitor","Steam","Blizzard","Coolheaded","Stack","Hologram","Hologram","Beam Cell","Turbo","Gash","Doom and Gloom","Streamline","Gash","Turbo","Steam Power","Force Field","Loop+1","Streamline","Reprogram","Steam","Barrage","Darkness","Rip and Tear","Barrage","Glacier","Redo","Coolheaded","Coolheaded","Redo","Gash","Injury","Reinforced Body","Ball Lightning","Hologram","Core Surge","Beam Cell","Hologram","Buffer+1","Barrage","Conserve Battery","Turbo+1","Heatsinks","BootSequence+1","Streamline+1","Electrodynamics","Conserve Battery+1","Defragment","All For One","Jack Of All Trades+1","Stack","Reinforced Body","Stack+1","Steam Power","Pain","Recycle","Turbo+1"],"relics":["Cracked Core","Bronze Scales","Golden Idol","Gambling Chip","PreservedInsect","InkBottle","Ancient Tea Set","Potion Belt","Membership Card","Du-Vu Doll","SlaversCollar","Boot","Ornamental Fan","Meat on the Bone","Shuriken","Runic Capacitor","Dream Catcher","Art of War","Busted Crown","Oddly Smooth Stone","Strawberry","Emotion Chip","OrangePellets","Unceasing Top","HornCleat","Blood Vial","WarpedTongs","DataDisk","Ginger"],"acts_visited":["Exordium","TheCity","TheBeyond"],"potions_floor_usage":[14,16,16,23,23,31,33,33,39,40,42,50,50,50,50,50],"damage_taken":[{"damage":8,"enemies":"Jaw Worm","floor":1,"turns":2},{"damage":1,"enemies":"3 Sentries","floor":6,"turns":5},{"damage":0,"enemies":"Lagavulin","floor":8,"turns":6},{"damage":0,"enemies":"Gremlin Nob","floor":10,"turns":2},{"damage":0,"enemies":"Lagavulin","floor":13,"turns":5},{"damage":0,"enemies":"Small Slimes","floor":14,"turns":1},{"damage":0,"enemies":"Hexaghost","floor":16,"turns":9},{"damage":3,"enemies":"Spheric Guardian","floor":18,"turns":3},{"damage":0,"enemies":"Slavers","floor":23,"turns":3},{"damage":3,"enemies":"Shell Parasite","floor":24,"turns":3},{"damage":1,"enemies":"Gremlin Leader","floor":25,"turns":5},{"damage":0,"enemies":"Cultist and Chosen","floor":30,"turns":4},{"damage":2,"enemies":"Slavers","floor":31,"turns":2},{"damage":14,"enemies":"Collector","floor":33,"turns":9},{"damage":4,"enemies":"3 Shapes","floor":35,"turns":6},{"damage":21,"enemies":"3 Darklings","floor":37,"turns":5},{"damage":0,"enemies":"4 Shapes","floor":39,"turns":6},{"damage":0,"enemies":"Giant Head","floor":40,"turns":6},{"damage":4,"enemies":"Nemesis","floor":42,"turns":3},{"damage":0,"enemies":"Giant Head","floor":44,"turns":7},{"damage":4,"enemies":"Nemesis","floor":46,"turns":4},{"damage":3,"enemies":"Transient","floor":47,"turns":5},{"damage":7,"enemies":"Time Eater","floor":50,"turns":15}],"seed_played":"-7472405380560045122","potions_obtained":[{"floor":6,"key":"SpeedPotion"},{"floor":13,"key":"Explosive Potion"},{"floor":14,"key":"BlessingOfTheForge"},{"floor":16,"key":"DuplicationPotion"},{"floor":18,"key":"BlessingOfTheForge"},{"floor":22,"key":"Swift Potion"},{"floor":22,"key":"LiquidMemories"},{"floor":22,"key":"SpeedPotion"},{"floor":31,"key":"Weak Potion"},{"floor":35,"key":"SneckoOil"},{"floor":40,"key":"PotionOfCapacity"},{"floor":42,"key":"Ancient Potion"},{"floor":44,"key":"ColorlessPotion"},{"floor":46,"key":"PotionOfCapacity"}],"is_trial":true,"path_per_floor":["M","?","?","?","?","E","$","E","T","E","$","R","E","M","R","B",null,"M","?","?","?","?","E","M","E","T","$","?","R","M","E","R","B",null,"M","?","M","$","M","E","$","E","T","E","?","E","M","T","R","B",null],"character_chosen":"DEFECT","items_purchased":["PreservedInsect","Ball Lightning","Membership Card","Runic Capacitor","Dream Catcher","Block Potion","Oddly Smooth Stone","Defragment","Strawberry","All For One","ColorlessPotion","Jack Of All Trades","Stack","OrangePellets","AttackPotion","Energy Potion"],"campfire_rested":0,"item_purchase_floors":[7,7,11,27,27,27,38,38,38,38,38,38,38,41,41,41],"current_hp_per_floor":[67,56,56,56,56,55,55,62,62,62,62,62,62,62,62,69,75,75,75,75,75,75,75,72,75,75,75,68,68,68,66,66,59,75,71,71,50,57,57,64,64,67,67,74,74,72,81,81,81,82],"gold":227,"neow_bonus":"","is_daily":false,"chose_seed":false,"campfire_upgraded":5,"win_rate":0.0,"timestamp":1612448395,"path_taken":["M","?","?","?","?","E","$","E","T","E","?","R","E","?","R","BOSS","M","?","?","?","?","E","?","E","T","?","?","R","?","E","R","BOSS","M","?","?","$","M","E","$","E","T","E","?","E","?","?","R","BOSS"],"items_purchased_type":["Relic","Card","Relic","Relic","Relic","Potion","Relic","Card","Relic","Card","Potion","Card","Card","Relic","Potion","Potion"],"build_version":"2020-12-22","purchased_purges":2,"victory":true,"max_hp_per_floor":[75,75,75,75,75,75,75,75,75,75,75,75,75,75,75,75,75,75,75,75,75,75,75,75,75,75,75,75,75,75,75,75,75,75,75,75,75,82,82,82,82,82,82,82,82,82,82,82,82,82],"relic_stats":{"counters":[23,116],"Golden Idol":192,"PreservedInsect":544,"Ginger":[4],"Boot":[64],"WarpedTongs":[23],"Blood Vial":5,"OrangePellets":[1],"Dream Catcher":0,"Emotion Chip":[18,11,7,0,0],"Busted Crown":16,"Ornamental Fan":[84],"Shuriken":[17],"Bronze Scales":[310],"Gambling Chip":[61],"Art of War":[15],"obtain_stats":[{"Runic Capacitor":27,"Ginger":48,"Ancient Tea Set":9,"Boot":21,"Blood Vial":44,"Dream Catcher":27,"Emotion Chip":40,"HornCleat":43,"Gambling Chip":6,"Strawberry":38,"Cracked Core":0,"InkBottle":8,"Potion Belt":10,"Golden Idol":5,"Oddly Smooth Stone":38,"PreservedInsect":7,"WarpedTongs":45,"Du-Vu Doll":13,"SlaversCollar":17,"OrangePellets":41,"DataDisk":46,"Busted Crown":34,"Ornamental Fan":23,"Shuriken":26,"Bronze Scales":3,"Art of War":31,"Membership Card":11,"Unceasing Top":42,"Meat on the Bone":25},{"Runic Capacitor":11,"Ginger":22,"Ancient Tea Set":3,"Boot":8,"Blood Vial":20,"Dream Catcher":11,"Emotion Chip":18,"HornCleat":19,"Gambling Chip":2,"Strawberry":16,"Cracked Core":0,"InkBottle":3,"Potion Belt":4,"Golden Idol":1,"Oddly Smooth Stone":16,"PreservedInsect":2,"WarpedTongs":20,"Du-Vu Doll":5,"SlaversCollar":7,"OrangePellets":18,"DataDisk":21,"Busted Crown":14,"Ornamental Fan":9,"Shuriken":11,"Bronze Scales":1,"Art of War":13,"Membership Card":4,"Unceasing Top":19,"Meat on the Bone":11},{"Runic Capacitor":44,"Ginger":101,"Ancient Tea Set":13,"Boot":33,"Blood Vial":92,"Dream Catcher":44,"Emotion Chip":82,"HornCleat":85,"Gambling Chip":7,"Strawberry":70,"Cracked Core":0,"InkBottle":13,"Potion Belt":15,"Golden Idol":2,"Oddly Smooth Stone":70,"PreservedInsect":7,"WarpedTongs":92,"Du-Vu Doll":20,"SlaversCollar":30,"OrangePellets":82,"DataDisk":96,"Busted Crown":59,"Ornamental Fan":36,"Shuriken":44,"Bronze Scales":2,"Art of War":50,"Membership Card":15,"Unceasing Top":85,"Meat on the Bone":44}],"InkBottle":[40],"Unceasing Top":[0],"Meat on the Bone":0},"card_choices":[{"not_picked":["Stack","Coolheaded"],"picked":"Gash","floor":1},{"not_picked":["Barrage","Melter"],"picked":"Reinforced Body","floor":6},{"not_picked":["Sweeping Beam","Steam"],"picked":"Hologram","floor":8},{"not_picked":["Double Energy","Consume"],"picked":"Core Surge","floor":10},{"not_picked":["Doom and Gloom","Rebound"],"picked":"Beam Cell","floor":13},{"not_picked":["Steam Power","Skim"],"picked":"Hologram","floor":14},{"not_picked":["Fission","Meteor Strike"],"picked":"Buffer","floor":16},{"not_picked":["Skim","Steam Power"],"picked":"Barrage","floor":18},{"not_picked":["Beam Cell","Cold Snap"],"picked":"Turbo+1","floor":23},{"not_picked":["Meteor Strike","Genetic Algorithm"],"picked":"Heatsinks","floor":24},{"not_picked":["Ball Lightning","Rebound","Redo+1"],"picked":"SKIP","floor":25},{"not_picked":["Redo","Doom and Gloom"],"picked":"BootSequence+1","floor":30},{"not_picked":["Rip and Tear+1","Chaos"],"picked":"Streamline+1","floor":31},{"not_picked":["Meteor Strike","Creative AI"],"picked":"Electrodynamics","floor":33},{"not_picked":["Go for the Eyes"],"picked":"SKIP","floor":35},{"not_picked":[],"picked":"Conserve Battery+1","floor":37},{"not_picked":["Sweeping Beam+1"],"picked":"SKIP","floor":39},{"not_picked":[],"picked":"Reinforced Body","floor":40},{"not_picked":[],"picked":"Stack+1","floor":42},{"not_picked":[],"picked":"Steam Power","floor":44},{"not_picked":[],"picked":"Recycle","floor":46},{"not_picked":[],"picked":"Turbo+1","floor":47}],"player_experience":1183982,"relics_obtained":[{"floor":6,"key":"Gambling Chip"},{"floor":8,"key":"InkBottle"},{"floor":9,"key":"Ancient Tea Set"},{"floor":10,"key":"Potion Belt"},{"floor":13,"key":"Du-Vu Doll"},{"floor":23,"key":"Ornamental Fan"},{"floor":25,"key":"Meat on the Bone"},{"floor":26,"key":"Shuriken"},{"floor":31,"key":"Art of War"},{"floor":40,"key":"Emotion Chip"},{"floor":42,"key":"Unceasing Top"},{"floor":43,"key":"HornCleat"},{"floor":44,"key":"Blood Vial"},{"floor":46,"key":"DataDisk"},{"floor":48,"key":"Ginger"}],"event_choices":[{"damage_healed":0,"gold_gain":75,"player_choice":"Gather Gold","damage_taken":11,"max_hp_gain":0,"max_hp_loss":0,"event_name":"World of Goop","floor":2,"gold_loss":0},{"damage_healed":0,"gold_gain":0,"player_choice":"Box","damage_taken":0,"relics_obtained":["Bronze Scales"],"max_hp_gain":0,"max_hp_loss":0,"event_name":"Big Fish","floor":3,"gold_loss":0,"cards_obtained":["Regret"]},{"damage_healed":0,"gold_gain":57,"player_choice":"Gained Gold","damage_taken":0,"max_hp_gain":0,"max_hp_loss":0,"event_name":"Golden Wing","floor":4,"gold_loss":0},{"damage_healed":0,"gold_gain":0,"player_choice":"Take Wound","damage_taken":0,"relics_obtained":["Golden Idol"],"max_hp_gain":0,"max_hp_loss":0,"event_name":"Golden Idol","floor":5,"gold_loss":0,"cards_obtained":["Injury"]},{"damage_healed":0,"gold_gain":0,"player_choice":"Ignored","damage_taken":0,"max_hp_gain":0,"max_hp_loss":0,"event_name":"Vampires","floor":19,"gold_loss":0},{"damage_healed":0,"gold_gain":0,"player_choice":"Read","damage_taken":0,"max_hp_gain":0,"max_hp_loss":0,"event_name":"The Library","floor":20,"gold_loss":0,"cards_obtained":["Conserve Battery"]},{"damage_healed":0,"gold_gain":0,"player_choice":"Obtained Relic","damage_taken":0,"relics_obtained":["Boot"],"max_hp_gain":0,"max_hp_loss":0,"event_name":"Addict","floor":21,"gold_loss":85},{"damage_healed":0,"gold_gain":0,"player_choice":"Bought 3 Potions","damage_taken":0,"max_hp_gain":0,"max_hp_loss":0,"event_name":"The Woman in Blue","floor":22,"gold_loss":0},{"damage_healed":0,"gold_gain":0,"player_choice":"Damaged","damage_taken":7,"max_hp_gain":0,"max_hp_loss":0,"event_name":"Wheel of Change","floor":28,"gold_loss":0},{"damage_healed":0,"gold_gain":275,"player_choice":"Desecrate","damage_taken":0,"max_hp_gain":0,"max_hp_loss":0,"event_name":"Golden Shrine","floor":36,"gold_loss":0,"cards_obtained":["Regret"]},{"damage_healed":0,"gold_gain":0,"player_choice":"Rummage","damage_taken":0,"relics_obtained":["WarpedTongs"],"max_hp_gain":0,"max_hp_loss":0,"event_name":"Accursed Blacksmith","floor":45,"gold_loss":0,"cards_obtained":["Pain"]}],"is_beta":false,"boss_relics":[{"not_picked":["Coffee Dripper","Empty Cage"],"picked":"SlaversCollar"},{"not_picked":["SacredBark","Cursed Key"],"picked":"Busted Crown"}],"items_purged_floors":[7,38],"is_endless":false,"potions_floor_spawned":[6,13,14,16,18,31,35,40,42,44,46],"ascension_level":0}}