{"host":"7iv10lxbxedtd0qh","time":1612472853,"event":{"mods":["BaseMod","Colored Map","Colored Powertips","Minty Spire (QoL Compilation)","StSLib","The Marked"],"gold_per_floor":[119,129,129,143,157,157,192,210,233,233,251,261,261,276,276,375,375,387,405,405,418,518,518,551,551,551,284,319,319,328,428,428,524,524,550,565,323,337,346,346,346,346,346,295,307,341,341,356,356,356],"floor_reached":51,"language":"ENG","playtime":3028,"items_purged":["theMarked:Opportunist","theMarked:Strike","theMarked:Strike+1"],"score":742,"play_id":"11650e05-23f3-451f-827e-6462d8e4387d","local_time":"20210204220733","is_ascension_mode":false,"campfire_choices":[{"data":"theMarked:Aftermath","floor":6,"key":"SMITH"},{"data":"theMarked:Parkour","floor":10,"key":"SMITH"},{"data":"theMarked:SoldierOfQuellstein","floor":13,"key":"SMITH"},{"data":"theMarked:Static","floor":15,"key":"SMITH"},{"data":"theMarked:FavorableWinds","floor":23,"key":"SMITH"},{"data":"theMarked:TakeOffHeels","floor":25,"key":"SMITH"},{"data":"theMarked:CreepingChasm","floor":29,"key":"SMITH"},{"data":"RitualDagger","floor":32,"key":"SMITH"},{"data":"theMarked:Aftermath+1","floor":40,"key":"PURGE"},{"data":"theMarked:Strike+1","floor":42,"key":"PURGE"},{"data":"theMarked:Strike+1","floor":49,"key":"PURGE"}],"circlet_count":0,"master_deck":["theMarked:Strike+1","theMarked:Defend+1","theMarked:Defend+1","theMarked:Defend+1","theMarked:Defend+1","theMarked:SoldierOfQuellstein+1","theMarked:Parkour+1","theMarked:Static+1","theMarked:TakeOffHeels+1","theMarked:ChainLightning+1","theMarked:FavorableWinds+1","theMarked:TwofoldDefense+1","theMarked:Static+1","theMarked:AttractMetal+1","theMarked:CreepingChasm+1","RitualDagger+1","theMarked:TwofoldDefense+1","Finesse+1","Finesse+1"],"relics":["theMarked:ArtifactOfAir","Juzu Bracelet","Art of War","Velvet Choker","Orichalcum","Mango","Membership Card","Centennial Puzzle","CeramicFish","Mercury Hourglass","Peace Pipe","Sozu","Lantern","TheAbacus","Mark of the Bloom","MawBank","Strawberry"],"acts_visited":["Exordium","TheCity","TheBeyond"],"potions_floor_usage":[7,16,16,21,24,24,33],"damage_taken":[{"damage":2,"enemies":"2 Louse","floor":1,"turns":3},{"damage":4,"enemies":"Cultist","floor":2,"turns":4},{"damage":6,"enemies":"Jaw Worm","floor":4,"turns":3},{"damage":8,"enemies":"Exordium Wildlife","floor":5,"turns":4},{"damage":18,"enemies":"3 Sentries","floor":7,"turns":7},{"damage":2,"enemies":"Blue Slaver","floor":8,"turns":4},{"damage":0,"enemies":"Red Slaver","floor":11,"turns":2},{"damage":3,"enemies":"Looter","floor":12,"turns":3},{"damage":0,"enemies":"Large Slime","floor":14,"turns":5},{"damage":19,"enemies":"Hexaghost","floor":16,"turns":11},{"damage":5,"enemies":"Shell Parasite","floor":18,"turns":4},{"damage":2,"enemies":"2 Thieves","floor":19,"turns":3},{"damage":0,"enemies":"Cultist and Chosen","floor":21,"turns":6},{"damage":13,"enemies":"Slavers","floor":24,"turns":7},{"damage":3,"enemies":"Gremlin Leader","floor":28,"turns":6},{"damage":6,"enemies":"Colosseum Slavers","floor":31,"turns":6},{"damage":12,"enemies":"Colosseum Nobs","floor":31,"turns":4},{"damage":48,"enemies":"Automaton","floor":33,"turns":10},{"damage":24,"enemies":"Orb Walker","floor":35,"turns":6},{"damage":0,"enemies":"3 Shapes","floor":36,"turns":5},{"damage":2,"enemies":"3 Darklings","floor":38,"turns":5},{"damage":10,"enemies":"Sphere and 2 Shapes","floor":45,"turns":4},{"damage":21,"enemies":"Nemesis","floor":46,"turns":9},{"damage":0,"enemies":"4 Shapes","floor":48,"turns":4},{"damage":10,"enemies":"Awakened One","floor":50,"turns":14}],"seed_played":"-7332105624423131620","potions_obtained":[{"floor":2,"key":"BlessingOfTheForge"},{"floor":5,"key":"Block Potion"},{"floor":8,"key":"DistilledChaos"},{"floor":12,"key":"CultistPotion"},{"floor":14,"key":"DuplicationPotion"},{"floor":16,"key":"Energy Potion"},{"floor":19,"key":"BlessingOfTheForge"},{"floor":28,"key":"DuplicationPotion"},{"floor":33,"key":"FearPotion"}],"is_trial":false,"path_per_floor":["M","M","?","M","M","R","E","M","T","R","M","M","R","M","R","B",null,"M","M","?","M","?","R","E","R","T","$","E","R","?","?","R","B",null,"M","M","$","M","?","R","?","R","T","$","M","E","?","M","R","B",null],"character_chosen":"THE_DEFAULT","items_purchased":["Membership Card","Centennial Puzzle","Lantern","TheAbacus","Finesse"],"campfire_rested":0,"item_purchase_floors":[27,27,37,37,37],"current_hp_per_floor":[75,71,76,70,62,62,44,42,42,42,42,39,39,39,39,20,82,77,75,75,75,75,75,62,62,76,76,73,73,67,49,49,1,96,72,72,72,70,70,70,70,70,70,70,60,39,39,39,39,29],"gold":356,"neow_bonus":"TEN_PERCENT_HP_BONUS","is_daily":false,"chose_seed":false,"campfire_upgraded":8,"win_rate":0.0,"timestamp":1612472853,"path_taken":["M","M","?","M","M","R","E","M","T","R","M","M","R","M","R","BOSS","M","M","?","M","?","R","E","R","T","$","E","R","?","?","R","BOSS","M","M","$","M","?","R","?","R","T","?","M","E","?","M","R","BOSS"],"items_purchased_type":["Relic","Relic","Relic","Relic","Card"],"build_version":"2020-12-22","purchased_purges":3,"victory":true,"max_hp_per_floor":[77,77,82,82,82,82,82,82,82,82,82,82,82,82,82,82,82,82,82,82,82,82,82,82,82,96,96,96,96,96,96,96,96,96,96,96,96,96,96,96,96,96,96,96,96,103,98,98,98,98],"card_choices":[{"not_picked":["theMarked:MuscleMemory","theMarked:TakeCover"],"picked":"theMarked:Aftermath","floor":1},{"not_picked":["theMarked:RepellingDischarge","theMarked:KeepCalmAndFight"],"picked":"theMarked:Parkour","floor":2},{"not_picked":["theMarked:BanishingStrike","theMarked:Memento"],"picked":"theMarked:Static","floor":4},{"not_picked":["theMarked:ResourceFulStrike","theMarked:ElectricStrings"],"picked":"theMarked:Opportunist","floor":5},{"not_picked":["theMarked:Improvise","theMarked:RepellingDischarge"],"picked":"theMarked:TakeOffHeels","floor":7},{"not_picked":["theMarked:ResourceFulStrike","theMarked:Parry","theMarked:RogueSparks"],"picked":"SKIP","floor":8},{"not_picked":["theMarked:WastefulAttack","theMarked:Memento","theMarked:EmpowerWeapon"],"picked":"SKIP","floor":11},{"not_picked":["theMarked:SwordAndMagic","theMarked:ParalyzingBlade"],"picked":"theMarked:ChainLightning","floor":12},{"not_picked":["theMarked:ElectricStrings","theMarked:BanishingStrike","theMarked:BindingBlade"],"picked":"SKIP","floor":14},{"not_picked":["theMarked:TakeOffHeels","theMarked:Abjuration"],"picked":"theMarked:FavorableWinds","floor":16},{"not_picked":["theMarked:Frustration","theMarked:SelfDefenseTraining","theMarked:Parkour+1"],"picked":"SKIP","floor":18},{"not_picked":["theMarked:SelfDefenseTraining","theMarked:TakeCover+1"],"picked":"theMarked:TwofoldDefense+1","floor":19},{"not_picked":["theMarked:ChannelForce","theMarked:ChainLightning+1"],"picked":"theMarked:AttractMetal+1","floor":21},{"not_picked":["theMarked:EmpowerWeapon","theMarked:ThrowWeapon","theMarked:ResourceFulStrike"],"picked":"SKIP","floor":24},{"not_picked":["theMarked:Memento","theMarked:Improvise"],"picked":"theMarked:CreepingChasm","floor":28},{"not_picked":["theMarked:Parkour","theMarked:EmpowerWeapon"],"picked":"theMarked:TwofoldDefense+1","floor":35},{"not_picked":["theMarked:SwordAndMagic+1","theMarked:Opportunist","theMarked:ChainLightning+1"],"picked":"SKIP","floor":36},{"not_picked":["theMarked:UnarmedFury","theMarked:TwofoldDefense","theMarked:TakeCover+1"],"picked":"SKIP","floor":38},{"not_picked":["Secret Technique","Dark Shackles"],"picked":"Finesse","floor":39},{"not_picked":["theMarked:SwordAndMagic","theMarked:TwofoldDefense","theMarked:WardOff"],"picked":"SKIP","floor":45},{"not_picked":["theMarked:Memento+1","theMarked:HeightenedSenses+1","theMarked:Heritage+1"],"picked":"SKIP","floor":46},{"not_picked":["theMarked:RepellingDischarge+1","theMarked:Improvise","theMarked:WastefulAttack"],"picked":"SKIP","floor":48}],"player_experience":646718,"relics_obtained":[{"floor":7,"key":"Juzu Bracelet"},{"floor":9,"key":"Art of War"},{"floor":24,"key":"Orichalcum"},{"floor":26,"key":"Mango"},{"floor":28,"key":"CeramicFish"},{"floor":31,"key":"Mercury Hourglass"},{"floor":31,"key":"Peace Pipe"},{"floor":43,"key":"MawBank"},{"floor":46,"key":"Strawberry"}],"event_choices":[{"damage_healed":0,"gold_gain":0,"player_choice":"Donut","damage_taken":0,"max_hp_gain":5,"max_hp_loss":0,"event_name":"Big Fish","floor":3,"gold_loss":0},{"damage_healed":0,"gold_gain":0,"player_choice":"Copied","damage_taken":0,"max_hp_gain":0,"max_hp_loss":0,"event_name":"Duplicator","floor":20,"gold_loss":0,"cards_obtained":["theMarked:Static"]},{"damage_healed":0,"gold_gain":100,"player_choice":"Pray","damage_taken":0,"max_hp_gain":0,"max_hp_loss":0,"event_name":"Golden Shrine","floor":22,"gold_loss":0},{"damage_healed":0,"gold_gain":0,"player_choice":"Joined the Cult","damage_taken":6,"max_hp_gain":0,"max_hp_loss":0,"event_name":"Nest","floor":30,"gold_loss":0,"cards_obtained":["RitualDagger"]},{"damage_healed":0,"gold_gain":0,"player_choice":"Fight","damage_taken":0,"max_hp_gain":0,"max_hp_loss":0,"event_name":"Colosseum","floor":31,"gold_loss":0},{"damage_healed":0,"gold_gain":0,"player_choice":"Fought Nobs","damage_taken":0,"max_hp_gain":0,"max_hp_loss":0,"event_name":"Colosseum","floor":31,"gold_loss":0},{"damage_healed":0,"gold_gain":0,"player_choice":"Memory 1","damage_taken":0,"max_hp_gain":0,"max_hp_loss":0,"event_name":"SensoryStone","floor":39,"gold_loss":0},{"damage_healed":0,"gold_gain":0,"player_choice":"Upgrade","damage_taken":0,"relics_obtained":["Mark of the Bloom"],"max_hp_gain":0,"max_hp_loss":0,"event_name":"MindBloom","floor":41,"gold_loss":0,"cards_upgraded":["theMarked:Strike","theMarked:Strike","theMarked:Strike","theMarked:Strike","theMarked:Defend","theMarked:Defend","theMarked:Defend","theMarked:Defend","theMarked:ChainLightning","Finesse","Finesse"]},{"damage_healed":0,"gold_gain":0,"player_choice":"Max HP","damage_taken":0,"max_hp_gain":0,"max_hp_loss":5,"event_name":"Winding Halls","floor":47,"gold_loss":0}],"is_beta":false,"boss_relics":[{"not_picked":["theMarked:Eyepatch","theMarked:BronzeBlade"],"picked":"Velvet Choker"},{"not_picked":["Cursed Key","Philosopher\u0027s Stone"],"picked":"Sozu"}],"items_purged_floors":[27,37,44],"is_endless":false,"potions_floor_spawned":[2,5,8,12,14,16,19,28,33,38,48],"ascension_level":0}}