{"host":"fh846irws14avpr7","time":1612450383,"event":{"mods":["AchievementEnabler","Aspiration","BaseMod","Better Match","Conspire","Curses Come First","Downfall","GifTheSpireLib","GungeonMod","Halation","Hubris","Infinite Spire","Kratos Character Expansion","Minty Spire (QoL Compilation)","Poor People Problems","Quick Restart","Reliquary","Shop Mod","Spikes Relics","StSLib","Stuff the Spire","The Saiyan","??????REMEMod"],"gold_per_floor":[148,2,18,37,53,83,83,111,111,137,155,186,198,226,226,329,329,349,349,365,48,60,89,89,124,192,219,232,39,55,66,66,166,166,185,196,78,78,93,119,119,145,172,230,230,247,247,266,266,266],"floor_reached":51,"language":"ENG","playtime":2143,"items_purged":[],"score":889,"play_id":"db7c7dbb-14f2-47c9-a51b-07807deabcb5","local_time":"20210204095303","daily_mods":["Heirloom","DeadlyEvents","Elite Swarm"],"is_ascension_mode":false,"campfire_choices":[{"floor":7.0,"key":"REST"},{"floor":15.0,"key":"REST"},{"data":"KratosMod:Revenge","floor":24,"key":"SMITH"},{"data":"Creative AI","floor":32,"key":"SMITH"},{"data":"Sweeping Beam","floor":41,"key":"SMITH"},{"data":"Genetic Algorithm","floor":45,"key":"SMITH"},{"data":"Flash of Steel","floor":47,"key":"SMITH"},{"data":"KratosMod:tartarusrage","floor":49,"key":"SMITH"}],"circlet_count":3,"master_deck":["KratosMod:Strike_K","KratosMod:Strike_K","KratosMod:Strike_K","KratosMod:Strike_K","KratosMod:Defend_K","KratosMod:Defend_K","KratosMod:Defend_K","KratosMod:Defend_K","KratosMod:cyclone","KratosMod:AthenaBane","KratosMod:Tempor","KratosMod:clawsofhades","KratosMod:clawsofhades","Flash of Steel+1","KratosMod:Revenge+1","KratosMod:settle","KratosMod:BladeWhip","KratosMod:tartarusrage+1","KratosMod:Revenge","KratosMod:tartarusrage","KratosMod:Tempor","KratosMod:blades+1","KratosMod:Endure","BlessedFruit","BlessedFruit","KratosMod:blades+1","KratosMod:Revenge+1","KratosMod:Endure","KratosMod:ShieldBash+1","Self Repair","Core Surge","Creative AI+1","Rainbow","Sweeping Beam","Melter","Rebound","conspire:SharedLibrary","Heatsinks","Coolheaded+1","Genetic Algorithm+1","Core Surge","Coolheaded","KratosMod:BladeWhip+1","Sweeping Beam+1","hubris:DoWhile","Rainbow","Rainbow","Ball Lightning","KratosMod:BladeWhip"],"relics":["KratosMod:eagle","REME_ComplimentaryCards","CherryCoatedStake","StuffTheSpire:Rhapsscallions","The Courier","aspiration:FetidBarrel","Circlet","HeavenlyBonsai","aspiration:DefectSkillbook","Sandwich","Rawhide","bronze:DecasWashers","REME_PuzzleBoxRelic","hubris:BottledRain","hubris:HollowSoul","reliquary:Boomerang","hubris:Towel","hexamod:BolsterEngine","MealTicket","REME_IWantAll","DemoMod:GlassGuonStoneRelic"],"acts_visited":["Exordium","TheCity","TheBeyond"],"potions_floor_usage":[40,40,44,50],"damage_taken":[{"damage":6.0,"enemies":"Cultist","floor":1.0,"turns":3.0},{"damage":24.0,"enemies":"Jaw Worm","floor":3.0,"turns":5.0},{"damage":13.0,"enemies":"infinitespire:Voidling","floor":4.0,"turns":3.0},{"damage":44.0,"enemies":"Exordium Wildlife","floor":5.0,"turns":7.0},{"damage":31.0,"enemies":"Lagavulin","floor":6.0,"turns":5.0},{"damage":22.0,"enemies":"3 Sentries","floor":8.0,"turns":5.0},{"damage":18.0,"enemies":"Gremlin Nob","floor":10.0,"turns":4.0},{"damage":23.0,"enemies":"Gremlin Gang","floor":11.0,"turns":4.0},{"damage":8.0,"enemies":"Replay:BlueRogue","floor":12.0,"turns":3.0},{"damage":24.0,"enemies":"3 Louse","floor":13.0,"turns":4.0},{"damage":1.0,"enemies":"3 Sentries","floor":14.0,"turns":4.0},{"damage":38.0,"enemies":"Hexaghost","floor":16.0,"turns":8.0},{"damage":10.0,"enemies":"Spheric Guardian","floor":18.0,"turns":3.0},{"damage":0.0,"enemies":"Shell Parasite","floor":20.0,"turns":3.0},{"damage":0,"enemies":"3 Cultists","floor":22,"turns":3},{"damage":24,"enemies":"Book of Stabbing","floor":23,"turns":5},{"damage":31,"enemies":"Slavers","floor":25,"turns":5},{"damage":0,"enemies":"Replay:Snechameleon","floor":27,"turns":2},{"damage":0,"enemies":"Centurion and Healer","floor":28,"turns":2},{"damage":1,"enemies":"Cultist and Chosen","floor":30,"turns":3},{"damage":9,"enemies":"conspire:HollyBat","floor":31,"turns":5},{"damage":0,"enemies":"Pondfish","floor":33,"turns":1},{"damage":15,"enemies":"3 Shapes","floor":35,"turns":3},{"damage":0,"enemies":"Orb Walker","floor":36,"turns":2},{"damage":9,"enemies":"Jaw Worm Horde","floor":39,"turns":2},{"damage":0,"enemies":"Reptomancer","floor":40,"turns":1},{"damage":30,"enemies":"Nemesis","floor":42,"turns":3},{"damage":0,"enemies":"Giant Head","floor":44,"turns":4},{"damage":0,"enemies":"Maw","floor":46,"turns":3},{"damage":4,"enemies":"3 Darklings","floor":48,"turns":3},{"damage":0,"enemies":"hubris:GrandSnecko","floor":50,"turns":2}],"seed_played":"7971635771734319192","potions_obtained":[{"floor":1.0,"key":"champ:CounterPotion"},{"floor":4.0,"key":"StSpp:ScatteredPotion"},{"floor":6.0,"key":"Swift Potion"},{"floor":8.0,"key":"Swift Potion"},{"floor":12.0,"key":"DemoMod:LeadSkinPotion"},{"floor":18.0,"key":"Block Potion"},{"floor":25,"key":"Strength Potion"},{"floor":31,"key":"Explosive Potion"},{"floor":33,"key":"bronze:BurnAndBuffPotion"},{"floor":39,"key":"Regen Potion"},{"floor":48,"key":"SkillPotion"}],"is_trial":true,"path_per_floor":["M","$","M","M","M","E","R","E","T","E","M","E","M","E","R","B",null,"M","AVR","M","$","M","E","R","E","T","E","M","$","M","M","R","B",null,"M","M","$","?","M","E","R","E","T","E","R","M","R","M","R","B",null],"character_chosen":"KRATOS","items_purchased":["KratosMod:clawsofhades","Flash of Steel","StSpp:Dice","Rawhide","Melter","Rebound","conspire:SharedLibrary","Heatsinks","reliquary:Boomerang"],"campfire_rested":2,"item_purchase_floors":[2,2,21,21,29,29,29,29,37],"current_hp_per_floor":[54,54,46,40,21,11,29,30,30,26,28,20,13,17,35,55,65,55,55,59,59,68,70,70,50,50,57,58,58,68,77,77,77,77,74,75,75,75,66,66,66,73,73,73,73,74,74,73,73,73],"gold":266,"neow_bonus":"","is_daily":false,"chose_seed":false,"campfire_upgraded":6,"win_rate":0.0,"timestamp":1612450383,"path_taken":["M","$","M","M","M","E","R","E","T","E","?","E","?","E","R","BOSS","M","AVR","M","$","?","E","R","E","T","E","?","$","M","M","R","BOSS","M","?","$","?","M","E","R","E","T","E","R","M","R","M","R","BOSS"],"items_purchased_type":["Card","Card","Undefined","Relic","Card","Card","Card","Card","Relic"],"build_version":"2020-12-22","purchased_purges":0,"victory":true,"max_hp_per_floor":[60,60,60,60,60,63,63,63,63,63,63,63,63,63,63,65,65,65,65,67,67,68,70,70,72,72,73,74,74,75,77,77,77,77,78,79,79,79,79,79,79,79,79,79,79,80,80,81,81,81],"card_choices":[{"not_picked":["KratosMod:Roll","KratosMod:Endure"],"picked":"KratosMod:Tempor","floor":1.0},{"not_picked":["KratosMod:Roll","KratosMod:clawsofhades"],"picked":"KratosMod:Revenge","floor":3.0},{"not_picked":["KratosMod:Tempor","KratosMod:BladeWhip"],"picked":"KratosMod:settle","floor":4.0},{"not_picked":["KratosMod:Roll","KratosMod:Endure"],"picked":"KratosMod:BladeWhip","floor":5.0},{"not_picked":["KratosMod:kBerserk","KratosMod:styx"],"picked":"KratosMod:tartarusrage","floor":6.0},{"not_picked":["KratosMod:tartarusrage","KratosMod:ablockalypse"],"picked":"KratosMod:Revenge","floor":8.0},{"not_picked":["KratosMod:ablockalypse","KratosMod:styx"],"picked":"KratosMod:tartarusrage","floor":10.0},{"not_picked":["KratosMod:conjuresoul","KratosMod:rattle"],"picked":"KratosMod:Tempor","floor":11.0},{"not_picked":["KratosMod:styx","KratosMod:Revenge"],"picked":"KratosMod:blades","floor":12.0},{"not_picked":["KratosMod:Roll","KratosMod:conjuresoul"],"picked":"KratosMod:Endure","floor":13.0},{"not_picked":["KratosMod:Revenge","KratosMod:styx"],"picked":"KratosMod:blades","floor":14.0},{"not_picked":["KratosMod:styx","KratosMod:ablockalypse"],"picked":"KratosMod:Revenge","floor":16.0},{"not_picked":["Hologram+1","StuffTheSpire:LoadUp","Steam+1"],"picked":"KratosMod:Endure","floor":18.0},{"not_picked":["Hologram","Beam Cell","Blizzard"],"picked":"KratosMod:ShieldBash+1","floor":20.0},{"not_picked":["Double Energy+1","KratosMod:Tempor+1","REME_SelfUpgrade"],"picked":"Self Repair","floor":22},{"not_picked":["Biased Cognition","Amplify","All For One"],"picked":"Core Surge","floor":23},{"not_picked":["Buffer","KratosMod:styx","KratosMod:kBerserk"],"picked":"Creative AI","floor":25},{"not_picked":["Biased Cognition","KratosMod:ablockalypse","Echo Form"],"picked":"Rainbow","floor":27},{"not_picked":["KratosMod:SmashStone+1","StuffTheSpire:NuclearReactor+1","Loop+1"],"picked":"Sweeping Beam","floor":28},{"not_picked":["Turbo+1","Hologram+1","KratosMod:SmashStone+1"],"picked":"Coolheaded+1","floor":30},{"not_picked":["Streamline","Steam","Barrage"],"picked":"Genetic Algorithm","floor":31},{"not_picked":["KratosMod:styx","Thunder Strike","Reboot"],"picked":"Core Surge","floor":33},{"not_picked":["Gash","KratosMod:Roll+1","Darkness"],"picked":"Coolheaded","floor":35},{"not_picked":["DiskWipe","KratosMod:conjuresoul+1","RefreshScreen+1"],"picked":"KratosMod:BladeWhip+1","floor":36},{"not_picked":["StuffTheSpire:LoadUp+1","Coolheaded","Gash+1"],"picked":"Sweeping Beam","floor":39},{"not_picked":["KratosMod:ablockalypse","Hyperbeam","Rainbow"],"picked":"hubris:DoWhile","floor":40},{"not_picked":["Thunder Strike","Fission","All For One"],"picked":"Rainbow","floor":42},{"not_picked":["StuffTheSpire:Purify","KratosMod:styx","Seek","Multi-Cast"],"picked":"Rainbow","floor":44},{"not_picked":["Turbo+1","StuffTheSpire:Rend","Doom and Gloom+1"],"picked":"Ball Lightning","floor":46},{"not_picked":["KratosMod:Roll+1","Redo+1","Turbo+1"],"picked":"KratosMod:BladeWhip","floor":48}],"player_experience":284638,"relics_obtained":[{"floor":6.0,"key":"StuffTheSpire:Rhapsscallions"},{"floor":8.0,"key":"The Courier"},{"floor":9.0,"key":"aspiration:FetidBarrel"},{"floor":10.0,"key":"ReplayTheSpireMod:Ninjato"},{"floor":12.0,"key":"Golden Egg"},{"floor":14.0,"key":"HeavenlyBonsai"},{"floor":23,"key":"bronze:DecasWashers"},{"floor":25,"key":"REME_PuzzleBoxRelic"},{"floor":26,"key":"Circlet"},{"floor":27,"key":"hubris:BottledRain"},{"floor":40,"key":"Circlet"},{"floor":42,"key":"hexamod:BolsterEngine"},{"floor":43,"key":"MealTicket"},{"floor":44,"key":"REME_IWantAll"}],"event_choices":[],"is_beta":false,"boss_relics":[{"not_picked":["ReplayTheSpireMod:SealedPack","Pandora\u0027s Box"],"picked":"aspiration:DefectSkillbook"},{"not_picked":["Circlet","hubris:Stopwatch"],"picked":"hubris:HollowSoul"}],"items_purged_floors":[],"is_endless":false,"potions_floor_spawned":[1,4,6,8,12,18,25,31,33,36,39,48],"ascension_level":0}}