{"host":"kiehjq3lc4w5t4uc","time":1612430658,"event":{"mods":["AchievementEnabler","BaseMod","BetterRewards","Colored Map","Colored Powertips","DeckTracker","Good Game Mod","Minty Spire (QoL Compilation)","Quick Restart","Rare Cards Sparkle","Relic Stats","Shop Mod","Spicy Shops","StSLib","SuperFastMode"],"gold_per_floor":[113,189,206,218,43,74,88,116,139,139,139,139,139,153,153,254,254,264,20,35,63,75,75,92,92,92,124,124,144,178,192,192,290,290,301,301,152,166,185,185,220,220,243,269,281,296,166,516,516,516,516,516,18,49,49],"floor_reached":56,"language":"KOR","playtime":3139,"items_purged":["Strike_R","Strike_R","Rupture+1","Hemokinesis+1","Cleave","Bash"],"score":2150,"play_id":"27f90527-2a56-4934-b17c-3de1c9d4d126","local_time":"20210204182418","is_ascension_mode":true,"campfire_choices":[{"data":"1","floor":13.0,"key":"LIFT"},{"data":"2","floor":15.0,"key":"LIFT"},{"data":"Armaments","floor":23,"key":"SMITH"},{"data":"3","floor":25,"key":"LIFT"},{"data":"Pommel Strike","floor":32,"key":"SMITH"},{"data":"Armaments","floor":40,"key":"SMITH"},{"data":"Warcry","floor":42,"key":"SMITH"},{"floor":49,"key":"RECALL"},{"data":"Seeing Red","floor":52,"key":"SMITH"}],"circlet_count":0,"master_deck":["Defend_R","Defend_R","Defend_R","Limit Break","Battle Trance+1","Berserk","Thunderclap","Seeing Red","Demon Form+1","Whirlwind+1","Pummel","Armaments+1","Warcry+1","Headbutt","Feed+1","Exhume+1","Exhume+1","Seeing Red+1","Shrug It Off","Heavy Blade","Pommel Strike+1","Offering+1","Armaments+1","Warcry+1","Warcry+1","Headbutt+1","Flex+1","Pummel+1","Flash of Steel"],"relics":["Burning Blood","REME:ComplimentaryCards","Membership Card","Membership Card","Girya","Omamori","Paper Frog","Brimstone","ClockworkSouvenir","Prayer Wheel","Orrery","Gremlin Horn","The Courier","Vajra","Shuriken","HornCleat","Magic Flower","Blood Vial","Astrolabe","Strange Spoon","Red Mask","Centennial Puzzle","Bottled Lightning","Bronze Scales","Sozu","Gambling Chip","War Paint","Nunchaku","Oddly Smooth Stone","Chemical X","Old Coin","Thread and Needle","Bag of Preparation","Kunai","OrangePellets","Mango","Whetstone","Art of War"],"acts_visited":["Exordium","TheCity","TheBeyond","TheEnding"],"potions_floor_usage":[18,21,27,30,55],"damage_taken":[{"damage":3.0,"enemies":"Cultist","floor":1.0,"turns":4.0},{"damage":8.0,"enemies":"Jaw Worm","floor":3.0,"turns":2.0},{"damage":4.0,"enemies":"Small Slimes","floor":4.0,"turns":3.0},{"damage":0.0,"enemies":"Gremlin Nob","floor":6.0,"turns":2.0},{"damage":7.0,"enemies":"Looter","floor":7.0,"turns":2.0},{"damage":0.0,"enemies":"Lagavulin","floor":8.0,"turns":5.0},{"damage":2.0,"enemies":"Exordium Thugs","floor":14.0,"turns":3.0},{"damage":0.0,"enemies":"Slime Boss","floor":16.0,"turns":3.0},{"damage":19,"enemies":"2 Thieves","floor":18,"turns":3},{"damage":0,"enemies":"3 Byrds","floor":20,"turns":4},{"damage":0,"enemies":"Masked Bandits","floor":21,"turns":1},{"damage":0,"enemies":"3 Cultists","floor":22,"turns":2},{"damage":25,"enemies":"Centurion and Healer","floor":24,"turns":4},{"damage":0,"enemies":"Slavers","floor":27,"turns":3},{"damage":6,"enemies":"Snake Plant","floor":29,"turns":3},{"damage":10,"enemies":"Gremlin Leader","floor":30,"turns":3},{"damage":10,"enemies":"Chosen and Byrds","floor":31,"turns":4},{"damage":1,"enemies":"Automaton","floor":33,"turns":4},{"damage":0,"enemies":"3 Darklings","floor":35,"turns":2},{"damage":6,"enemies":"3 Shapes","floor":38,"turns":1},{"damage":6,"enemies":"Jaw Worm Horde","floor":39,"turns":2},{"damage":6,"enemies":"Nemesis","floor":41,"turns":3},{"damage":6,"enemies":"Reptomancer","floor":44,"turns":2},{"damage":8,"enemies":"Spire Growth","floor":45,"turns":3},{"damage":0,"enemies":"Writhing Mass","floor":46,"turns":2},{"damage":0,"enemies":"Mind Bloom Boss Battle","floor":48,"turns":2},{"damage":6,"enemies":"Donu and Deca","floor":50,"turns":2},{"damage":6,"enemies":"Shield and Spear","floor":54,"turns":1},{"damage":91,"enemies":"The Heart","floor":55,"turns":4}],"seed_played":"8395498230510800302","potions_obtained":[{"floor":1.0,"key":"HeartOfIron"},{"floor":4.0,"key":"EssenceOfSteel"},{"floor":6.0,"key":"Dexterity Potion"},{"floor":8.0,"key":"Energy Potion"},{"floor":20,"key":"DistilledChaos"},{"floor":21,"key":"BlessingOfTheForge"},{"floor":22,"key":"GamblersBrew"},{"floor":28,"key":"EntropicBrew"},{"floor":33,"key":"Weak Potion"}],"is_trial":false,"path_per_floor":["M","T","M","M","$","E","M","E","T","?","?","?","R","M","R","B",null,"M","$","M","?","M","R","M","R","T","E","?","M","E","M","R","B",null,"M","?","$","M","M","R","E","R","T","E","M","M","$","?","R","B",null,"R","$","E","B",null],"character_chosen":"IRONCLAD","items_purchased":["Membership Card","Omamori","Paper Frog","Brimstone","ClockworkSouvenir","Battle Trance","Orrery","Vajra","Shuriken","Warcry","Strange Spoon","Exhume","Gambling Chip","War Paint","Chemical X","Thread and Needle","Flash of Steel","Bag of Preparation","Kunai","OrangePellets","Mango","Whetstone"],"campfire_rested":0,"item_purchase_floors":[0,0,0,0,0,0,0,5,5,5,19,19,37,37,47,53,53,53,53,53,53,53],"current_hp_per_floor":[75,75,73,75,75,80,79,80,80,80,64,90,90,90,90,90,90,85,85,96,99,99,99,89,89,89,106,106,106,105,105,105,110,110,110,110,110,114,118,118,122,122,122,126,130,130,130,130,130,134,134,134,148,152,70],"gold":49,"neow_bonus":"","is_daily":false,"chose_seed":false,"campfire_upgraded":5,"win_rate":0.0,"timestamp":1612430658,"path_taken":["M","?","M","M","$","E","M","E","T","?","?","?","R","M","R","BOSS","M","$","M","?","M","R","M","R","T","E","?","M","E","?","R","BOSS","M","?","$","M","M","R","E","R","T","E","M","?","$","?","R","BOSS","R","$","E","BOSS"],"items_purchased_type":["Relic","Relic","Relic","Relic","Relic","Card","Relic","Relic","Relic","Card","Relic","Card","Relic","Relic","Relic","Relic","Card","Relic","Relic","Relic","Relic","Relic"],"build_version":"2020-12-22","purchased_purges":6,"victory":true,"max_hp_per_floor":[80,80,80,80,80,80,80,80,80,80,80,90,90,90,90,90,90,93,93,96,99,99,99,103,103,103,106,106,106,106,106,106,110,110,110,110,110,114,118,118,122,122,122,126,130,130,130,130,130,134,134,134,148,152,152],"relic_stats":{"Gremlin Horn":[18,25],"counters":[29,79],"Astrolabe":["Hemokinesis","Rupture","Exhume"],"Magic Flower":[43],"Bag of Preparation":[4],"Whetstone":["Pummel","Whirlwind"],"War Paint":["Offering","Exhume"],"Burning Blood":125,"Blood Vial":8,"Sozu":4,"Strange Spoon":[38],"OrangePellets":[4],"Centennial Puzzle":[36],"Nunchaku":[4],"Shuriken":[15],"Bronze Scales":[81],"Gambling Chip":[26],"Prayer Wheel":16,"Art of War":[0],"Chemical X":[5],"Kunai":[3],"obtain_stats":[{"Gremlin Horn":0,"Vajra":5,"Magic Flower":8,"Mango":53,"Bag of Preparation":53,"Whetstone":53,"Burning Blood":0,"ClockworkSouvenir":0,"Old Coin":48,"Blood Vial":9,"Sozu":34,"Centennial Puzzle":26,"Nunchaku":41,"HornCleat":6,"Gambling Chip":37,"Prayer Wheel":0,"Red Mask":21,"Chemical X":47,"Kunai":53,"Paper Frog":0,"Girya":0,"Astrolabe":17,"Oddly Smooth Stone":44,"Thread and Needle":53,"The Courier":2,"Omamori":0,"War Paint":37,"Strange Spoon":19,"OrangePellets":53,"REME:ComplimentaryCards":0,"Brimstone":0,"Shuriken":5,"Bronze Scales":30,"Orrery":0,"Art of War":54,"Membership Card":0,"Bottled Lightning":27},{"Gremlin Horn":0,"Vajra":3,"Magic Flower":6,"Mango":27,"Bag of Preparation":27,"Whetstone":27,"Burning Blood":0,"ClockworkSouvenir":0,"Old Coin":26,"Blood Vial":6,"Sozu":18,"Centennial Puzzle":13,"Nunchaku":22,"HornCleat":4,"Gambling Chip":19,"Prayer Wheel":0,"Red Mask":11,"Chemical X":25,"Kunai":27,"Paper Frog":0,"Girya":0,"Astrolabe":8,"Oddly Smooth Stone":23,"Thread and Needle":27,"The Courier":1,"Omamori":0,"War Paint":19,"Strange Spoon":9,"OrangePellets":27,"REME:ComplimentaryCards":0,"Brimstone":0,"Shuriken":3,"Bronze Scales":16,"Orrery":0,"Art of War":28,"Membership Card":0,"Bottled Lightning":14},{"Gremlin Horn":0,"Vajra":9,"Magic Flower":18,"Mango":74,"Bag of Preparation":74,"Whetstone":74,"Burning Blood":0,"ClockworkSouvenir":0,"Old Coin":72,"Blood Vial":18,"Sozu":55,"Centennial Puzzle":38,"Nunchaku":63,"HornCleat":11,"Gambling Chip":57,"Prayer Wheel":0,"Red Mask":32,"Chemical X":70,"Kunai":74,"Paper Frog":0,"Girya":0,"Astrolabe":24,"Oddly Smooth Stone":65,"Thread and Needle":74,"The Courier":4,"Omamori":0,"War Paint":57,"Strange Spoon":27,"OrangePellets":74,"REME:ComplimentaryCards":0,"Brimstone":0,"Shuriken":9,"Bronze Scales":47,"Orrery":0,"Art of War":75,"Membership Card":0,"Bottled Lightning":41}]},"card_choices":[{"not_picked":["Warcry","Anger"],"picked":"Berserk","floor":0.0},{"not_picked":["Clash","Clothesline"],"picked":"Thunderclap","floor":0.0},{"not_picked":["Fire Breathing","Headbutt"],"picked":"Seeing Red","floor":0.0},{"not_picked":["Flex","Blood for Blood"],"picked":"Cleave","floor":0.0},{"not_picked":["Spot Weakness","Thunderclap"],"picked":"Demon Form","floor":1.0},{"not_picked":["Anger","Searing Blow","Uppercut"],"picked":"SKIP","floor":1.0},{"not_picked":["Intimidate","Havoc"],"picked":"Whirlwind","floor":3.0},{"not_picked":["Sever Soul","Anger","Thunderclap"],"picked":"SKIP","floor":3.0},{"not_picked":["Entrench","Shrug It Off"],"picked":"Pummel","floor":4.0},{"not_picked":["Shrug It Off","Reckless Charge"],"picked":"Armaments","floor":4.0},{"not_picked":["Second Wind","Clash","Dropkick"],"picked":"SKIP","floor":6.0},{"not_picked":["Perfected Strike","Armaments"],"picked":"Headbutt","floor":7.0},{"not_picked":["Havoc","Clash","True Grit"],"picked":"SKIP","floor":7.0},{"not_picked":["Wild Strike","True Grit","Immolate"],"picked":"SKIP","floor":8.0},{"not_picked":["Body Slam","Wild Strike","Thunderclap"],"picked":"SKIP","floor":14.0},{"not_picked":["True Grit","Cleave","Wild Strike"],"picked":"SKIP","floor":14.0},{"not_picked":["Immolate","Bludgeon"],"picked":"Feed","floor":16.0},{"not_picked":["Seeing Red","Flex+1","Dual Wield"],"picked":"SKIP","floor":18},{"not_picked":["Rupture+1","Thunderclap","Second Wind"],"picked":"SKIP","floor":18},{"not_picked":["True Grit","Bloodletting+1"],"picked":"Seeing Red","floor":20},{"not_picked":["Iron Wave","Anger","Dual Wield"],"picked":"SKIP","floor":20},{"not_picked":["Clash","Carnage"],"picked":"Shrug It Off","floor":22},{"not_picked":["Corruption","Metallicize+1","Whirlwind"],"picked":"SKIP","floor":22},{"not_picked":["Intimidate+1","Body Slam+1"],"picked":"Heavy Blade","floor":24},{"not_picked":["Combust","Spot Weakness","Sentinel"],"picked":"SKIP","floor":24},{"not_picked":["Blood for Blood","Shockwave+1","Shrug It Off+1"],"picked":"SKIP","floor":27},{"not_picked":["Thunderclap+1","Headbutt+1","Pommel Strike+1"],"picked":"SKIP","floor":29},{"not_picked":["Thunderclap","Reckless Charge","Wild Strike"],"picked":"SKIP","floor":29},{"not_picked":["Rupture","Entrench","Fire Breathing"],"picked":"SKIP","floor":30},{"not_picked":["Fire Breathing+1","Wild Strike+1"],"picked":"Pommel Strike","floor":31},{"not_picked":["Twin Strike","Evolve","Headbutt"],"picked":"SKIP","floor":31},{"not_picked":["Corruption","Double Tap"],"picked":"Offering","floor":33},{"not_picked":["Armaments+1","Ghostly Armor+1","Dual Wield"],"picked":"SKIP","floor":35},{"not_picked":["Disarm+1","Clash","Anger+1"],"picked":"SKIP","floor":35},{"not_picked":["Wild Strike+1","Thunderclap+1"],"picked":"Armaments","floor":38},{"not_picked":["Anger","Rage+1","Evolve+1"],"picked":"SKIP","floor":38},{"not_picked":["Rupture","Wild Strike"],"picked":"Warcry+1","floor":39},{"not_picked":["Armaments","Cleave+1"],"picked":"Warcry+1","floor":39},{"not_picked":["Warcry+1","Berserk"],"picked":"Headbutt+1","floor":41},{"not_picked":["Shrug It Off","Blood for Blood+1","True Grit+1"],"picked":"SKIP","floor":44},{"not_picked":["Clash+1","Sword Boomerang+1"],"picked":"Flex+1","floor":45},{"not_picked":["Burning Pact","Ghostly Armor+1","Anger+1"],"picked":"SKIP","floor":45},{"not_picked":["Shrug It Off+1","Body Slam"],"picked":"Pummel","floor":46},{"not_picked":["Headbutt+1","Uppercut+1","True Grit"],"picked":"SKIP","floor":46},{"not_picked":["Combust+1","Clothesline","Hemokinesis+1"],"picked":"SKIP","floor":54}],"player_experience":146735,"relics_obtained":[{"floor":2.0,"key":"The Courier"},{"floor":6.0,"key":"HornCleat"},{"floor":8.0,"key":"Magic Flower"},{"floor":9.0,"key":"Blood Vial"},{"floor":21,"key":"Red Mask"},{"floor":26,"key":"Centennial Puzzle"},{"floor":27,"key":"Bottled Lightning"},{"floor":30,"key":"Bronze Scales"},{"floor":41,"key":"Nunchaku"},{"floor":44,"key":"Oddly Smooth Stone"},{"floor":48,"key":"Old Coin"},{"floor":54,"key":"Art of War"}],"event_choices":[{"cards_removed":["Strike_R"],"damage_healed":0.0,"max_hp_gain":0.0,"max_hp_loss":0.0,"gold_gain":0.0,"event_name":"Living Wall","player_choice":"Forget","floor":10.0,"gold_loss":0.0,"damage_taken":0.0},{"damage_healed":0.0,"max_hp_gain":0.0,"max_hp_loss":0.0,"gold_gain":0.0,"event_name":"Shining Light","player_choice":"Entered Light","floor":11.0,"gold_loss":0.0,"damage_taken":16.0,"cards_upgraded":["Battle Trance","Demon Form"]},{"cards_removed":["Chrysalis"],"damage_healed":16.0,"max_hp_gain":10.0,"max_hp_loss":0.0,"gold_gain":0.0,"event_name":"Bonfire Elementals","player_choice":"Offered Rare","floor":12.0,"gold_loss":0.0,"damage_taken":0.0},{"damage_healed":0,"gold_gain":0,"player_choice":"Fought Bandits","damage_taken":0,"max_hp_gain":0,"max_hp_loss":0,"event_name":"Masked Bandits","floor":21,"gold_loss":0},{"damage_healed":0,"gold_gain":0,"player_choice":"Got Potions","damage_taken":0,"max_hp_gain":0,"max_hp_loss":0,"event_name":"Lab","floor":28,"gold_loss":0},{"damage_healed":0,"gold_gain":0,"player_choice":"Upgraded","damage_taken":0,"max_hp_gain":0,"max_hp_loss":0,"event_name":"Upgrade Shrine","floor":36,"gold_loss":0,"cards_upgraded":["Feed"]},{"damage_healed":0,"gold_gain":0,"player_choice":"Fight","damage_taken":0,"max_hp_gain":0,"max_hp_loss":0,"event_name":"MindBloom","floor":48,"gold_loss":0}],"is_beta":false,"boss_relics":[{"not_picked":["Black Blood","Fusion Hammer"],"picked":"Astrolabe"},{"not_picked":["Mark of Pain","Runic Pyramid"],"picked":"Sozu"}],"items_purged_floors":[0,0,19,19,37,47],"is_endless":false,"potions_floor_spawned":[1,4,6,8,20,21,22,24,33,38,39,45,48],"ascension_level":9}}