{"host":"6azrrw3tf7wb0f4b","time":1612418420,"event":{"mods":["BaseMod","DeckTracker","Minty Spire (QoL Compilation)","SuperFastMode"],"gold_per_floor":[115,115,40,40,40,40,57,90,159,21,49,59,59,70,70,142,142,155,168,168,187,187,187],"floor_reached":22,"language":"KOR","playtime":873,"items_purged":[],"score":394,"play_id":"e2b6b3dd-776e-45e2-8b5a-6e20cb8a92bc","local_time":"20210204150020","is_ascension_mode":true,"campfire_choices":[{"data":"Zap","floor":6,"key":"SMITH"},{"data":"Strike_B","floor":13,"key":"PURGE"},{"floor":15,"key":"REST"}],"circlet_count":0,"master_deck":["AscendersBane","Zap+1","Dualcast","Steam","Doom and Gloom","Turbo","Defragment","Storm","Sweeping Beam","Multi-Cast","Conserve Battery","Amplify","Barrage","Thunder Strike","Blizzard","Doom and Gloom","Barrage","Beam Cell","Heatsinks","Conserve Battery+1","Capacitor"],"relics":["Cracked Core","NeowsBlessing","Orichalcum","Blood Vial","The Courier","Peace Pipe","Pandora\u0027s Box"],"acts_visited":["Exordium","TheCity"],"potions_floor_usage":[18],"damage_taken":[{"damage":0,"enemies":"Jaw Worm","floor":1,"turns":1},{"damage":0,"enemies":"2 Louse","floor":7,"turns":1},{"damage":0,"enemies":"Gremlin Nob","floor":8,"turns":1},{"damage":24,"enemies":"Lagavulin","floor":11,"turns":6},{"damage":0,"enemies":"Small Slimes","floor":12,"turns":2},{"damage":11,"enemies":"Blue Slaver","floor":14,"turns":4},{"damage":28,"enemies":"Slime Boss","floor":16,"turns":5},{"damage":20,"enemies":"3 Byrds","floor":18,"turns":3},{"damage":6,"enemies":"Chosen","floor":19,"turns":4},{"damage":33,"enemies":"Snake Plant","floor":21,"turns":4},{"damage":8,"enemies":"Shelled Parasite and Fungi","floor":22,"turns":1}],"seed_played":"7249484821770204482","potions_obtained":[{"floor":11,"key":"Explosive Potion"},{"floor":12,"key":"SteroidPotion"},{"floor":14,"key":"Strength Potion"},{"floor":21,"key":"Dexterity Potion"}],"is_trial":false,"path_per_floor":["M","?","?","$","?","R","M","E","T","$","E","M","R","M","R","B",null,"M","M","$","M","M"],"character_chosen":"DEFECT","items_purchased":["Defragment","Storm","Sweeping Beam"],"campfire_rested":1,"item_purchase_floors":[10,10,10],"current_hp_per_floor":[64,38,38,38,38,38,38,38,38,38,16,18,18,9,30,4,54,36,32,32,1,0,0],"gold":187,"neow_bonus":"THREE_ENEMY_KILL","is_daily":false,"chose_seed":false,"campfire_upgraded":1,"win_rate":0.0,"timestamp":1612418420,"path_taken":["M","?","?","$","?","R","?","E","T","?","E","?","R","M","R","BOSS","M","M","$","M","M"],"items_purchased_type":["Card","Card","Card"],"build_version":"2020-12-22","purchased_purges":0,"victory":false,"max_hp_per_floor":[71,71,71,71,71,71,71,71,71,71,71,71,71,71,71,71,71,71,71,71,71,71,71],"card_choices":[{"not_picked":["Blizzard","Steam Power"],"picked":"Steam","floor":1},{"not_picked":["Heatsinks","Darkness"],"picked":"Doom and Gloom","floor":7},{"not_picked":["Gash","Go for the Eyes"],"picked":"Turbo","floor":8},{"not_picked":["Cold Snap","Turbo"],"picked":"Multi-Cast","floor":11},{"not_picked":["Compile Driver","Aggregate","Stack"],"picked":"SKIP","floor":12},{"not_picked":["Barrage","Stack"],"picked":"Conserve Battery","floor":14},{"not_picked":["Fission","Thunder Strike"],"picked":"Amplify","floor":16},{"not_picked":["Streamline","Beam Cell"],"picked":"Heatsinks","floor":18},{"not_picked":["Darkness","Chill"],"picked":"Conserve Battery+1","floor":19},{"not_picked":["Skim","Stack"],"picked":"Capacitor","floor":21}],"player_experience":757253,"relics_obtained":[{"floor":8,"key":"Blood Vial"},{"floor":9,"key":"The Courier"},{"floor":11,"key":"Peace Pipe"}],"event_choices":[{"damage_healed":0,"gold_gain":0,"player_choice":"Success","damage_taken":26,"relics_obtained":["Orichalcum"],"max_hp_gain":0,"max_hp_loss":0,"event_name":"Scrap Ooze","floor":2,"gold_loss":0},{"cards_removed":["Strike_B"],"damage_healed":0,"gold_gain":0,"player_choice":"Card Removal","damage_taken":0,"max_hp_gain":0,"max_hp_loss":0,"event_name":"The Cleric","floor":3,"gold_loss":75},{"damage_healed":0,"gold_gain":0,"player_choice":"Ignored","damage_taken":0,"max_hp_gain":0,"max_hp_loss":0,"event_name":"Liars Game","floor":5,"gold_loss":0}],"is_beta":false,"boss_relics":[{"not_picked":["Busted Crown","Inserter"],"picked":"Pandora\u0027s Box"}],"items_purged_floors":[],"is_endless":false,"potions_floor_spawned":[11,12,14,21],"killed_by":"Shelled Parasite and Fungi","ascension_level":16}}