{"host":"hpn0uxah5qjr7pa6","time":1612407556,"event":{"mods":["Act Like it!","Aspiration","BaseMod","Better Third Choice","BetterRewards","Challenge The Spire","Colored Powertips","Conspire","DeckTracker","Downfall","Energized Spire","Hallownest","Hermit","Highlight Path","Hubris","Infinite Spire","Minty Spire (QoL Compilation)","Permanent Neow","Quick Restart","Rare Cards Sparkle","Replay The Spire","Spicy Shops","StSLib","The Bug Knight","The Jungle"],"gold_per_floor":[99,137,64,64,82,82,82,82,109,125,144,158,158,158,158,158,175,274,274,274,290,290,290,305,134,161,161,194,204,204,189,189,189,203,203,203,203],"floor_reached":35,"language":"ENG","playtime":1616,"items_purged":["bronze:Goto"],"score":374,"play_id":"816edaeb-125a-4eb3-af47-018d54878d0c","local_time":"20210203185916","is_ascension_mode":true,"campfire_choices":[{"floor":1,"key":"REST"},{"floor":8,"key":"REST"},{"data":"bronze:BronzeOrb","floor":13,"key":"SMITH"},{"data":"bronze:OilSpill","floor":15,"key":"SMITH"},{"data":"bronze:ChosenStrike","floor":20,"key":"SMITH"},{"data":"bronze:BronzeOrb","floor":30,"key":"SMITH"},{"data":"bronze:Repair","floor":32,"key":"SMITH"}],"circlet_count":0,"master_deck":["bronze:Strike","bronze:Strike","bronze:Strike","bronze:Strike","bronze:Defend","bronze:Defend","bronze:Defend","bronze:Defend","bronze:Replicate","bronze:BronzeOrb+1","bronze:OilSpill","bronze:Repair","bronze:Repair","bronze:Repair+1","bronze:OilSpill+1","bronze:ChosenStrike+1","bronze:DelayedSlice","bronze:BronzeOrb+1"],"relics":["bronze:BronzeCore","Replay:Ringing Soul","hubris:Metronome","Boot","conspire:RoyalGoblet","Ice Cream","Ginger","conspire:TopHat","Replay:Accelerometer"],"acts_visited":["Hallownest:Greenpath","Hallownest:CityofTears"],"potions_floor_usage":[11,14,18,18,34,35],"damage_taken":[{"damage":37,"enemies":"conspire:MimicChest","floor":2,"turns":8},{"damage":0,"enemies":"downfall:FleeingMerchant","floor":3,"turns":4},{"damage":2,"enemies":"Hallownest:2_MossCreeps","floor":5,"turns":5},{"damage":0,"enemies":"Hallownest:monsterHuskGuard","floor":10,"turns":3},{"damage":3,"enemies":"Hallownest:2_Tiktiks_and_1_Crawlid","floor":11,"turns":3},{"damage":9,"enemies":"Hallownest:MossCreep_and_Mosskin","floor":12,"turns":4},{"damage":0,"enemies":"Hallownest:monsterAspidMother","floor":14,"turns":2},{"damage":5,"enemies":"Hallownest:Wandering_and_Horned","floor":17,"turns":4},{"damage":16,"enemies":"IC_STATUS_ARCHETYPE","floor":18,"turns":5},{"damage":0,"enemies":"Hallownest:Guard_and_Sentry","floor":21,"turns":4},{"damage":1,"enemies":"Hallownest:Flukemon_and_Top","floor":24,"turns":4},{"damage":3,"enemies":"downfall:FleeingMerchant","floor":25,"turns":4},{"damage":10,"enemies":"Hallownest:Nosk","floor":28,"turns":8},{"damage":0,"enemies":"Hallownest:2_Husk_Sentries","floor":29,"turns":3},{"damage":11,"enemies":"downfall:FleeingMerchant","floor":31,"turns":4},{"damage":11,"enemies":"Hallownest:2_Flukemon","floor":34,"turns":5},{"damage":120,"enemies":"DF_ARCHETYPE_CLAW","floor":35,"turns":7}],"seed_played":"5546992715091812296","potions_obtained":[{"floor":10,"key":"EssenceOfSteel"},{"floor":11,"key":"Fire Potion"},{"floor":12,"key":"GamblersBrew"},{"floor":17,"key":"DistilledChaos"},{"floor":29,"key":"SkillPotion"},{"floor":34,"key":"Milkshake"}],"is_trial":false,"path_per_floor":["R","?","$","T","M","PTL","PTL","R","T","M","M","M","R","M","R","?","M","B",null,"R","M","AVR","?","M","$","T","?","E","M","R","$","R","?","M","B"],"character_chosen":"THE_AUTOMATON","items_purchased":["bronze:Repair","Ginger"],"campfire_rested":2,"item_purchase_floors":[3,25],"current_hp_per_floor":[84,50,53,53,65,65,65,90,90,93,96,87,87,96,96,96,99,83,95,95,99,99,99,102,102,102,102,102,105,105,105,105,105,94,0,0,0],"gold":203,"neow_bonus":"TWENTY_PERCENT_HP_BONUS","is_daily":false,"chose_seed":false,"campfire_upgraded":5,"win_rate":0.0,"timestamp":1612407556,"path_taken":["R","?","$","?","M","PTL","PTL","R","T","M","M","M","R","M","R","?","M","BOSS","R","M","AVR","?","M","$","T","?","E","?","R","$","R","?","M","BOSS"],"items_purchased_type":["Card","Relic"],"build_version":"2020-12-22","purchased_purges":1,"victory":false,"max_hp_per_floor":[84,87,90,90,90,90,90,90,90,93,96,96,96,96,96,96,99,99,99,99,99,99,99,102,102,102,102,102,105,105,105,105,105,105,105,105,105],"card_choices":[{"not_picked":["bronze:Turbo","bronze:DelayedGuard"],"picked":"bronze:BronzeOrb","floor":2},{"not_picked":["bronze:DelayedSlice","bronze:DelayedGuard"],"picked":"bronze:OilSpill","floor":3},{"not_picked":["bronze:Separator","bronze:WhirlingStrike","bronze:CutThrough"],"picked":"SKIP","floor":5},{"not_picked":["bronze:GetLatest","bronze:Backtrace"],"picked":"bronze:Repair","floor":10},{"not_picked":["bronze:Shield","bronze:BurnOut"],"picked":"bronze:OilSpill","floor":11},{"not_picked":["bronze:Iterate","bronze:NullPointer","bronze:Deprecate"],"picked":"SKIP","floor":12},{"not_picked":["bronze:Constructor","bronze:WildBeam","bronze:Overheat"],"picked":"SKIP","floor":14},{"not_picked":["bronze:Frontload","bronze:Repulsor"],"picked":"bronze:ChosenStrike","floor":17},{"not_picked":["bronze:FineTuning","bronze:Philosophize","bronze:DelayedGuard"],"picked":"SKIP","floor":21},{"not_picked":["bronze:Constructor+1","bronze:WildBeam+1"],"picked":"bronze:DelayedSlice","floor":24},{"not_picked":["bronze:BuggyMess","bronze:Boost+1","bronze:ForceShield"],"picked":"SKIP","floor":25},{"not_picked":["bronze:FineTuning","bronze:ItsAFeature","bronze:Repair+1"],"picked":"SKIP","floor":28},{"not_picked":["bronze:Constructor","bronze:Fortify+1"],"picked":"bronze:BronzeOrb","floor":29},{"not_picked":["bronze:Deprecate","bronze:Safeguard+1","bronze:BitShift+1"],"picked":"SKIP","floor":31},{"not_picked":["bronze:Constructor","bronze:Invalidate","bronze:BugBarrage"],"picked":"SKIP","floor":34}],"player_experience":183409,"relics_obtained":[{"floor":2,"key":"Replay:Ringing Soul"},{"floor":4,"key":"hubris:Metronome"},{"floor":9,"key":"Boot"},{"floor":26,"key":"conspire:TopHat"},{"floor":28,"key":"Replay:Accelerometer"}],"event_choices":[],"is_beta":false,"boss_relics":[{"not_picked":["energizedSpire:CursedPentagram","hubris:ScarierMask"],"picked":"conspire:RoyalGoblet"}],"items_purged_floors":[25],"is_endless":false,"potions_floor_spawned":[10,11,12,17,28,29,34],"killed_by":"DF_ARCHETYPE_CLAW","ascension_level":5}}