{"host":"5dhwd44u3dydylwe","time":1612411048,"event":{"mods":["AchievementEnabler","BaseMod","BetterRewards","Dota2Spire","Downfall","Hubris","Minty Spire (QoL Compilation)","Shop Mod","StSLib","Wandering Minibosses"],"gold_per_floor":[99,115,115,134,134,134,184,184,22,32,46,74,74,168,223,243,289,417,417,417,465,514,40,83,187,237,261,261,161,218,274,174,199,224,302,351,481,481,481,481,481,221,241,241,268,294,294,309,343,343,343,363,216,256,256],"floor_reached":56,"language":"ENG","playtime":4120,"items_purged":["bronze:Strike"],"score":1000,"play_id":"f896b8d1-6545-4a15-b046-729c855cfc00","local_time":"20210204115728","is_ascension_mode":false,"campfire_choices":[{"data":"bronze:Goto","floor":1,"key":"SMITH"},{"data":"bronze:Replicate","floor":6,"key":"SMITH"},{"data":"bronze:Philosophize","floor":13,"key":"SMITH"},{"data":"bronze:HardenedForm","floor":20,"key":"SMITH"},{"data":"Apotheosis","floor":29,"key":"SMITH"},{"data":"bronze:Shell","floor":32,"key":"SMITH"},{"data":"bronze:ChosenStrike","floor":39,"key":"SMITH"},{"data":"expansioncontent:Chronoboost","floor":44,"key":"SMITH"},{"data":"bronze:Format","floor":50,"key":"SMITH"}],"circlet_count":0,"master_deck":["bronze:Strike","bronze:Strike","bronze:Defend","bronze:Defend","bronze:Defend","bronze:Defend","bronze:Replicate+1","bronze:Goto+1","bronze:Philosophize+1","bronze:Optimize","bronze:ChosenStrike+1","bronze:Iterate","bronze:Shell+1","bronze:HardenedForm+1","bronze:Frontload","Apotheosis+1","bronze:Mutator","expansioncontent:Chronoboost+1","bronze:Shell","bronze:FineTuning+1","bronze:Format+1","bronze:ChosenStrike+1"],"relics":["bronze:BronzeCore","hubris:Towel","downfall:ShatteredFragment","Dota2Spire:Vanguard","Dead Branch","OrangePellets","Dota2Spire:HandOfMidas","Dota2Spire:ShivaGuard","Strawberry","Philosopher\u0027s Stone","wanderingMiniBosses:AbyssPearl","Thread and Needle","Art of War","Nunchaku","downfall:HeartBlessingBlue","Red Mask","Torii","downfall:HeartBlessingGreen","Lantern","Happy Flower","hubris:BlackHole","bronze:BottledCode","Pear","Dota2Spire:DrumOfEndurance","Dota2Spire:ArcaneBoots","Blue Candle","Dota2Spire:UrnOfShadows","DollysMirror"],"acts_visited":["Exordium","TheCity","TheBeyond"],"potions_floor_usage":[12,18,25],"damage_taken":[{"damage":0,"enemies":"2 Louse","floor":2,"turns":3},{"damage":4,"enemies":"Jaw Worm","floor":4,"turns":5},{"damage":0,"enemies":"downfall:FleeingMerchant","floor":9,"turns":4},{"damage":0,"enemies":"Small Slimes","floor":10,"turns":4},{"damage":13,"enemies":"Exordium Thugs","floor":11,"turns":5},{"damage":1,"enemies":"3 Sentries","floor":12,"turns":5},{"damage":5,"enemies":"3 Sentries","floor":14,"turns":6},{"damage":4,"enemies":"Lagavulin","floor":15,"turns":5},{"damage":6,"enemies":"Exordium Wildlife","floor":16,"turns":5},{"damage":0,"enemies":"2 Fungi Beasts","floor":17,"turns":4},{"damage":5,"enemies":"SI_SHIV_ARCHETYPE","floor":18,"turns":5},{"damage":0,"enemies":"Spheric Guardian","floor":21,"turns":5},{"damage":0,"enemies":"3 Byrds","floor":22,"turns":5},{"damage":4,"enemies":"downfall:FleeingMerchant","floor":23,"turns":5},{"damage":0,"enemies":"Cultist and Chosen","floor":24,"turns":5},{"damage":0,"enemies":"downfall:FleeingMerchant","floor":25,"turns":4},{"damage":0,"enemies":"Masked Bandits","floor":30,"turns":4},{"damage":0,"enemies":"Book of Stabbing","floor":31,"turns":4},{"damage":0,"enemies":"Gremlin Leader","floor":34,"turns":4},{"damage":0,"enemies":"Sentry and Sphere","floor":35,"turns":7},{"damage":0,"enemies":"Centurion and Healer","floor":36,"turns":5},{"damage":0,"enemies":"DF_ARCHETYPE_CLAW","floor":37,"turns":6},{"damage":0,"enemies":"3 Darklings","floor":43,"turns":1},{"damage":0,"enemies":"3 Shapes","floor":48,"turns":1},{"damage":0,"enemies":"Reptomancer","floor":49,"turns":1},{"damage":0,"enemies":"Maw","floor":52,"turns":1},{"damage":0,"enemies":"Spire Growth","floor":54,"turns":1},{"damage":0,"enemies":"IC_BLOCK_ARCHETYPE","floor":55,"turns":2}],"seed_played":"-7324158242352443935","potions_obtained":[{"floor":10,"key":"SkillPotion"},{"floor":12,"key":"hexamod:SoulburnPotion"},{"floor":14,"key":"Dota2Spire:Clarity"},{"floor":18,"key":"Ancient Potion"},{"floor":24,"key":"LiquidBronze"},{"floor":30,"key":"EssenceOfSteel"},{"floor":37,"key":"DuplicationPotion"}],"is_trial":false,"path_per_floor":["R","M","?","M","?","R","T","T","$","M","M","E","R","?","E","M","M","B",null,"R","M","M","$","M","$","T","T","?","R","?","E","R","T","E","M","M","B",null,"R","?","?","$","M","R","T","T","?","M","E","R","?","M","$","M","B",null],"character_chosen":"THE_AUTOMATON","items_purchased":["OrangePellets","Apotheosis","Thread and Needle","Art of War","Pear","DollysMirror"],"campfire_rested":0,"item_purchase_floors":[9,23,23,25,42,53],"current_hp_per_floor":[77,77,77,73,52,52,52,52,52,52,39,38,38,33,36,30,30,25,84,84,84,84,80,80,80,80,80,64,74,74,74,74,74,74,74,74,74,99,99,99,89,99,99,99,99,99,99,99,99,99,99,99,99,99,99],"gold":256,"neow_bonus":"TEN_PERCENT_HP_BONUS","is_daily":false,"chose_seed":false,"campfire_upgraded":9,"win_rate":0.0,"timestamp":1612411048,"path_taken":["R","M","?","M","?","R","T","T","$","M","M","E","R","?","E","M","M","BOSS","R","M","M","$","M","$","T","T","?","R","?","E","R","?","E","M","M","BOSS","R","?","?","$","M","R","T","T","?","?","E","R","?","M","$","M","BOSS"],"items_purchased_type":["Relic","Card","Relic","Relic","Relic","Relic"],"build_version":"2020-12-22","purchased_purges":1,"victory":true,"max_hp_per_floor":[77,77,77,77,77,77,77,77,77,77,77,77,77,77,84,84,84,84,84,84,84,84,84,84,84,84,84,89,99,99,99,99,99,99,99,99,99,99,99,99,89,99,99,99,99,99,99,99,99,99,99,99,99,99,99],"card_choices":[{"not_picked":["bronze:BuggyMess","bronze:Overheat","bronze:BitShift"],"picked":"SKIP","floor":2},{"not_picked":["bronze:FineTuning","bronze:CloningBeam"],"picked":"bronze:Philosophize","floor":4},{"not_picked":["bronze:WhirlingStrike","bronze:ForLoop"],"picked":"bronze:Optimize","floor":9},{"not_picked":["bronze:Branch","bronze:DelayedSlice"],"picked":"bronze:ChosenStrike","floor":10},{"not_picked":["bronze:ForLoop","bronze:OilSpill"],"picked":"bronze:Iterate","floor":11},{"not_picked":["bronze:Iterate","bronze:Mutator","bronze:Invalidate"],"picked":"SKIP","floor":12},{"not_picked":["bronze:Overheat","bronze:MaxOutput"],"picked":"bronze:Shell","floor":14},{"not_picked":["bronze:BuggyMess","bronze:BronzeOrb","bronze:BugBarrage"],"picked":"SKIP","floor":15},{"not_picked":["bronze:Safeguard","bronze:Backtrace","bronze:DelayedGuard"],"picked":"SKIP","floor":16},{"not_picked":["bronze:NullPointer","bronze:Return","bronze:WildBeam"],"picked":"SKIP","floor":17},{"not_picked":["bronze:Verify","bronze:AlphaBuild"],"picked":"bronze:HardenedForm","floor":18},{"not_picked":["bronze:BitShift","bronze:BronzeOrb+1","bronze:DarkDash"],"picked":"SKIP","floor":21},{"not_picked":["bronze:BitShift","bronze:BronzeOrb+1","bronze:DarkDash"],"picked":"SKIP","floor":21},{"not_picked":["bronze:CutThrough","bronze:Frontload","bronze:DelayedGuard"],"picked":"SKIP","floor":22},{"not_picked":["bronze:Branch","bronze:Invalidate"],"picked":"bronze:Frontload","floor":23},{"not_picked":["bronze:Turbo+1","bronze:ForceShield","bronze:Flail"],"picked":"SKIP","floor":24},{"not_picked":["bronze:ForceShield+1","bronze:Turbo","bronze:CutThrough"],"picked":"SKIP","floor":25},{"not_picked":["bronze:CloningBeam+1","bronze:Iterate","bronze:MaxOutput+1"],"picked":"SKIP","floor":31},{"not_picked":["bronze:Fortify","bronze:Optimize","bronze:Iterate"],"picked":"SKIP","floor":34},{"not_picked":["bronze:BugBarrage+1","bronze:Optimize+1","bronze:OilSpill"],"picked":"SKIP","floor":35},{"not_picked":["bronze:Philosophize+1","bronze:BronzeOrb","bronze:Branch"],"picked":"SKIP","floor":36},{"not_picked":["bronze:BurnOut","bronze:Break"],"picked":"bronze:Mutator","floor":37},{"not_picked":["expansioncontent:Hexaburn","expansioncontent:GuardianWhirl"],"picked":"expansioncontent:Chronoboost","floor":40},{"not_picked":["bronze:Repulsor","bronze:Allocate+1"],"picked":"bronze:Shell","floor":43},{"not_picked":["bronze:Frontload","bronze:Iterate"],"picked":"bronze:FineTuning+1","floor":48},{"not_picked":["bronze:Branch+1","bronze:MaxOutput+1"],"picked":"bronze:Format","floor":49},{"not_picked":["bronze:MaxOutput","bronze:Return","bronze:ChosenStrike+1"],"picked":"SKIP","floor":52},{"not_picked":["bronze:FineTuning+1","bronze:Overload+1","bronze:WhirlingStrike+1"],"picked":"SKIP","floor":54}],"player_experience":195736,"relics_obtained":[{"floor":7,"key":"Dota2Spire:Vanguard"},{"floor":8,"key":"Dead Branch"},{"floor":12,"key":"Dota2Spire:HandOfMidas"},{"floor":14,"key":"Dota2Spire:ShivaGuard"},{"floor":15,"key":"Strawberry"},{"floor":23,"key":"wanderingMiniBosses:AbyssPearl"},{"floor":27,"key":"Nunchaku"},{"floor":30,"key":"Red Mask"},{"floor":31,"key":"Torii"},{"floor":33,"key":"Lantern"},{"floor":34,"key":"Happy Flower"},{"floor":45,"key":"Dota2Spire:DrumOfEndurance"},{"floor":46,"key":"Dota2Spire:ArcaneBoots"},{"floor":47,"key":"Blue Candle"},{"floor":49,"key":"Dota2Spire:UrnOfShadows"}],"event_choices":[{"damage_healed":0,"gold_gain":0,"player_choice":"Fought Bandits","damage_taken":0,"max_hp_gain":0,"max_hp_loss":0,"event_name":"Masked Bandits","floor":30,"gold_loss":0},{"damage_healed":0,"gold_gain":0,"player_choice":"Relic","damage_taken":0,"max_hp_gain":0,"max_hp_loss":0,"event_name":"Wheel of Change","floor":47,"gold_loss":0},{"cards_removed":["bronze:Strike"],"damage_healed":0,"gold_gain":0,"player_choice":"Removed Attack","damage_taken":0,"max_hp_gain":0,"max_hp_loss":0,"event_name":"Falling","floor":51,"gold_loss":0}],"is_beta":false,"boss_relics":[{"not_picked":["hubris:HollowSoul","SacredBark"],"picked":"Philosopher\u0027s Stone"},{"not_picked":["bronze:MakeshiftBattery","Sozu"],"picked":"hubris:BlackHole"}],"items_purged_floors":[25],"is_endless":false,"potions_floor_spawned":[10,11,12,14,18,24,30,31,34,37,43,49],"ascension_level":0}}