{"host":"fhwr1fuluf6086fh","time":1612405571,"event":{"mods":["2.2 Compatiblity","Act Like it!","BaseMod","Colored Map","Elementarium","Hermit","Minty Spire (QoL Compilation)","Robot Space Explorer","StSLib","The Blue Laboratory","The Caster","The Dragon Tamer","The Hierophant","TheSurvivalist"],"gold_per_floor":[115,135,310,329,343,369,69,104,104,104,134,146,146,175,175,270,270,286,306,319,338,338,338,338,338,338,371,371,405,60,60,60,164,164,180,190,0,0,11,46,46,6,6,6,6,56,56,74,74,74],"floor_reached":51,"language":"ENG","playtime":5279,"items_purged":["Normality","Decay"],"score":863,"play_id":"50b1e677-3b7f-4c61-85d5-8db796d6d8c6","local_time":"20210203212611","is_ascension_mode":true,"campfire_choices":[{"floor":10.0,"key":"REST"},{"floor":15.0,"key":"REST"},{"floor":23.0,"key":"REST"},{"data":"survmod:Sprint","floor":25.0,"key":"SMITH"},{"data":"survmod:DuckAndFlare","floor":32,"key":"SMITH"},{"data":"survmod:DuckAndFlare","floor":41,"key":"SMITH"},{"data":"survmod:VersatileOffense","floor":44,"key":"SMITH"},{"data":"survmod:Marksmanship","floor":49,"key":"SMITH"}],"circlet_count":0,"master_deck":["survmod:Defend","survmod:Defend","survmod:Defend","survmod:Defend","survmod:VersatileOffense+1","survmod:Sprint+1","Panache","survmod:MarkedShot","survmod:PersonalMark","Doubt","survmod:FlareQuiver","survmod:Marksmanship+1","survmod:QuickThinking","survmod:NockAnArrow","survmod:DuckAndFlare+1","survmod:DeadlyAim","survmod:DuckAndFlare+1","survmod:GoForFace","survmod:Marksmanship","survmod:Detonation","survmod:FlashbangTrap","survmod:NockAnArrow","survmod:Adaptability+1","survmod:FlashbangTrap","Bite","Bite","Bite","Bite","Bite","survmod:SimpleMutation","survmod:MarkedFromAfar+1","Madness","survmod:GoForFace","survmod:GoForFace","Shame","survmod:ConcussiveShot","survmod:VersatileDefense+1","survmod:DuckAndFlare+1","Blind","survmod:DuckAndFlare+1","survmod:MarkedShot","Madness","Madness","survmod:SimpleMutation+1"],"relics":["survmod:InnateMutation","StoneCalendar","Anchor","Pocketwatch","The Courier","HornCleat","Vajra","Sozu","Juzu Bracelet","Bottled Flame","survmod:Longbow","Lee\u0027s Waffle","Incense Burner","Coffee Dripper","Red Mask","CaptainsWheel","InkBottle","Thread and Needle"],"acts_visited":["Exordium","TheCity","TheBeyond"],"potions_floor_usage":[33],"damage_taken":[{"damage":2.0,"enemies":"Jaw Worm","floor":1.0,"turns":5.0},{"damage":0.0,"enemies":"2 Louse","floor":2.0,"turns":4.0},{"damage":0.0,"enemies":"Small Slimes","floor":4.0,"turns":4.0},{"damage":0.0,"enemies":"3 Louse","floor":5.0,"turns":5.0},{"damage":10.0,"enemies":"Gremlin Nob","floor":6.0,"turns":6.0},{"damage":19.0,"enemies":"3 Sentries","floor":8.0,"turns":7.0},{"damage":30.0,"enemies":"Gremlin Nob","floor":11.0,"turns":5.0},{"damage":0.0,"enemies":"Looter","floor":12.0,"turns":3.0},{"damage":10.0,"enemies":"3 Sentries","floor":14.0,"turns":5.0},{"damage":13.0,"enemies":"Hexaghost","floor":16.0,"turns":8.0},{"damage":0.0,"enemies":"2 Thieves","floor":18.0,"turns":4.0},{"damage":17.0,"enemies":"3 Byrds","floor":19.0,"turns":4.0},{"damage":14.0,"enemies":"Snake Plant","floor":20.0,"turns":5.0},{"damage":13.0,"enemies":"Snecko","floor":21.0,"turns":5.0},{"damage":16.0,"enemies":"Book of Stabbing","floor":27.0,"turns":6.0},{"damage":2.0,"enemies":"Gremlin Leader","floor":29.0,"turns":6.0},{"damage":16,"enemies":"Champ","floor":33,"turns":6},{"damage":20,"enemies":"Orb Walker","floor":35,"turns":5},{"damage":5,"enemies":"3 Darklings","floor":36,"turns":4},{"damage":0,"enemies":"4 Shapes","floor":39,"turns":3},{"damage":1,"enemies":"Nemesis","floor":40,"turns":5},{"damage":0,"enemies":"Mind Bloom Boss Battle","floor":46,"turns":4},{"damage":0,"enemies":"Writhing Mass","floor":48,"turns":4},{"damage":19,"enemies":"Donu and Deca","floor":50,"turns":7}],"seed_played":"-1596648339227959530","potions_obtained":[{"floor":1.0,"key":"blueLaboratory:BubblePotion"},{"floor":8.0,"key":"Dexterity Potion"},{"floor":11.0,"key":"blueLaboratory:BottledHope"},{"floor":14.0,"key":"blueLaboratory:AbyssPotion"}],"is_trial":false,"path_per_floor":["M","M","?","M","M","E","$","E","T","R","E","M","?","E","R","B",null,"M","M","M","M","?","R","?","R","T","E","?","E","$","?","R","B",null,"M","M","?","?","M","E","R","$","T","R","$","?","?","M","R","B",null],"character_chosen":"THE_SURVIVOR","items_purchased":["survmod:NockAnArrow","survmod:DuckAndFlare","Anchor","Lee\u0027s Waffle","Madness","survmod:GoForFace","survmod:GoForFace","survmod:MarkedShot"],"campfire_rested":3,"item_purchase_floors":[7,7,7,30,30,30,30,42],"current_hp_per_floor":[48,48,48,48,48,38,38,19,19,34,4,4,20,10,25,12,50,50,33,19,6,6,21,21,21,21,19,19,33,41,41,41,26,41,23,26,26,26,34,40,40,40,40,40,40,41,36,40,40,26],"gold":74,"neow_bonus":"RANDOM_COLORLESS_2","is_daily":false,"chose_seed":false,"campfire_upgraded":5,"win_rate":0.0,"timestamp":1612405571,"path_taken":["M","M","?","M","M","E","$","E","T","R","E","M","?","E","R","BOSS","M","M","M","M","?","R","?","R","T","E","?","E","?","?","R","BOSS","M","M","?","?","M","E","R","$","T","R","$","?","?","M","R","BOSS"],"items_purchased_type":["Card","Card","Relic","Relic","Card","Card","Card","Card"],"build_version":"2020-12-22","purchased_purges":2,"victory":true,"max_hp_per_floor":[50,50,50,50,50,50,50,50,50,50,50,50,50,50,50,50,50,50,50,50,50,50,50,34,34,34,34,34,34,41,41,41,41,41,41,41,41,41,41,41,41,41,41,41,41,41,41,41,41,41],"card_choices":[{"not_picked":["Magnetism","The Bomb"],"picked":"Panache","floor":0.0},{"not_picked":["survmod:AcidTrap","survmod:OverwhelmingAssault"],"picked":"survmod:MarkedShot","floor":1.0},{"not_picked":["survmod:PiercingShot","survmod:LongShot"],"picked":"survmod:PersonalMark","floor":2.0},{"not_picked":["survmod:UnfortunateEscape","survmod:TakeAim"],"picked":"survmod:FlareQuiver","floor":4.0},{"not_picked":["survmod:BearTrap","survmod:UnfortunateEscape"],"picked":"survmod:Marksmanship","floor":5.0},{"not_picked":["survmod:LongShot","survmod:MarkTrap"],"picked":"survmod:QuickThinking","floor":6.0},{"not_picked":["survmod:FlareQuiver","survmod:SimpleMutation"],"picked":"survmod:DeadlyAim","floor":8.0},{"not_picked":["survmod:AcidArrow","survmod:MarkedFromAfar"],"picked":"survmod:DuckAndFlare","floor":11.0},{"not_picked":["survmod:WalledOffTraps","survmod:ExplosiveTrap"],"picked":"survmod:GoForFace","floor":12.0},{"not_picked":["survmod:HiddenTactic","survmod:FocusedFire"],"picked":"survmod:Marksmanship","floor":14.0},{"not_picked":["survmod:NeedleShot","survmod:PerfectPosition"],"picked":"survmod:Detonation","floor":16.0},{"not_picked":["survmod:PinningSnipe+1","survmod:BearTrap+1"],"picked":"survmod:FlashbangTrap","floor":18.0},{"not_picked":["survmod:WalledOffTraps","survmod:QuickThinking+1"],"picked":"survmod:NockAnArrow","floor":19.0},{"not_picked":["survmod:QuickDash","survmod:LongShot+1"],"picked":"survmod:Adaptability+1","floor":20.0},{"not_picked":["survmod:SimpleMutation","survmod:PoisonTrap"],"picked":"survmod:FlashbangTrap","floor":21.0},{"not_picked":["survmod:TwinShot","survmod:MarkTrap"],"picked":"survmod:SimpleMutation","floor":27.0},{"not_picked":["survmod:ComplexMutation","survmod:FlareQuiver"],"picked":"survmod:MarkedFromAfar+1","floor":29.0},{"not_picked":["survmod:LeapingShot","survmod:ChokingBow"],"picked":"survmod:ConcussiveShot","floor":33},{"not_picked":["survmod:MarkTrap","survmod:HiddenTactic"],"picked":"survmod:VersatileDefense+1","floor":35},{"not_picked":["survmod:TwinShot","survmod:NockAnArrow"],"picked":"survmod:DuckAndFlare+1","floor":36},{"not_picked":["Dramatic Entrance","PanicButton"],"picked":"Blind","floor":38},{"not_picked":["survmod:PenetratingShot+1","survmod:FocusedFire","survmod:TwinShot"],"picked":"SKIP","floor":39},{"not_picked":["survmod:MarkedFromAfar","survmod:SurpriseTrap+1"],"picked":"survmod:DuckAndFlare+1","floor":40},{"not_picked":["survmod:MarkTrap","survmod:UnfortunateEscape"],"picked":"survmod:SimpleMutation+1","floor":48}],"player_experience":1142367,"relics_obtained":[{"floor":6.0,"key":"StoneCalendar"},{"floor":8.0,"key":"Pocketwatch"},{"floor":9.0,"key":"The Courier"},{"floor":11.0,"key":"HornCleat"},{"floor":14.0,"key":"Vajra"},{"floor":26.0,"key":"Juzu Bracelet"},{"floor":27.0,"key":"Bottled Flame"},{"floor":29.0,"key":"survmod:Longbow"},{"floor":40,"key":"CaptainsWheel"},{"floor":43,"key":"InkBottle"},{"floor":46,"key":"Thread and Needle"}],"event_choices":[{"damage_healed":0.0,"max_hp_gain":0.0,"max_hp_loss":0.0,"gold_gain":175.0,"event_name":"Liars Game","player_choice":"AGREE","floor":3.0,"gold_loss":0.0,"damage_taken":0.0,"cards_obtained":["Doubt"]},{"damage_healed":16.0,"max_hp_gain":0.0,"max_hp_loss":0.0,"gold_gain":0.0,"event_name":"Big Fish","player_choice":"Banana","floor":13.0,"gold_loss":0.0,"damage_taken":0.0},{"damage_healed":0.0,"max_hp_gain":0.0,"max_hp_loss":0.0,"gold_gain":0.0,"event_name":"Cursed Tome","player_choice":"Ignored","floor":22.0,"gold_loss":0.0,"damage_taken":0.0},{"damage_healed":0.0,"max_hp_gain":0.0,"max_hp_loss":16.0,"gold_gain":0.0,"event_name":"Vampires","player_choice":"Became a vampire","floor":24.0,"gold_loss":0.0,"damage_taken":0.0,"cards_obtained":["Bite","Bite","Bite","Bite","Bite"]},{"damage_healed":0.0,"max_hp_gain":0.0,"max_hp_loss":0.0,"gold_gain":0.0,"event_name":"Forgotten Altar","player_choice":"Smashed Altar","floor":28.0,"gold_loss":0.0,"damage_taken":0.0,"cards_obtained":["Decay"]},{"damage_healed":0,"gold_gain":0,"player_choice":"Stole Relic","damage_taken":0,"relics_obtained":["Incense Burner"],"max_hp_gain":0,"max_hp_loss":0,"event_name":"Addict","floor":31,"gold_loss":0,"cards_obtained":["Shame"]},{"damage_healed":0,"gold_gain":0,"player_choice":"Paid","damage_taken":0,"relics_obtained":["Red Mask"],"max_hp_gain":0,"max_hp_loss":0,"event_name":"Tomb of Lord Red Mask","floor":37,"gold_loss":190},{"damage_healed":0,"gold_gain":0,"player_choice":"Memory 1","damage_taken":0,"max_hp_gain":0,"max_hp_loss":0,"event_name":"SensoryStone","floor":38,"gold_loss":0},{"damage_healed":0,"gold_gain":0,"player_choice":"Fight","damage_taken":0,"max_hp_gain":0,"max_hp_loss":0,"event_name":"MindBloom","floor":46,"gold_loss":0},{"damage_healed":0,"gold_gain":0,"player_choice":"Embrace Madness","damage_taken":5,"max_hp_gain":0,"max_hp_loss":0,"event_name":"Winding Halls","floor":47,"gold_loss":0,"cards_obtained":["Madness","Madness"]}],"is_beta":false,"boss_relics":[{"not_picked":["Pandora\u0027s Box","Astrolabe"],"picked":"Sozu"},{"not_picked":["Runic Pyramid","Black Star"],"picked":"Coffee Dripper"}],"items_purged_floors":[7,30],"is_endless":false,"potions_floor_spawned":[1,8,11,14,19,21,27,33,35,46],"ascension_level":2}}