{"host":"vzygucmp2u9s1xuv","time":1612454420,"event":{"mods":["BaseMod","Colored Map","DeckTracker","Keyboard Shortcuts","Minty Spire (QoL Compilation)","Quick Restart","StSLib","SuperFastMode"],"gold_per_floor":[112,262,276,276,288,288,308,308,331,331,347,347,347],"floor_reached":12,"language":"KOR","playtime":127,"items_purged":[],"score":130,"play_id":"79f21a94-43ff-4cd7-8666-c4cba6f26dfa","local_time":"20210205010020","is_ascension_mode":true,"campfire_choices":[{"floor":6,"key":"REST"},{"floor":8,"key":"REST"}],"circlet_count":0,"master_deck":["AscendersBane","Strike_G","Strike_G","Strike_G","Strike_G","Strike_G","Defend_G","Defend_G","Defend_G","Defend_G","Defend_G","Survivor","Neutralize","All Out Attack","Doubt","Dagger Spray+1","Cloak And Dagger","PiercingWail","Predator"],"relics":["Ring of the Snake","NeowsBlessing","Bag of Preparation","Blood Vial"],"acts_visited":["Exordium"],"potions_floor_usage":[],"damage_taken":[{"damage":0,"enemies":"Small Slimes","floor":1,"turns":1},{"damage":0,"enemies":"Cultist","floor":3,"turns":1},{"damage":0,"enemies":"Jaw Worm","floor":5,"turns":1},{"damage":13,"enemies":"Exordium Wildlife","floor":7,"turns":4},{"damage":0,"enemies":"Lots of Slimes","floor":11,"turns":1},{"damage":15,"enemies":"Gremlin Nob","floor":12,"turns":4}],"seed_played":"1747107086546414299","potions_obtained":[{"floor":1,"key":"SpeedPotion"},{"floor":5,"key":"Energy Potion"}],"is_trial":false,"path_per_floor":["M","?","M","?","M","R","M","R","T","?","M","E"],"character_chosen":"THE_SILENT","items_purchased":[],"campfire_rested":2,"item_purchase_floors":[],"current_hp_per_floor":[59,59,59,24,24,43,30,49,49,49,51,38,38],"gold":347,"neow_bonus":"THREE_ENEMY_KILL","is_daily":false,"chose_seed":false,"campfire_upgraded":0,"win_rate":0.0,"timestamp":1612454420,"path_taken":["M","?","M","?","M","R","M","R","T","?","?","E"],"items_purchased_type":[],"build_version":"2020-12-22","purchased_purges":0,"victory":false,"max_hp_per_floor":[66,66,66,66,66,66,66,66,66,66,66,66,66],"card_choices":[{"not_picked":["Well Laid Plans","Sucker Punch"],"picked":"All Out Attack","floor":1},{"not_picked":["Concentrate","PiercingWail"],"picked":"Dagger Spray","floor":3},{"not_picked":["Deadly Poison","Dagger Throw"],"picked":"Cloak And Dagger","floor":5},{"not_picked":["Doppelganger","Acrobatics"],"picked":"PiercingWail","floor":7},{"not_picked":["Flechettes","Deadly Poison"],"picked":"Predator","floor":11}],"player_experience":665779,"relics_obtained":[{"floor":9,"key":"Blood Vial"}],"event_choices":[{"damage_healed":0,"gold_gain":150,"player_choice":"AGREE","damage_taken":0,"max_hp_gain":0,"max_hp_loss":0,"event_name":"Liars Game","floor":2,"gold_loss":0,"cards_obtained":["Doubt"]},{"damage_healed":0,"gold_gain":0,"player_choice":"Success","damage_taken":35,"relics_obtained":["Bag of Preparation"],"max_hp_gain":0,"max_hp_loss":0,"event_name":"Scrap Ooze","floor":4,"gold_loss":0},{"damage_healed":0,"gold_gain":0,"player_choice":"Forge","damage_taken":0,"max_hp_gain":0,"max_hp_loss":0,"event_name":"Accursed Blacksmith","floor":10,"gold_loss":0,"cards_upgraded":["Dagger Spray"]}],"is_beta":false,"boss_relics":[],"items_purged_floors":[],"is_endless":false,"potions_floor_spawned":[1,5,11],"killed_by":"Gremlin Nob","ascension_level":17}}