{"host":"z7byfb4bpt09dh7e","time":1612458657,"event":{"mods":["Aspiration","BaseMod","BetterRewards","Colored Map","Displayed Cursed Tome","Infinite Spire","Minty Spire (QoL Compilation)","Reliquary","Replay The Spire","StSLib","The Blue Laboratory","The Marked","Uncapped"],"gold_per_floor":[115,125,145,90,110,139,165,165,165,165,165,20,53,87,87,191,191,207,36,36,36,48,48,60,60,114,141,173,197,236,274,274,389,389,422,137,197,197,215,254,290,315,370,138,170,198,218,240,240,248],"floor_reached":51,"language":"ENG","playtime":3685,"items_purged":[],"score":840,"play_id":"5f559c5f-ff54-45cc-81f4-bb93cc2daa71","local_time":"20210204121057","daily_mods":["Draft","Vintage","Time Dilation","Flight"],"is_ascension_mode":false,"campfire_choices":[{"floor":11,"key":"REST"},{"floor":15,"key":"DIG"},{"floor":23,"key":"REST"},{"data":"1","floor":49,"key":"LIFT"}],"circlet_count":0,"master_deck":["Flex","Seeing Red","Iron Wave","Disarm","Dropkick","Armaments","Thunderclap","Rampage","Flame Barrier","Infernal Blade","Armaments","Cleave","Shrug It Off","Wild Strike","Shrug It Off+1","Dual Wield+1","Shockwave","Flame Barrier","Feed","Inflame","Cleave+1","Limit Break","CurseOfTheBell","Carnage+1","Parasite","Inflame","Limit Break","Parasite"],"relics":["Unceasing Top","reliquary:PrincelyHelmet","reliquary:HotPoker","reliquary:Crutches","Shuriken","Toy Ornithopter","Replay:Bottled Flurry","Replay:Ringing Soul","Happy Flower","Pet Ghost","Pen Nib","Regal Pillow","SacredBark","infinitespire:WardingShard","Replay:Wax Seal","Letter Opener","infinitespire:CheckeredPen","reliquary:BrokenClock","Replay:Bandana","Ice Cream","reliquary:SilkGlove","reliquary:PorcupineQuills","Mercury Hourglass","White Beast Statue","Calling Bell","Gremlin Food","Eternal Feather","Girya","ReplayTheSpireMod:Spearhead","Champion Belt","Du-Vu Doll","aspiration:Lifesprig","Kunai","infinitespire:ShieldingShard","Akabeko","Red Skull","DollysMirror","infinitespire:Lucky Rock","Pantograph","reliquary:FerryPass","CeramicFish"],"acts_visited":["Exordium","TheCity","TheBeyond"],"potions_floor_usage":[50],"damage_taken":[{"damage":0,"enemies":"Cultist","floor":1,"turns":1},{"damage":0,"enemies":"2 Louse","floor":2,"turns":2},{"damage":0,"enemies":"Small Slimes","floor":3,"turns":1},{"damage":0,"enemies":"3 Louse","floor":5,"turns":2},{"damage":0,"enemies":"3 Sentries","floor":6,"turns":6},{"damage":5,"enemies":"Replay:BlueRogue","floor":7,"turns":6},{"damage":16,"enemies":"Lagavulin","floor":13,"turns":5},{"damage":0,"enemies":"3 Sentries","floor":14,"turns":5},{"damage":25,"enemies":"Fading Forest","floor":16,"turns":11},{"damage":4,"enemies":"2 Thieves","floor":18,"turns":3},{"damage":6,"enemies":"3 Byrds","floor":22,"turns":3},{"damage":5,"enemies":"Sentry and Sphere","floor":24,"turns":5},{"damage":14,"enemies":"Snake Plant","floor":27,"turns":3},{"damage":3,"enemies":"3 Cultists","floor":28,"turns":4},{"damage":0,"enemies":"Snecko","floor":29,"turns":3},{"damage":0,"enemies":"Chosen and Byrds","floor":30,"turns":4},{"damage":0,"enemies":"Cultist and Chosen","floor":31,"turns":3},{"damage":49,"enemies":"Collector","floor":33,"turns":9},{"damage":3,"enemies":"3 Darklings","floor":35,"turns":3},{"damage":9,"enemies":"Mind Bloom Boss Battle","floor":37,"turns":5},{"damage":0,"enemies":"Orb Walker","floor":39,"turns":2},{"damage":26,"enemies":"R_Hoarder","floor":40,"turns":7},{"damage":12,"enemies":"4 Shapes","floor":41,"turns":3},{"damage":4,"enemies":"Writhing Mass","floor":42,"turns":5},{"damage":0,"enemies":"Jaw Worm Horde","floor":45,"turns":2},{"damage":26,"enemies":"Transient","floor":46,"turns":5},{"damage":7,"enemies":"Writhing Mass","floor":47,"turns":4},{"damage":0,"enemies":"Spire Growth","floor":48,"turns":2},{"damage":53,"enemies":"Time Eater","floor":50,"turns":10}],"seed_played":"-1978555870941363773","potions_obtained":[{"floor":2,"key":"blueLaboratory:HorrorPotion"},{"floor":5,"key":"ColorlessPotion"},{"floor":13,"key":"Weak Potion"},{"floor":16,"key":"Doom Potion"},{"floor":42,"key":"PowerPotion"},{"floor":46,"key":"SteroidPotion"},{"floor":48,"key":"blueLaboratory:FruitPunch"}],"is_trial":true,"path_per_floor":["M","M","M","$","M","E","E","?","T","?","R","$","E","E","R_BF","B",null,"M","$","?","?","M","R","M","AVR","T","M","M","M","M","M","R_BF","B",null,"M","$","?","AVR","M","E","M","M","T","$","M","M","M","M","R_BF","B",null],"character_chosen":"IRONCLAD","items_purchased":["Dual Wield+1","Happy Flower","Replay:Wax Seal","Inflame","Cleave","Champion Belt","Inflame","DollysMirror"],"campfire_rested":2,"item_purchase_floors":[4,12,19,19,19,36,44,44],"current_hp_per_floor":[80,80,80,80,80,80,75,56,56,56,80,80,67,70,70,48,89,85,88,70,70,64,97,95,95,95,84,81,84,87,90,112,66,118,115,115,110,110,110,95,86,89,89,92,95,69,69,69,84,65],"gold":248,"neow_bonus":"","is_daily":false,"chose_seed":false,"campfire_upgraded":0,"win_rate":0.0,"timestamp":1612458657,"path_taken":["M","M","M","$","M","E","E","?","T","?","R","$","E","E","R_BF","BOSS","M","$","?","?","M","R","M","AVR","T","M","M","M","M","M","R_BF","BOSS","M","$","?","AVR","M","E","M","M","T","$","M","M","M","M","R_BF","BOSS"],"items_purchased_type":["Card","Relic","Relic","Card","Card","Relic","Card","Relic"],"build_version":"2020-12-22","purchased_purges":0,"victory":true,"max_hp_per_floor":[80,80,80,80,80,80,80,80,80,80,80,80,83,86,86,89,89,89,92,97,97,97,97,100,100,100,103,103,106,109,112,112,115,118,118,118,122,122,122,128,131,138,138,141,144,144,151,151,151,155],"card_choices":[{"not_picked":["Warcry","Burning Pact"],"picked":"Flex","floor":0},{"not_picked":["Whirlwind","Sword Boomerang"],"picked":"Seeing Red","floor":0},{"not_picked":["Dropkick","ReplayTheSpireMod:Strike From Hell"],"picked":"Iron Wave","floor":0},{"not_picked":["Perfected Strike","Warcry"],"picked":"Disarm","floor":0},{"not_picked":["Defy Death","Body Slam"],"picked":"Dropkick","floor":0},{"not_picked":["Fire Breathing","Reckless Charge"],"picked":"Armaments","floor":0},{"not_picked":["Heavy Blade","ReplayTheSpireMod:Stacked"],"picked":"Thunderclap","floor":0},{"not_picked":["Defy Death","Evolve"],"picked":"Rampage","floor":0},{"not_picked":["ReplayTheSpireMod:Strike From Hell","Iron Wave"],"picked":"Flame Barrier","floor":0},{"not_picked":["Second Wind","Combust"],"picked":"Infernal Blade","floor":0},{"not_picked":["infinitespire:OneForAll","Heavy Blade"],"picked":"Armaments","floor":0},{"not_picked":["Warcry","Havoc"],"picked":"Cleave","floor":0},{"not_picked":["Clothesline","Armaments"],"picked":"Shrug It Off","floor":0},{"not_picked":["Body Slam","ReplayTheSpireMod:Strike From Hell"],"picked":"Wild Strike","floor":0},{"not_picked":["Iron Wave","Sentinel"],"picked":"Shrug It Off","floor":0},{"not_picked":["Replay:Undeath\u0027s Touch","Run Through","Ghostly Armor"],"picked":"SKIP","floor":6},{"not_picked":["Sever Soul","Perfected Strike","Barricade"],"picked":"SKIP","floor":7},{"not_picked":["ReplayTheSpireMod:Echoes of Time","ReplayTheSpireMod:Haul"],"picked":"infinitespire:UltimateForm","floor":8},{"not_picked":["Massacre","ReplayTheSpireMod:Limb From Limb"],"picked":"Shockwave","floor":13},{"not_picked":["Anger","Heavy Blade"],"picked":"Flame Barrier","floor":14},{"not_picked":["Juggernaut","Reaper"],"picked":"Feed","floor":16},{"not_picked":["Juggernaut","Hemogenesis"],"picked":"Limit Break","floor":33},{"not_picked":["Whirlwind+1","Pommel Strike"],"picked":"Carnage+1","floor":40}],"player_experience":304718,"relics_obtained":[{"floor":1,"key":"reliquary:PrincelyHelmet"},{"floor":2,"key":"reliquary:HotPoker"},{"floor":3,"key":"reliquary:Crutches"},{"floor":5,"key":"Shuriken"},{"floor":6,"key":"Toy Ornithopter"},{"floor":7,"key":"Replay:Bottled Flurry"},{"floor":9,"key":"Replay:Ringing Soul"},{"floor":13,"key":"Pet Ghost"},{"floor":14,"key":"Pen Nib"},{"floor":15,"key":"Regal Pillow"},{"floor":18,"key":"infinitespire:WardingShard"},{"floor":22,"key":"Letter Opener"},{"floor":24,"key":"infinitespire:CheckeredPen"},{"floor":26,"key":"Replay:Bandana"},{"floor":27,"key":"Ice Cream"},{"floor":28,"key":"reliquary:SilkGlove"},{"floor":29,"key":"reliquary:PorcupineQuills"},{"floor":30,"key":"Mercury Hourglass"},{"floor":31,"key":"White Beast Statue"},{"floor":34,"key":"Gremlin Food"},{"floor":34,"key":"Eternal Feather"},{"floor":34,"key":"Girya"},{"floor":35,"key":"ReplayTheSpireMod:Spearhead"},{"floor":37,"key":"Du-Vu Doll"},{"floor":39,"key":"aspiration:Lifesprig"},{"floor":40,"key":"Kunai"},{"floor":41,"key":"infinitespire:ShieldingShard"},{"floor":42,"key":"Akabeko"},{"floor":43,"key":"Red Skull"},{"floor":45,"key":"infinitespire:Lucky Rock"},{"floor":46,"key":"Pantograph"},{"floor":47,"key":"reliquary:FerryPass"},{"floor":48,"key":"CeramicFish"}],"event_choices":[{"damage_healed":0,"gold_gain":0,"player_choice":"Shed Blood","damage_taken":23,"max_hp_gain":5,"max_hp_loss":0,"event_name":"Forgotten Altar","floor":20,"gold_loss":0},{"cards_removed":["infinitespire:UltimateForm"],"damage_healed":0,"gold_gain":0,"player_choice":"Elegance","damage_taken":0,"max_hp_gain":0,"max_hp_loss":0,"event_name":"Back to Basics","floor":21,"gold_loss":0},{"damage_healed":0,"gold_gain":0,"player_choice":"Fight","damage_taken":0,"max_hp_gain":0,"max_hp_loss":0,"event_name":"MindBloom","floor":37,"gold_loss":0}],"is_beta":false,"boss_relics":[{"not_picked":["Painkiller Herb","Coffee Dripper"],"picked":"SacredBark"},{"not_picked":["Runic Dome","Replay:Drink Me"],"picked":"Calling Bell"}],"items_purged_floors":[],"is_endless":false,"potions_floor_spawned":[2,5,13,14,16,24,29,30,33,35,37,39,40,41,42,45,46,47,48],"ascension_level":0}}