{"host":"erjc6dqs793djrmy","time":1612404034,"event":{"mods":["BaseMod","Minty Spire (QoL Compilation)","StSLib","The Animator"],"gold_per_floor":[119,21,21,31,51,51,81,101,148,223,223,126,126,26,26,103,103,122,12,27,59,59,59,59,59],"floor_reached":24,"language":"ENG","playtime":1381,"items_purged":["animator:Strike_NoGameNoLife","animator:Strike_GATE"],"score":320,"play_id":"d850b771-1317-4525-9365-a99d758fd9b2","local_time":"20210203210034","is_ascension_mode":true,"campfire_choices":[{"data":"animator:Vanir","floor":6,"key":"SMITH"},{"floor":11,"key":"REST"},{"data":"animator:Tyuule","floor":15,"key":"SMITH"},{"floor":23,"key":"REST"}],"circlet_count":0,"master_deck":["AscendersBane","animator:Strike_TenSura","animator:Defend_TenSura","animator:Benimaru","animator:Shuna+1","animator:Tyuule+1","animator:Strike_GoblinSlayer","animator:Defend_GoblinSlayer","animator:Defend_TenSura","animator:Defend_Kancolle+1","animator:Shuna","animator:Vanir+1","animator:Benimaru","animator:Tyuule","animator:Hans","animator:Shuna","animator:QuestionMark","animator:Vanir+1","animator:Vesta","animator:ChaikaBohdan","animator:Strike"],"relics":["animator:LivingPicture","animator:TheMissingPiece","NeowsBlessing","HornCleat","Oddly Smooth Stone","Philosopher\u0027s Stone"],"acts_visited":["Exordium","TheCity"],"potions_floor_usage":[21,24],"damage_taken":[{"damage":0,"enemies":"Small Slimes","floor":1,"turns":1},{"damage":0,"enemies":"2 Louse","floor":4,"turns":1},{"damage":0,"enemies":"Cultist","floor":5,"turns":1},{"damage":42,"enemies":"Lagavulin","floor":7,"turns":6},{"damage":0,"enemies":"2 Fungi Beasts","floor":8,"turns":3},{"damage":7,"enemies":"The Guardian","floor":16,"turns":9},{"damage":33,"enemies":"3 Byrds","floor":18,"turns":4},{"damage":12,"enemies":"2 Thieves","floor":20,"turns":4},{"damage":0,"enemies":"3 Cultists","floor":21,"turns":5},{"damage":35,"enemies":"Book of Stabbing","floor":24,"turns":4}],"seed_played":"-5208623065291615885","potions_obtained":[{"floor":4,"key":"LiquidBronze"},{"floor":8,"key":"DistilledChaos"}],"is_trial":false,"path_per_floor":["M","?","?","M","M","R","E","M","T","?","R","$","?","$","R","B",null,"M","$","M","M","?","R","E"],"character_chosen":"THE_ANIMATOR","items_purchased":["animator:Tyuule","animator:Shuna","animator:QuestionMark"],"campfire_rested":2,"item_purchase_floors":[12,19,19],"current_hp_per_floor":[59,59,66,66,66,66,24,24,24,18,37,37,24,24,24,17,54,21,21,9,9,9,28,0,0],"gold":59,"neow_bonus":"THREE_ENEMY_KILL","is_daily":false,"chose_seed":false,"campfire_upgraded":2,"win_rate":0.0,"timestamp":1612404034,"path_taken":["M","?","?","M","?","R","E","M","T","?","R","?","?","$","R","BOSS","M","$","M","M","?","R","E"],"items_purchased_type":["Card","Card","Card"],"build_version":"2020-12-22","purchased_purges":2,"victory":false,"max_hp_per_floor":[66,66,66,66,66,66,66,66,66,66,66,66,66,66,66,66,66,66,66,66,66,66,66,66,66],"card_choices":[{"not_picked":["animator:ShinjiMatou","animator:ZankiKiguchi"],"picked":"animator:Tyuule","floor":1},{"not_picked":["animator:Megumin","animator:TsurugaMeisai"],"picked":"animator:Shuna","floor":4},{"not_picked":["animator:RinTohsaka","animator:Berserker"],"picked":"animator:Vanir","floor":5},{"not_picked":["animator:Shion","animator:Millim"],"picked":"animator:Benimaru","floor":7},{"not_picked":["animator:Kuribayashi","animator:Berserker","animator:Megumin"],"picked":"SKIP","floor":8},{"not_picked":["animator:SwordMaiden","animator:Biyorigo"],"picked":"animator:Hans","floor":16},{"not_picked":["animator:Layla","animator:Berserker","animator:Kaijin"],"picked":"SKIP","floor":18},{"not_picked":["animator:Gillette","animator:Hakurou"],"picked":"animator:Vanir+1","floor":20},{"not_picked":["animator:Shion","animator:Hakurou"],"picked":"animator:Vesta","floor":21}],"player_experience":421670,"relics_obtained":[{"floor":7,"key":"HornCleat"},{"floor":9,"key":"Oddly Smooth Stone"}],"event_choices":[{"damage_healed":7,"gold_gain":0,"player_choice":"Full Heal","damage_taken":0,"max_hp_gain":0,"max_hp_loss":0,"event_name":"Wheel of Change","floor":3,"gold_loss":0},{"damage_healed":0,"gold_gain":75,"player_choice":"Touch","damage_taken":6,"max_hp_gain":0,"max_hp_loss":0,"event_name":"FaceTrader","floor":10,"gold_loss":0},{"damage_healed":0,"gold_gain":0,"player_choice":"Entered Light","damage_taken":13,"max_hp_gain":0,"max_hp_loss":0,"event_name":"Shining Light","floor":13,"gold_loss":0,"cards_upgraded":["animator:Defend_Kancolle","animator:Shuna"]},{"damage_healed":0,"gold_gain":0,"player_choice":"2 cards matched","damage_taken":0,"max_hp_gain":0,"max_hp_loss":0,"event_name":"Match and Keep!","floor":22,"gold_loss":0,"cards_obtained":["animator:ChaikaBohdan","animator:Strike"]}],"is_beta":false,"boss_relics":[{"not_picked":["Calling Bell","Coffee Dripper"],"picked":"Philosopher\u0027s Stone"}],"items_purged_floors":[12,14],"is_endless":false,"potions_floor_spawned":[4,8,18],"killed_by":"Book of Stabbing","ascension_level":13}}