{"host":"3y2rtlgteqp2nuo3","time":1612436356,"event":{"mods":["2.2 Compatiblity","AchievementEnabler","BaseMod","Colored Map","DeckTracker","Highlight Path","Keyboard Shortcuts","Minty Spire (QoL Compilation)","Permanent Neow","Quick Restart","StSLib","SuperFastMode","everything is the same but u backflip on backflip"],"gold_per_floor":[117,137,150,162,10,10,39,59,59,71,71,71,81,114,114,188,188,208,208,219,231,191,191,191,191],"floor_reached":24,"language":"KOR","playtime":522,"items_purged":["Strike_G"],"score":389,"play_id":"79573987-086b-430a-b54e-fb0806420dce","local_time":"20210204195916","is_ascension_mode":true,"campfire_choices":[{"data":"Blade Dance","floor":6.0,"key":"SMITH"},{"data":"Catalyst","floor":15.0,"key":"SMITH"},{"floor":23,"key":"REST"}],"circlet_count":0,"master_deck":["AscendersBane","Strike_G","Strike_G","Strike_G","Defend_G","Defend_G","Defend_G","Defend_G","Survivor","Neutralize","Blade Dance+1","Deadly Poison","Blade Dance","Deadly Poison","Accuracy","Corpse Explosion","Poisoned Stab","Bouncing Flask","Catalyst+1","Night Terror","Acrobatics+1"],"relics":["Ring of the Snake","Kunai","White Beast Statue","Blue Candle","Pear","Cursed Key"],"acts_visited":["Exordium","TheCity"],"potions_floor_usage":[21,24],"damage_taken":[{"damage":1.0,"enemies":"Cultist","floor":1.0,"turns":4.0},{"damage":0.0,"enemies":"Jaw Worm","floor":2.0,"turns":5.0},{"damage":0.0,"enemies":"2 Louse","floor":3.0,"turns":2.0},{"damage":17.0,"enemies":"Exordium Thugs","floor":4.0,"turns":4.0},{"damage":12.0,"enemies":"3 Sentries","floor":7.0,"turns":6.0},{"damage":0.0,"enemies":"Looter","floor":8.0,"turns":4.0},{"damage":10.0,"enemies":"Exordium Wildlife","floor":10.0,"turns":3.0},{"damage":4.0,"enemies":"Red Slaver","floor":13.0,"turns":3.0},{"damage":2.0,"enemies":"Lagavulin","floor":14.0,"turns":4.0},{"damage":18.0,"enemies":"Hexaghost","floor":16.0,"turns":6.0},{"damage":8.0,"enemies":"3 Byrds","floor":18.0,"turns":2.0},{"damage":0.0,"enemies":"Chosen","floor":20.0,"turns":3.0},{"damage":29,"enemies":"Snake Plant","floor":21,"turns":5},{"damage":49,"enemies":"Chosen and Byrds","floor":24,"turns":5}],"seed_played":"-3652546993201887395","potions_obtained":[{"floor":2.0,"key":"SkillPotion"},{"floor":3.0,"key":"DistilledChaos"},{"floor":14.0,"key":"FearPotion"},{"floor":20.0,"key":"Swift Potion"},{"floor":21,"key":"EssenceOfSteel"},{"floor":22,"key":"Block Potion"},{"floor":22,"key":"PowerPotion"}],"is_trial":false,"path_per_floor":["M","M","M","M","$","R","E","M","T","M","T","$","M","E","R","B",null,"M","?","M","M","?","R","M"],"character_chosen":"THE_SILENT","items_purchased":["Accuracy"],"campfire_rested":1,"item_purchase_floors":[5],"current_hp_per_floor":[58,58,58,41,41,41,29,29,29,19,19,19,15,23,23,5,54,46,46,46,17,17,38,0,0],"gold":191,"neow_bonus":"REMOVE_TWO","is_daily":false,"chose_seed":false,"campfire_upgraded":2,"win_rate":0.0,"timestamp":1612436356,"path_taken":["M","M","M","M","?","R","E","?","T","M","?","?","M","E","R","BOSS","M","?","M","M","?","R","M"],"items_purchased_type":["Card"],"build_version":"2020-12-22","purchased_purges":1,"victory":false,"max_hp_per_floor":[60,60,60,60,60,60,60,60,60,60,60,60,60,70,70,70,70,70,70,70,70,70,70,70,70],"card_choices":[{"not_picked":["Bane","Eviscerate"],"picked":"Blade Dance","floor":1.0},{"not_picked":["Distraction","Dagger Throw"],"picked":"Deadly Poison","floor":2.0},{"not_picked":["PiercingWail","Cloak And Dagger"],"picked":"Blade Dance","floor":3.0},{"not_picked":["Dodge and Roll","Heel Hook"],"picked":"Deadly Poison","floor":4.0},{"not_picked":["Dodge and Roll","Sucker Punch"],"picked":"Corpse Explosion","floor":7.0},{"not_picked":["Reflex","Blur"],"picked":"Poisoned Stab","floor":8.0},{"not_picked":["Deadly Poison","Dagger Spray","Flying Knee"],"picked":"SKIP","floor":10.0},{"not_picked":["Underhanded Strike","Finisher"],"picked":"Bouncing Flask","floor":13.0},{"not_picked":["Outmaneuver","Concentrate"],"picked":"Catalyst","floor":14.0},{"not_picked":["A Thousand Cuts","Storm of Steel"],"picked":"Night Terror","floor":16.0},{"not_picked":["Reflex","Prepared+1"],"picked":"Acrobatics+1","floor":18.0},{"not_picked":["Flying Knee","Endless Agony","Slice"],"picked":"SKIP","floor":20.0},{"not_picked":["Deadly Poison","Riddle With Holes","Deflect"],"picked":"SKIP","floor":21}],"player_experience":751688,"relics_obtained":[{"floor":7.0,"key":"Kunai"},{"floor":9.0,"key":"White Beast Statue"},{"floor":11.0,"key":"Blue Candle"},{"floor":14.0,"key":"Pear"}],"event_choices":[{"damage_healed":0.0,"max_hp_gain":0.0,"max_hp_loss":0.0,"gold_gain":0.0,"event_name":"The Mausoleum","player_choice":"Ignored","floor":19.0,"gold_loss":0.0,"damage_taken":0.0},{"damage_healed":0,"gold_gain":0,"player_choice":"Bought 3 Potions","damage_taken":0,"max_hp_gain":0,"max_hp_loss":0,"event_name":"The Woman in Blue","floor":22,"gold_loss":0}],"is_beta":false,"boss_relics":[{"not_picked":["Runic Pyramid","Coffee Dripper"],"picked":"Cursed Key"}],"items_purged_floors":[5],"is_endless":false,"potions_floor_spawned":[2,3,7,10,13,14,16,18,20,21],"killed_by":"Chosen and Byrds","ascension_level":17}}