{"host":"50per11302020","time":1612423662,"event":{"mods":["AchievementEnabler","BaseMod","Colored Map","Minty Spire (QoL Compilation)","Relic Stats","StSLib"],"gold_per_floor":[116,39,51,70,82,82,112,112,181,213,213,64,64,64,64,64,64],"floor_reached":16,"language":"ENG","playtime":475,"items_purged":[],"score":113,"play_id":"a36f26f2-e413-4ace-9634-99385417d615","local_time":"20210203232742","is_ascension_mode":true,"campfire_choices":[{"data":"Loop","floor":6,"key":"SMITH"},{"floor":8,"key":"REST"},{"data":"Electrodynamics","floor":13,"key":"SMITH"},{"data":"Strike_B","floor":15,"key":"SMITH"}],"circlet_count":0,"master_deck":["Strike_B+1","Strike_B","Strike_B","Strike_B","Defend_B","Defend_B","Defend_B","Defend_B","Zap","Dualcast","Melter","Loop+1","Streamline","Tempest","Self Repair","Barrage+1","Electrodynamics+1"],"relics":["Philosopher\u0027s Stone","Lizard Tail","Molten Egg 2","Dream Catcher"],"acts_visited":["Exordium"],"potions_floor_usage":[],"damage_taken":[{"damage":0.0,"enemies":"Cultist","floor":1.0,"turns":4.0},{"damage":7.0,"enemies":"Jaw Worm","floor":3.0,"turns":2.0},{"damage":8.0,"enemies":"Small Slimes","floor":4.0,"turns":2.0},{"damage":9,"enemies":"Red Slaver","floor":5,"turns":2},{"damage":23,"enemies":"Lagavulin","floor":7,"turns":6},{"damage":25,"enemies":"3 Sentries","floor":10,"turns":6},{"damage":108,"enemies":"Slime Boss","floor":16,"turns":9}],"seed_played":"-936427305527579341","potions_obtained":[{"floor":1.0,"key":"Ancient Potion"},{"floor":7,"key":"PotionOfCapacity"}],"is_trial":false,"path_per_floor":["M","$","M","M","M","R","E","R","T","E","?","$","R","$","R","B"],"character_chosen":"DEFECT","items_purchased":["Loop","Electrodynamics"],"campfire_rested":1,"item_purchase_floors":[2,12],"current_hp_per_floor":[75,75,68,60,51,51,28,50,50,32,32,32,32,32,32,0,0],"gold":64,"neow_bonus":"BOSS_RELIC","is_daily":false,"chose_seed":false,"campfire_upgraded":3,"win_rate":0.0,"timestamp":1612423662,"path_taken":["M","$","?","M","M","R","E","R","T","E","?","?","R","$","R","BOSS"],"items_purchased_type":["Card","Card"],"build_version":"2020-12-18","purchased_purges":0,"victory":false,"max_hp_per_floor":[75,75,75,75,75,75,75,75,75,75,75,75,75,75,75,75,75],"relic_stats":{"Lizard Tail":37,"Dream Catcher":0,"counters":[7,31],"obtain_stats":[{"Lizard Tail":7,"Dream Catcher":10,"Philosopher\u0027s Stone":0,"Molten Egg 2":9,"Cracked Core":0},{"Lizard Tail":5,"Dream Catcher":6,"Philosopher\u0027s Stone":0,"Molten Egg 2":5,"Cracked Core":0},{"Lizard Tail":16,"Dream Catcher":22,"Philosopher\u0027s Stone":0,"Molten Egg 2":16,"Cracked Core":0}]},"card_choices":[{"not_picked":["Cold Snap","Beam Cell"],"picked":"Melter","floor":1.0},{"not_picked":["Stack","Cold Snap"],"picked":"Streamline","floor":3.0},{"not_picked":["Double Energy","Reprogram","Compile Driver"],"picked":"SKIP","floor":4.0},{"not_picked":["Steam","Hologram"],"picked":"Tempest","floor":5},{"not_picked":["Melter","Ball Lightning"],"picked":"Self Repair","floor":7},{"not_picked":["Heatsinks","Genetic Algorithm"],"picked":"Barrage+1","floor":10}],"player_experience":420371,"relics_obtained":[{"floor":7,"key":"Lizard Tail"},{"floor":9,"key":"Molten Egg 2"},{"floor":10,"key":"Dream Catcher"}],"event_choices":[{"damage_healed":0,"gold_gain":0,"player_choice":"Searched \u00270\u0027 times","damage_taken":0,"max_hp_gain":0,"max_hp_loss":0,"event_name":"Dead Adventurer","floor":11,"gold_loss":0}],"is_beta":true,"boss_relics":[],"items_purged_floors":[],"is_endless":false,"potions_floor_spawned":[1,7],"killed_by":"Slime Boss","ascension_level":1}}