{"host":"qbvxbacgnxuisbbe","time":1612467905,"event":{"mods":["Aya Shameimaru","BaseMod","Highlight Path","Minty Spire (QoL Compilation)","StSLib","The Adventurer"],"gold_per_floor":[115,125,50,50,60,94,94,109,109,125,141,154,329,329,329,434,434,444,444,369,381,381,406,406,420,420,420,32,45,45,61,61,165,165,183,107,126,139,187,217,228,228,228,248,248,277,1,11,11,11],"floor_reached":51,"language":"ENG","playtime":2303,"items_purged":["adventurer:Strike","adventurer:Defend","adventurer:Strike"],"score":806,"play_id":"5bfc56d1-e95e-4204-b00e-54d22f7cae5c","local_time":"20210204194505","is_ascension_mode":false,"campfire_choices":[{"data":"adventurer:HeavyAmmo","floor":7.0,"key":"SMITH"},{"floor":15.0,"key":"REST"},{"data":"adventurer:HeavyAmmo","floor":24.0,"key":"SMITH"},{"data":"adventurer:Sunhat","floor":27,"key":"SMITH"},{"data":"adventurer:FlurryFire","floor":32,"key":"SMITH"},{"data":"adventurer:SuperbShield","floor":49,"key":"SMITH"}],"circlet_count":0,"master_deck":["adventurer:Strike","adventurer:Strike","adventurer:FlurryFire+1","adventurer:JourneyBegins","adventurer:HeavyAmmo+1","adventurer:HeavyAmmo+1","adventurer:SuperbShield+1","adventurer:ShootingStars+1","adventurer:Sunhat+1","adventurer:ShotAndShiv+1","adventurer:HeavyAmmo+1","adventurer:SuperbShield+1","adventurer:GarlicClove","adventurer:SuperbShield+1","adventurer:PartyPopper+1","adventurer:HeavyAmmo+1","adventurer:ShotAndShiv+1","adventurer:Lie+1","adventurer:TetrisAttack+1","adventurer:GarlicClove+1","adventurer:DazzlingForm"],"relics":["adventurer:TodoItem","Molten Egg 2","Kunai","Ornamental Fan","Cursed Key","Meat on the Bone","Incense Burner","Busted Crown","TungstenRod","Mummified Hand","White Beast Statue","Centennial Puzzle"],"acts_visited":["Exordium","TheCity","TheBeyond"],"potions_floor_usage":[33,33,39,41,41,46,50,50],"damage_taken":[{"damage":1.0,"enemies":"Cultist","floor":1.0,"turns":4.0},{"damage":0.0,"enemies":"2 Louse","floor":2.0,"turns":2.0},{"damage":11.0,"enemies":"Jaw Worm","floor":5.0,"turns":2.0},{"damage":31.0,"enemies":"3 Sentries","floor":6.0,"turns":7.0},{"damage":10.0,"enemies":"Blue Slaver","floor":8.0,"turns":3.0},{"damage":1.0,"enemies":"Exordium Wildlife","floor":10.0,"turns":3.0},{"damage":7.0,"enemies":"2 Fungi Beasts","floor":11.0,"turns":3.0},{"damage":7.0,"enemies":"Exordium Thugs","floor":12.0,"turns":4.0},{"damage":0.0,"enemies":"Slime Boss","floor":16.0,"turns":6.0},{"damage":20.0,"enemies":"2 Thieves","floor":18.0,"turns":4.0},{"damage":5.0,"enemies":"Chosen","floor":21.0,"turns":3.0},{"damage":33.0,"enemies":"Book of Stabbing","floor":23.0,"turns":5.0},{"damage":6.0,"enemies":"Snake Plant","floor":25.0,"turns":3.0},{"damage":0,"enemies":"Centurion and Healer","floor":29,"turns":3},{"damage":0,"enemies":"Snecko","floor":31,"turns":3},{"damage":11,"enemies":"Automaton","floor":33,"turns":11},{"damage":10,"enemies":"3 Darklings","floor":35,"turns":4},{"damage":0,"enemies":"3 Shapes","floor":37,"turns":3},{"damage":15,"enemies":"Sphere and 2 Shapes","floor":38,"turns":3},{"damage":35,"enemies":"2 Orb Walkers","floor":39,"turns":4},{"damage":34,"enemies":"Nemesis","floor":40,"turns":5},{"damage":4,"enemies":"3 Darklings","floor":41,"turns":4},{"damage":7,"enemies":"Writhing Mass","floor":44,"turns":6},{"damage":19,"enemies":"Reptomancer","floor":46,"turns":6},{"damage":0,"enemies":"Transient","floor":48,"turns":5},{"damage":10,"enemies":"Awakened One","floor":50,"turns":10}],"seed_played":"1079614120897394072","potions_obtained":[{"floor":5.0,"key":"GamblersBrew"},{"floor":8.0,"key":"SneckoOil"},{"floor":11.0,"key":"PowerPotion"},{"floor":16.0,"key":"AttackPotion"},{"floor":18.0,"key":"SpeedPotion"},{"floor":23.0,"key":"AttackPotion"},{"floor":25.0,"key":"AttackPotion"},{"floor":31,"key":"BlessingOfTheForge"},{"floor":37,"key":"LiquidBronze"},{"floor":39,"key":"Fire Potion"},{"floor":40,"key":"Regen Potion"},{"floor":44,"key":"AttackPotion"},{"floor":46,"key":"Strength Potion"},{"floor":48,"key":"Block Potion"}],"is_trial":false,"path_per_floor":["M","M","$","?","M","E","R","M","T","M","M","M","?","?","R","B",null,"M","?","?","M","T","E","R","M","T","R","$","M","$","M","R","B",null,"M","$","M","M","?","E","M","?","T","M","?","E","$","M","R","B",null],"character_chosen":"THE_ADVENTURER","items_purchased":["Incense Burner","adventurer:HeavyAmmo+1","adventurer:ShotAndShiv+1","Centennial Puzzle"],"campfire_rested":1,"item_purchase_floors":[28,36,36,47],"current_hp_per_floor":[87,87,87,80,69,38,38,28,28,27,20,13,13,13,39,39,88,68,68,68,63,63,30,30,36,36,36,36,48,48,52,52,45,88,78,78,82,71,52,34,46,46,46,47,47,48,48,56,56,54],"gold":11,"neow_bonus":"TEN_PERCENT_HP_BONUS","is_daily":false,"chose_seed":false,"campfire_upgraded":5,"win_rate":0.0,"timestamp":1612467905,"path_taken":["M","M","$","?","M","E","R","M","T","M","M","M","?","?","R","BOSS","M","?","?","M","?","E","R","M","T","R","$","M","$","M","R","BOSS","M","$","M","M","?","E","M","?","T","?","?","E","$","M","R","BOSS"],"items_purchased_type":["Relic","Card","Card","Relic"],"build_version":"2020-12-22","purchased_purges":3,"victory":true,"max_hp_per_floor":[88,88,88,88,88,88,88,88,88,88,88,88,88,88,88,88,88,88,88,88,88,88,88,88,88,88,88,88,88,88,88,88,88,88,88,88,88,88,88,88,88,88,88,88,88,88,88,88,88,88],"card_choices":[{"not_picked":["adventurer:FutureProofing","adventurer:Stockpile"],"picked":"adventurer:HeavyAmmo","floor":1.0},{"not_picked":["adventurer:ShotAndShiv","adventurer:Nah"],"picked":"adventurer:HeavyAmmo","floor":2.0},{"not_picked":["adventurer:BulletBlade+1","adventurer:SkeletonKey","adventurer:HackAwayVines+1"],"picked":"SKIP","floor":5.0},{"not_picked":["adventurer:BulletBlade+1","adventurer:CautionHighVoltage"],"picked":"adventurer:SuperbShield","floor":6.0},{"not_picked":["adventurer:HackAwayVines+1","adventurer:Nah","adventurer:DumpTrash+1"],"picked":"SKIP","floor":8.0},{"not_picked":["adventurer:GatherMetals","adventurer:ToDoList","adventurer:HackAwayVines+1"],"picked":"SKIP","floor":10.0},{"not_picked":["adventurer:ExplorersPack","adventurer:CardboardBullets+1"],"picked":"adventurer:ShootingStars+1","floor":11.0},{"not_picked":["adventurer:MinceWords","adventurer:LastGasp","adventurer:ImperfectDisguise"],"picked":"SKIP","floor":12.0},{"not_picked":["adventurer:Dive","adventurer:ShotAndShiv+1","adventurer:MinMaxing+1"],"picked":"SKIP","floor":18.0},{"not_picked":["adventurer:DumpTrash+1","adventurer:ExplorersPack"],"picked":"adventurer:HeavyAmmo+1","floor":21.0},{"not_picked":["adventurer:LastGasp","adventurer:Indecision+1"],"picked":"adventurer:SuperbShield+1","floor":23.0},{"not_picked":["adventurer:Workout","adventurer:ShutOut+1"],"picked":"adventurer:GarlicClove","floor":25.0},{"not_picked":["adventurer:Stockpile+1","adventurer:Sunhat+1"],"picked":"adventurer:SuperbShield","floor":29},{"not_picked":["adventurer:MinceWords","adventurer:GatherMetals"],"picked":"adventurer:PartyPopper+1","floor":31},{"not_picked":["adventurer:CardboardBullets+1"],"picked":"SKIP","floor":35},{"not_picked":[],"picked":"adventurer:Lie+1","floor":37},{"not_picked":["adventurer:ImperfectDisguise"],"picked":"SKIP","floor":38},{"not_picked":[],"picked":"adventurer:TetrisAttack+1","floor":39},{"not_picked":[],"picked":"adventurer:GarlicClove+1","floor":40},{"not_picked":["adventurer:DualBullets+1"],"picked":"SKIP","floor":41},{"not_picked":["adventurer:Workout"],"picked":"SKIP","floor":44},{"not_picked":[],"picked":"adventurer:DazzlingForm","floor":46},{"not_picked":["adventurer:Indecision+1"],"picked":"SKIP","floor":48}],"player_experience":161854,"relics_obtained":[{"floor":6.0,"key":"Kunai"},{"floor":9.0,"key":"Ornamental Fan"},{"floor":23.0,"key":"Meat on the Bone"},{"floor":39,"key":"TungstenRod"},{"floor":40,"key":"Mummified Hand"},{"floor":46,"key":"White Beast Statue"}],"event_choices":[{"damage_healed":0.0,"max_hp_gain":0.0,"max_hp_loss":0.0,"gold_gain":0.0,"event_name":"Scrap Ooze","player_choice":"Success","floor":4.0,"gold_loss":0.0,"damage_taken":7.0,"relics_obtained":["Molten Egg 2"]},{"damage_healed":0.0,"max_hp_gain":0.0,"max_hp_loss":0.0,"gold_gain":175.0,"event_name":"Liars Game","player_choice":"AGREE","floor":13.0,"gold_loss":0.0,"damage_taken":0.0,"cards_obtained":["Doubt"]},{"cards_removed":["Doubt"],"damage_healed":0.0,"max_hp_gain":0.0,"max_hp_loss":0.0,"gold_gain":0.0,"event_name":"Purifier","player_choice":"Purged","floor":14.0,"gold_loss":0.0,"damage_taken":0.0},{"damage_healed":0.0,"max_hp_gain":0.0,"max_hp_loss":0.0,"gold_gain":0.0,"cards_transformed":["adventurer:Defend","adventurer:Defend"],"event_name":"Drug Dealer","player_choice":"Became Test Subject","floor":19.0,"gold_loss":0.0,"damage_taken":0.0,"cards_obtained":["adventurer:Sunhat","adventurer:ShotAndShiv"]},{"cards_removed":["adventurer:Defend"],"damage_healed":0.0,"max_hp_gain":0.0,"max_hp_loss":0.0,"gold_gain":0.0,"event_name":"Beggar","player_choice":"Gave Gold","floor":20.0,"gold_loss":75.0,"damage_taken":0.0},{"damage_healed":0,"gold_gain":0,"player_choice":"Fight","damage_taken":0,"max_hp_gain":0,"max_hp_loss":0,"event_name":"Mysterious Sphere","floor":39,"gold_loss":0},{"damage_healed":0,"gold_gain":0,"player_choice":"Upgraded","damage_taken":0,"max_hp_gain":0,"max_hp_loss":0,"event_name":"Upgrade Shrine","floor":42,"gold_loss":0,"cards_upgraded":["adventurer:SuperbShield"]},{"damage_healed":0,"gold_gain":0,"player_choice":"Memory 1","damage_taken":0,"max_hp_gain":0,"max_hp_loss":0,"event_name":"SensoryStone","floor":45,"gold_loss":0}],"is_beta":false,"boss_relics":[{"not_picked":["Tiny House","Philosopher\u0027s Stone"],"picked":"Cursed Key"},{"not_picked":["Calling Bell","Astrolabe"],"picked":"Busted Crown"}],"items_purged_floors":[3,28,47],"is_endless":false,"potions_floor_spawned":[5,8,11,16,18,23,25,31,37,39,40,44,46,48],"ascension_level":0}}