{"host":"p0hktren06injwdf","time":1612402242,"event":{"mods":["AchievementEnabler","BaseMod","Colored Map","DeckTracker","Minty Spire (QoL Compilation)","Permanent Neow","StSLib","SuperFastMode"],"gold_per_floor":[364,374,391,410,286,286,301,301,328,328,43,43,43,56,56,154,154,165,65,65,83,108,140,155,5,5,18,18,18,18,18,18,117,117,131,151,26,40,40,73,83,83,162,187,199,61,61,61,61,61,61,61,13,38,38,38],"floor_reached":55,"language":"KOR","playtime":1055,"items_purged":["Strike_B","Defend_B","Strike_B","Defend_B"],"score":683,"play_id":"7fe5f22e-fffc-410d-ba41-acc6cf0e20f4","local_time":"20210204103042","is_ascension_mode":false,"campfire_choices":[{"data":"Zap","floor":6,"key":"SMITH"},{"data":"Streamline","floor":8,"key":"SMITH"},{"data":"FTL","floor":10,"key":"SMITH"},{"data":"Dualcast","floor":15,"key":"SMITH"},{"floor":28,"key":"REST"},{"data":"Hologram","floor":30,"key":"SMITH"},{"data":"Beam Cell","floor":32,"key":"SMITH"},{"floor":42,"key":"REST"},{"floor":49,"key":"RECALL"},{"data":"Fission","floor":52,"key":"SMITH"}],"circlet_count":0,"master_deck":["Strike_B","Defend_B","Defend_B","Zap+1","Dualcast+1","Conserve Battery","FTL+1","Streamline+1","Hologram+1","Reboot","Sweeping Beam","Hyperbeam+1","Leap","Chill+1","Hologram+1","Beam Cell+1","Go for the Eyes","Fission+1"],"relics":["Cracked Core","Tiny Chest","TungstenRod","Runic Pyramid","Juzu Bracelet","Bag of Marbles","Vajra","Lizard Tail","Cursed Key","MealTicket","MawBank","Ornamental Fan","Strawberry"],"acts_visited":["Exordium","TheCity","TheBeyond","TheEnding"],"potions_floor_usage":[50,54,55,55],"damage_taken":[{"damage":8,"enemies":"Small Slimes","floor":1,"turns":3},{"damage":0,"enemies":"2 Louse","floor":2,"turns":3},{"damage":1,"enemies":"Jaw Worm","floor":3,"turns":3},{"damage":5,"enemies":"Looter","floor":4,"turns":3},{"damage":15,"enemies":"Exordium Thugs","floor":7,"turns":4},{"damage":0,"enemies":"2 Fungi Beasts","floor":14,"turns":2},{"damage":6,"enemies":"Hexaghost","floor":16,"turns":8},{"damage":4,"enemies":"Spheric Guardian","floor":18,"turns":3},{"damage":18,"enemies":"Shell Parasite","floor":21,"turns":4},{"damage":29,"enemies":"Book of Stabbing","floor":23,"turns":5},{"damage":9,"enemies":"3 Cultists","floor":24,"turns":4},{"damage":2,"enemies":"Centurion and Healer","floor":27,"turns":4},{"damage":8,"enemies":"Collector","floor":33,"turns":6},{"damage":0,"enemies":"3 Shapes","floor":35,"turns":3},{"damage":8,"enemies":"3 Darklings","floor":36,"turns":2},{"damage":0,"enemies":"Jaw Worm Horde","floor":38,"turns":3},{"damage":28,"enemies":"Reptomancer","floor":40,"turns":5},{"damage":19,"enemies":"Spire Growth","floor":41,"turns":3},{"damage":7,"enemies":"Giant Head","floor":44,"turns":6},{"damage":45,"enemies":"Donu and Deca","floor":50,"turns":9},{"damage":23,"enemies":"Shield and Spear","floor":54,"turns":4},{"damage":113,"enemies":"The Heart","floor":55,"turns":8}],"seed_played":"4110857518038415765","potions_obtained":[{"floor":1,"key":"BlessingOfTheForge"},{"floor":4,"key":"PowerPotion"},{"floor":21,"key":"CultistPotion"},{"floor":35,"key":"Regen Potion"}],"is_trial":false,"path_per_floor":["M","M","M","M","$","R","M","R","T","R","$","?","?","M","R","B",null,"M","$","?","M","T","E","M","$","T","M","R","?","R","$","R","B",null,"M","M","$","M","?","E","M","R","T","E","?","$","T","?","R","B",null,"R","$","E","B"],"character_chosen":"DEFECT","items_purchased":["Hologram","TungstenRod","Vajra","Block Potion"],"campfire_rested":2,"item_purchase_floors":[5,11,25,53],"current_hp_per_floor":[46,46,45,40,40,40,25,25,25,25,25,25,25,25,25,19,75,71,71,71,53,53,24,15,15,15,13,35,35,35,35,35,27,75,75,67,67,67,67,39,20,41,41,34,34,49,49,49,49,4,68,68,68,52,0,0],"gold":38,"neow_bonus":"TWO_FIFTY_GOLD","is_daily":false,"chose_seed":false,"campfire_upgraded":7,"win_rate":0.0,"timestamp":1612402242,"path_taken":["M","M","M","M","$","R","M","R","T","R","$","?","?","M","R","BOSS","M","$","?","M","?","E","M","$","T","M","R","?","R","$","R","BOSS","M","M","$","M","?","E","M","R","T","E","?","$","?","?","R","BOSS","R","$","E","BOSS"],"items_purchased_type":["Card","Relic","Relic","Potion"],"build_version":"2020-12-22","purchased_purges":4,"victory":false,"max_hp_per_floor":[75,75,75,75,75,75,75,75,75,75,75,75,75,75,75,75,75,75,75,75,75,75,75,75,75,75,75,75,75,75,75,75,75,75,75,75,75,75,71,71,71,71,71,71,71,71,71,68,68,68,68,68,68,75,75,75],"card_choices":[{"not_picked":["Loop","Go for the Eyes"],"picked":"Conserve Battery","floor":1},{"not_picked":["Blizzard","Aggregate"],"picked":"FTL","floor":2},{"not_picked":["Melter","Barrage"],"picked":"Streamline","floor":3},{"not_picked":["Skim","Turbo","Stack"],"picked":"SKIP","floor":4},{"not_picked":["Coolheaded","Streamline"],"picked":"Reboot","floor":7},{"not_picked":["Stack","Capacitor","Doom and Gloom"],"picked":"SKIP","floor":14},{"not_picked":["Rainbow","Core Surge"],"picked":"Hyperbeam","floor":16},{"not_picked":["Steam","Undo"],"picked":"Leap","floor":18},{"not_picked":["Stack","Rebound"],"picked":"Chill+1","floor":21},{"not_picked":["Streamline","Force Field"],"picked":"Hologram+1","floor":23},{"not_picked":["Tempest","Go for the Eyes"],"picked":"Beam Cell","floor":24},{"not_picked":["Genetic Algorithm+1","Steam"],"picked":"Go for the Eyes","floor":27},{"not_picked":["Biased Cognition","Creative AI"],"picked":"Fission","floor":33},{"not_picked":["Coolheaded","Turbo+1","Ball Lightning+1"],"picked":"SKIP","floor":35},{"not_picked":["Blizzard","Barrage+1","Steam+1"],"picked":"SKIP","floor":36},{"not_picked":["Rebound","Reinforced Body+1","Capacitor"],"picked":"SKIP","floor":38},{"not_picked":["Meteor Strike","Hologram+1","Glacier"],"picked":"SKIP","floor":40},{"not_picked":["Steam","Leap","Barrage+1"],"picked":"SKIP","floor":41},{"not_picked":["Stack+1","Hologram+1","Cold Snap"],"picked":"SKIP","floor":44},{"not_picked":["Undo","Creative AI","Consume+1"],"picked":"SKIP","floor":54}],"player_experience":1010871,"relics_obtained":[{"floor":9,"key":"Tiny Chest"},{"floor":22,"key":"Juzu Bracelet"},{"floor":23,"key":"Bag of Marbles"},{"floor":26,"key":"Lizard Tail"},{"floor":40,"key":"MealTicket"},{"floor":44,"key":"MawBank"},{"floor":47,"key":"Ornamental Fan"},{"floor":54,"key":"Strawberry"}],"event_choices":[{"damage_healed":0,"gold_gain":0,"cards_transformed":["Strike_B"],"player_choice":"Change","damage_taken":0,"max_hp_gain":0,"max_hp_loss":0,"event_name":"Living Wall","floor":12,"gold_loss":0,"cards_obtained":["Sweeping Beam"]},{"damage_healed":0,"gold_gain":0,"player_choice":"Fled","damage_taken":0,"max_hp_gain":0,"max_hp_loss":0,"event_name":"Scrap Ooze","floor":13,"gold_loss":0},{"damage_healed":0,"gold_gain":0,"player_choice":"Ignored","damage_taken":0,"max_hp_gain":0,"max_hp_loss":0,"event_name":"Ghosts","floor":20,"gold_loss":0},{"damage_healed":0,"gold_gain":0,"player_choice":"Upgraded","damage_taken":0,"max_hp_gain":0,"max_hp_loss":0,"event_name":"Upgrade Shrine","floor":29,"gold_loss":0,"cards_upgraded":["Hyperbeam"]},{"damage_healed":0,"gold_gain":0,"player_choice":"Max HP","damage_taken":0,"max_hp_gain":0,"max_hp_loss":4,"event_name":"Winding Halls","floor":39,"gold_loss":0},{"damage_healed":0,"gold_gain":0,"player_choice":"Ignored","damage_taken":0,"max_hp_gain":0,"max_hp_loss":0,"event_name":"Tomb of Lord Red Mask","floor":45,"gold_loss":0},{"cards_removed":["Regret","Parasite"],"damage_healed":0,"gold_gain":0,"player_choice":"Removed Curses","damage_taken":0,"max_hp_gain":0,"max_hp_loss":0,"event_name":"Fountain of Cleansing","floor":48,"gold_loss":0}],"is_beta":false,"boss_relics":[{"not_picked":["Velvet Choker","Runic Dome"],"picked":"Runic Pyramid"},{"not_picked":["Black Star","Pandora\u0027s Box"],"picked":"Cursed Key"}],"items_purged_floors":[5,19,37,46],"is_endless":false,"potions_floor_spawned":[1,4,21,24,27,35,40,41],"killed_by":"The Heart","ascension_level":0}}