{"host":"97uhrltlnmtdj0hv","time":1612403072,"event":{"mods":["2.2 Compatiblity","AchievementEnabler","Act Like it!","Aspiration","Bartender","BaseMod","Better Match","Better Note","Better Skull","Better Third Choice","BetterRewards","ChefMod","Colored Map","Colored Powertips","Conspire","Downfall","Elementarium","Energized Spire","Friendly Minions","Gensokyo","GifTheSpireLib","Gold Saver","Halation","Hallownest","Hermit","Hubris","Infinite Spire","Jorbs\u0027s Wanderer Trilogy","Koishi","Luminous","Marisa????????","Minty Spire (QoL Compilation)","Pale of the Ancients","Permanent Neow","Potionbrewer","Quick Restart","Rare Cards Sparkle","Reliquary","Replay The Spire","Reworked Bosses","Robot Space Explorer","Shade Mod","Somnambulant","Spicy Shops","Spikes Relics","StSLib","Stuff the Spire","SuperFastMode","The Blackbeard","The Bug Knight","The Cursed","The Dragon Tamer","The Druid","The Marked","The Necromancer","The Problem Sleuth","The Senshi","The Servant 0.9.4","The Vixen","TheVacant","Trackpad","Treasure Hunter","Wandering Minibosses","everything is the same but u backflip on backflip"],"gold_per_floor":[265,26,26,26,26,38,38,38,52,52,78,97,97,107,120,218,218,218,236,256,256,275,306,355,388,401,418,418,418,436,470,490,585,585,585,603,603,603,648,664,664,684,684,684,684,702,702,702],"floor_reached":47,"language":"ENG","playtime":3033,"items_purged":[],"score":612,"play_id":"7d782d7a-e507-4ed5-adcd-86dadc699445","local_time":"20210203184432","is_ascension_mode":false,"campfire_choices":[{"data":"chefmod:TodaysSpecial","floor":1,"key":"SMITH"},{"data":"chefmod:NewMenu","floor":10,"key":"SMITH"},{"data":"chefmod:CandyBowl","floor":13,"key":"SMITH"},{"data":"chefmod:LocoMoco","floor":18,"key":"SMITH"},{"data":"TH:TreasureMap","floor":35,"key":"SMITH"},{"data":"chefmod:QuickThaw","floor":43,"key":"SMITH"},{"floor":45,"key":"REST"}],"circlet_count":0,"master_deck":["chefmod:Strike+1","chefmod:Strike+1","chefmod:Strike+1","chefmod:QuickThaw+1","chefmod:Defend+1","chefmod:Defend+1","chefmod:Defend+1","chefmod:Defend+1","chefmod:TodaysSpecial+1","chefmod:Granita","chefmod:FreshProduce","chefmod:NewMenu+1","chefmod:ZaruSoba","TH:Mimic","chefmod:FireUp","TH:DeckOfManyThings","chefmod:CandyBowl+1","chefmod:DimSum","chefmod:LocoMoco+1","TH:TreasureMap","chefmod:ColdSteel","chefmod:QuickChop+1","chefmod:Fillet+1","TH:PixieDust","chefmod:LocoMoco+1","TH:CursedSword","chefmod:Sorbet","chefmod:Chop","chefmod:Fillet+1","TH:EnergyPotion","chefmod:SushiPlatter","chefmod:LiquidNitrogen+1","TH:TreasureMap+1","chefmod:FullCourseMeal","chefmod:GroceryDelivery","chefmod:Mince","hubris:Fate","wanderingMiniBosses:FinaleOfPromise","chefmod:FreezeSolid+1","chefmod:TonkotsuRamen","TH:CopperCoins","chefmod:Sorbet+1","chefmod:BleedOut"],"relics":["chefmod:TrustyPot","aspiration:Nostalgia","m_BronzeBlood","Toolbox","Blood Vial","Bag of Preparation","halation:BottledLove","Hallownest:DreamNailRelic","hubris:Metronome","Matryoshka","theSenshi:FeatherClipsRelic","Centennial Puzzle","infinitespire:Beetle Shell","aspiration:SeaSaltIceCream","halation:Thesaurus","Silver_Glasses","infinitespire:CheckeredPen","bronze:MakeshiftBattery","StuffTheSpire:Mouthbags","Power_Wrist","wanderingMiniBosses:Blackblade","reliquary:TatteredRug","Replay:Bottled Eggs","Toy Ornithopter","StuffTheSpire:GrapeVine"],"acts_visited":["Exordium","TheCity","TheCity"],"potions_floor_usage":[11,16,20,26,27,30,30,33],"damage_taken":[{"damage":5,"enemies":"downfall:FleeingMerchant","floor":2,"turns":4},{"damage":0,"enemies":"2_ Uuma","floor":6,"turns":5},{"damage":7,"enemies":"Hallownest:2_Baldur","floor":9,"turns":6},{"damage":0,"enemies":"Hallownest:eliteVengeflyKing","floor":11,"turns":6},{"damage":2,"enemies":"Hallownest:2_MossCreeps","floor":12,"turns":3},{"damage":5,"enemies":"Hallownest:1_Baldur_1_Crawlid_1_Warrior","floor":14,"turns":5},{"damage":2,"enemies":"Hallownest:monsterMossCharger","floor":15,"turns":6},{"damage":31,"enemies":"IC_STATUS_ARCHETYPE","floor":16,"turns":9},{"damage":27,"enemies":"Chosen","floor":19,"turns":9},{"damage":12,"enemies":"Cultist and Chosen","floor":20,"turns":4},{"damage":13,"enemies":"Snecko","floor":22,"turns":5},{"damage":18,"enemies":"Book of Stabbing","floor":23,"turns":5},{"damage":0,"enemies":"Gremlin Leader","floor":25,"turns":2},{"damage":7,"enemies":"Shelled Parasite and Fungi","floor":26,"turns":2},{"damage":14,"enemies":"Centurion and Healer","floor":27,"turns":4},{"damage":35,"enemies":"Snecko","floor":30,"turns":5},{"damage":30,"enemies":"Slavers","floor":31,"turns":4},{"damage":18,"enemies":"3 Cultists","floor":32,"turns":4},{"damage":35,"enemies":"DF_ARCHETYPE_CLAW","floor":33,"turns":7},{"damage":0,"enemies":"Gensokyo:3_Bats","floor":36,"turns":1},{"damage":50,"enemies":"conspire:MimicChest","floor":39,"turns":8},{"damage":0,"enemies":"Gensokyo:3_Boulders","floor":40,"turns":2},{"damage":0,"enemies":"Gensokyo:AtlasGolem","floor":42,"turns":2},{"damage":51,"enemies":"Gensokyo:Rafflesia","floor":46,"turns":5},{"damage":22,"enemies":"Gensokyo:SeedOfUnknown","floor":47,"turns":3}],"seed_played":"4821310023103269153","potions_obtained":[{"floor":9,"key":"Energy Potion"},{"floor":11,"key":"Swift Potion"},{"floor":12,"key":"potionbrewer:EndurancePotion"},{"floor":19,"key":"Explosive Potion"},{"floor":25,"key":"Regen Potion"},{"floor":26,"key":"conspire:TimeTravelPotion"},{"floor":27,"key":"Death Potion"},{"floor":31,"key":"Weak Potion"},{"floor":33,"key":"Strength Potion"},{"floor":40,"key":"Cursed Concoction"},{"floor":46,"key":"potionbrewer:NoxiousPotion"}],"is_trial":false,"path_per_floor":["R","$","?","?","?","M","T","?","M","R","E","M","R","M","M","B",null,"R","M","M","AVR","M","E","T","E","M","M","?","?","M","E","M","B",null,"R","M","?","AVR","?","M","T","M","R","?","R","M","M"],"character_chosen":"THE_CHEF","items_purchased":["Toolbox","chefmod:FreshProduce"],"campfire_rested":1,"item_purchase_floors":[2,2],"current_hp_per_floor":[76,76,76,76,43,51,51,51,52,52,60,66,66,69,75,51,76,76,55,51,51,46,36,36,50,62,76,76,76,53,37,33,16,76,76,76,76,76,42,56,56,70,70,35,57,20,0,0],"gold":702,"neow_bonus":"NOSTALGIA","is_daily":false,"chose_seed":false,"campfire_upgraded":6,"win_rate":0.0,"timestamp":1612403072,"path_taken":["R","?","?","?","?","?","T","?","M","R","E","M","R","M","M","BOSS","R","M","M","AVR","?","E","T","E","M","M","?","?","M","E","M","BOSS","R","M","?","AVR","?","M","T","?","R","?","R","M","?"],"items_purchased_type":["Relic","Card"],"build_version":"2020-12-22","purchased_purges":0,"victory":false,"max_hp_per_floor":[76,76,76,76,76,76,76,76,76,76,76,76,76,76,76,76,76,76,76,76,76,76,76,76,76,76,76,76,76,76,76,76,76,76,76,76,76,76,76,76,76,76,76,76,76,76,76,76],"card_choices":[{"not_picked":["chefmod:ColdSteel","chefmod:Chop"],"picked":"chefmod:Granita","floor":2},{"not_picked":["chefmod:NoSoupForYou","bronze:Shield"],"picked":"chefmod:ZaruSoba","floor":6},{"not_picked":["TH:ArmorSpikes"],"picked":"TH:Mimic","floor":7},{"not_picked":["Body Slam","chefmod:AllYouCanEat"],"picked":"chefmod:FireUp","floor":9},{"not_picked":["TH:CursedSword"],"picked":"TH:DeckOfManyThings","floor":11},{"not_picked":["Power Through","Evolve"],"picked":"chefmod:CandyBowl","floor":11},{"not_picked":["chefmod:SearedScallops","chefmod:FireUp"],"picked":"chefmod:DimSum","floor":12},{"not_picked":["chefmod:ZaruSoba","chefmod:Julienne","Body Slam"],"picked":"SKIP","floor":14},{"not_picked":["ReplayTheSpireMod:Stacked","chefmod:Puree"],"picked":"chefmod:LocoMoco","floor":15},{"not_picked":["TH:ElvenBoots"],"picked":"TH:TreasureMap","floor":16},{"not_picked":["chefmod:Tenderizer","bronze:ShipIt"],"picked":"chefmod:Mince","floor":16},{"not_picked":["chefmod:FireUp","chefmod:Granita+1"],"picked":"chefmod:ColdSteel","floor":19},{"not_picked":["chefmod:Fillet","chefmod:KnifeFlurry"],"picked":"chefmod:QuickChop+1","floor":20},{"not_picked":["chefmod:FireUp","chefmod:Defrost+1"],"picked":"chefmod:Fillet","floor":22},{"not_picked":["TH:ArmorSpikes"],"picked":"TH:PixieDust","floor":23},{"not_picked":["chefmod:Fillet+1","chefmod:DimSum"],"picked":"chefmod:LocoMoco+1","floor":23},{"not_picked":["TH:ElvenBoots"],"picked":"TH:CursedSword","floor":24},{"not_picked":["chefmod:Defrost+1","chefmod:CayenneCloud+1"],"picked":"chefmod:Sorbet","floor":25},{"not_picked":["TH:ElvenBoots","TH:EnergyPotion"],"picked":"SKIP","floor":25},{"not_picked":["TH:ElvenBoots","TH:EnergyPotion"],"picked":"SKIP","floor":25},{"not_picked":["TH:ElvenBoots","TH:EnergyPotion"],"picked":"SKIP","floor":25},{"not_picked":["chefmod:AlooGobi","chefmod:Defrost"],"picked":"chefmod:Chop","floor":26},{"not_picked":["chefmod:ZaruSoba+1","chefmod:Granita","chefmod:Chop"],"picked":"SKIP","floor":27},{"not_picked":["chefmod:CandyBowl","chefmod:CayenneCloud"],"picked":"chefmod:Fillet","floor":30},{"not_picked":["TH:ElvenBoots"],"picked":"TH:EnergyPotion","floor":31},{"not_picked":["chefmod:Flambe","chefmod:AlooGobi"],"picked":"chefmod:SushiPlatter","floor":31},{"not_picked":["chefmod:Puree","chefmod:BaoBuns"],"picked":"chefmod:LiquidNitrogen+1","floor":32},{"not_picked":["TH:BikiniMail"],"picked":"TH:TreasureMap","floor":33},{"not_picked":["chefmod:CandyBowl","chefmod:TastyDistraction"],"picked":"chefmod:FullCourseMeal","floor":33},{"not_picked":["chefmod:Granita","chefmod:FryPan"],"picked":"chefmod:GroceryDelivery","floor":36},{"not_picked":[],"picked":"wanderingMiniBosses:FinaleOfPromise","floor":39},{"not_picked":["chefmod:FreezerBurn","chefmod:Sorbet"],"picked":"chefmod:FreezeSolid+1","floor":39},{"not_picked":["chefmod:BaoBuns","chefmod:DinoKale+1"],"picked":"chefmod:TonkotsuRamen","floor":40},{"not_picked":["TH:ArmorSpikes"],"picked":"TH:CopperCoins","floor":41},{"not_picked":["chefmod:Bruschetta+1","chefmod:SliceAndDice"],"picked":"chefmod:Sorbet+1","floor":42},{"not_picked":["chefmod:SliceAndDice","chefmod:FireUp"],"picked":"chefmod:BleedOut","floor":46}],"player_experience":434947,"relics_obtained":[{"floor":7,"key":"halation:BottledLove"},{"floor":11,"key":"hubris:Metronome"},{"floor":23,"key":"theSenshi:FeatherClipsRelic"},{"floor":24,"key":"Centennial Puzzle"},{"floor":24,"key":"infinitespire:Beetle Shell"},{"floor":25,"key":"aspiration:SeaSaltIceCream"},{"floor":31,"key":"infinitespire:CheckeredPen"},{"floor":39,"key":"Power_Wrist"},{"floor":39,"key":"wanderingMiniBosses:Blackblade"},{"floor":41,"key":"reliquary:TatteredRug"},{"floor":41,"key":"Replay:Bottled Eggs"}],"event_choices":[{"damage_healed":0,"gold_gain":0,"player_choice":"RE RE ","damage_taken":37,"relics_obtained":["Blood Vial","Bag of Preparation"],"max_hp_gain":0,"max_hp_loss":0,"event_name":"betterSkull:BetterSkull","floor":5,"gold_loss":0,"cards_upgraded":[]},{"cards_removed":["chefmod:Mince"],"damage_healed":0,"gold_gain":0,"player_choice":"Elegance","damage_taken":0,"max_hp_gain":0,"max_hp_loss":0,"event_name":"betterThird:BetterWriting","floor":28,"gold_loss":0},{"damage_healed":0,"gold_gain":0,"player_choice":"Simplicity","damage_taken":0,"max_hp_gain":0,"max_hp_loss":7,"event_name":"betterThird:BetterWriting","floor":28,"gold_loss":0},{"damage_healed":0,"gold_gain":0,"player_choice":"RE RE ","damage_taken":39,"relics_obtained":["Toy Ornithopter","StuffTheSpire:GrapeVine"],"max_hp_gain":0,"max_hp_loss":0,"event_name":"betterSkull:BetterSkull","floor":44,"gold_loss":0,"cards_upgraded":[]}],"is_beta":false,"boss_relics":[{"not_picked":["hubris:CrackedHourglass","energizedSpire:StickyHand","reliquary:RedCape"]},{"not_picked":["Empty Cage","halation:Risk"],"picked":"bronze:MakeshiftBattery"}],"items_purged_floors":[],"is_endless":false,"potions_floor_spawned":[9,11,12,19,25,26,27,31,33,40,46],"killed_by":"Gensokyo:SeedOfUnknown","ascension_level":0}}