{"host":"p8bnstsjdxjza4jm","time":1612452887,"event":{"mods":["BaseMod","Colored Powertips","Marisa£¨Ùöéë¡¡Øª×âÞÞ£©","Minty Spire (QoL Compilation)","Quick Restart","StSLib"],"gold_per_floor":[116,191,191,209,222,251,251,269,316,316,316,331,331,341,341,443,443,443,543,558,456,456,481,498,498,498,498,498],"floor_reached":27,"language":"KOR","playtime":2046,"items_purged":["Reflex"],"score":233,"play_id":"fa8b5d59-4db3-48ed-81a3-4c68fd854fb0","local_time":"20210205003447","is_ascension_mode":false,"campfire_choices":[{"floor":7.0,"key":"REST"},{"floor":10.0,"key":"REST"},{"floor":15.0,"key":"REST"}],"circlet_count":0,"master_deck":["Strike_G","Strike_G","Strike_G","Strike_G","Strike_G","Defend_G","Defend_G","Defend_G","Defend_G","Survivor","Neutralize","Blade Dance","Blade Dance","Acrobatics","Flying Knee+1","Dagger Throw+1","A Thousand Cuts","Blade Dance","Backstab+1","Accuracy","Necronomicurse"],"relics":["Ring of the Snake","NeowsBlessing","Molten Egg 2","Smiling Mask","Boot","Runic Pyramid","Tingsha","Necronomicon","Meat on the Bone"],"acts_visited":["Exordium","TheCity"],"potions_floor_usage":[],"damage_taken":[{"damage":0.0,"enemies":"2 Louse","floor":1.0,"turns":1.0},{"damage":0.0,"enemies":"Small Slimes","floor":4.0,"turns":1.0},{"damage":0.0,"enemies":"Cultist","floor":5.0,"turns":1.0},{"damage":32.0,"enemies":"Lagavulin","floor":6.0,"turns":8.0},{"damage":7.0,"enemies":"Blue Slaver","floor":8.0,"turns":4.0},{"damage":13.0,"enemies":"Lots of Slimes","floor":12.0,"turns":4.0},{"damage":8.0,"enemies":"Red Slaver","floor":14.0,"turns":4.0},{"damage":22.0,"enemies":"Slime Boss","floor":16.0,"turns":12.0},{"damage":0.0,"enemies":"2 Thieves","floor":18.0,"turns":1.0},{"damage":14.0,"enemies":"Spheric Guardian","floor":20.0,"turns":4.0},{"damage":21.0,"enemies":"Gremlin Leader","floor":23.0,"turns":6.0},{"damage":2.0,"enemies":"Snecko","floor":24.0,"turns":4.0},{"damage":30,"enemies":"Shelled Parasite and Fungi","floor":27,"turns":2}],"seed_played":"3378596284599021085","potions_obtained":[{"floor":6.0,"key":"SteroidPotion"},{"floor":8.0,"key":"CultistPotion"},{"floor":12.0,"key":"BlessingOfTheForge"},{"floor":16.0,"key":"SmokeBomb"},{"floor":20.0,"key":"Dexterity Potion"},{"floor":23.0,"key":"SneckoOil"},{"floor":24.0,"key":"LiquidBronze"}],"is_trial":false,"path_per_floor":["M","?","?","M","M","E","R","M","T","R","?","M","?","M","R","B",null,"M","?","M","$","?","E","M","?","T","M"],"character_chosen":"THE_SILENT","items_purchased":["SkillPotion"],"campfire_rested":3,"item_purchase_floors":[21],"current_hp_per_floor":[70,59,52,52,52,20,41,34,34,55,55,42,42,34,55,33,70,70,70,56,56,56,35,33,17,17,0,0],"gold":498,"neow_bonus":"THREE_ENEMY_KILL","is_daily":false,"chose_seed":false,"campfire_upgraded":0,"win_rate":0.0,"timestamp":1612452887,"path_taken":["M","?","?","M","M","E","R","M","T","R","?","M","?","?","R","BOSS","M","?","?","$","?","E","M","?","T","M"],"items_purchased_type":["Potion"],"build_version":"2020-12-22","purchased_purges":1,"victory":false,"max_hp_per_floor":[70,70,70,70,70,70,70,70,70,70,70,70,70,70,70,70,70,70,70,70,70,70,70,70,70,70,70,70],"card_choices":[{"not_picked":["Dodge and Roll","Leg Sweep"],"picked":"Blade Dance","floor":1.0},{"not_picked":["Flying Knee","Calculated Gamble","Acrobatics"],"picked":"SKIP","floor":4.0},{"not_picked":["Underhanded Strike","Dagger Spray"],"picked":"Blade Dance","floor":5.0},{"not_picked":["Dash+1","Sucker Punch+1"],"picked":"Acrobatics","floor":6.0},{"not_picked":["Deflect","Caltrops"],"picked":"Reflex","floor":8.0},{"not_picked":["Flechettes+1","Setup"],"picked":"Flying Knee+1","floor":12.0},{"not_picked":["Quick Slash+1","Dodge and Roll"],"picked":"Dagger Throw+1","floor":14.0},{"not_picked":["Bullet Time","Grand Finale+1"],"picked":"A Thousand Cuts","floor":16.0},{"not_picked":["Outmaneuver","Flying Knee+1","Bane+1"],"picked":"SKIP","floor":20.0},{"not_picked":["Venomology","PiercingWail+1"],"picked":"Backstab+1","floor":23.0},{"not_picked":["Deflect","PiercingWail+1"],"picked":"Accuracy","floor":24.0}],"player_experience":87406,"relics_obtained":[{"floor":6.0,"key":"Molten Egg 2"},{"floor":9.0,"key":"Smiling Mask"},{"floor":13.0,"key":"Boot"},{"floor":23.0,"key":"Tingsha"},{"floor":25.0,"key":"Necronomicon"},{"floor":26.0,"key":"Meat on the Bone"}],"event_choices":[{"damage_healed":0.0,"max_hp_gain":0.0,"max_hp_loss":0.0,"gold_gain":75.0,"event_name":"World of Goop","player_choice":"Gather Gold","floor":2.0,"gold_loss":0.0,"damage_taken":11.0},{"cards_removed":["Defend_G"],"damage_healed":0.0,"max_hp_gain":0.0,"max_hp_loss":0.0,"gold_gain":0.0,"event_name":"Golden Wing","player_choice":"Card Removal","floor":3.0,"gold_loss":0.0,"damage_taken":7.0},{"damage_healed":0.0,"max_hp_gain":0.0,"max_hp_loss":0.0,"gold_gain":0.0,"event_name":"Shining Light","player_choice":"Ignored","floor":11.0,"gold_loss":0.0,"damage_taken":0.0},{"damage_healed":0.0,"max_hp_gain":0.0,"max_hp_loss":0.0,"gold_gain":0.0,"event_name":"Wheel of Change","player_choice":"Relic","floor":13.0,"gold_loss":0.0,"damage_taken":0.0},{"damage_healed":0.0,"max_hp_gain":0.0,"max_hp_loss":0.0,"gold_gain":100.0,"event_name":"Golden Shrine","player_choice":"Pray","floor":19.0,"gold_loss":0.0,"damage_taken":0.0},{"damage_healed":0.0,"max_hp_gain":0.0,"max_hp_loss":0.0,"gold_gain":0.0,"event_name":"The Library","player_choice":"Read","floor":22.0,"gold_loss":0.0,"damage_taken":0.0,"cards_obtained":["Blade Dance"]},{"damage_healed":0.0,"max_hp_gain":0.0,"max_hp_loss":0.0,"gold_gain":0.0,"event_name":"Cursed Tome","player_choice":"Obtained Book","floor":25.0,"gold_loss":0.0,"damage_taken":16.0}],"is_beta":false,"boss_relics":[{"not_picked":["Philosopher\u0027s Stone","Snecko Eye"],"picked":"Runic Pyramid"}],"items_purged_floors":[21],"is_endless":false,"potions_floor_spawned":[6,8,12,16,20,23,24],"killed_by":"Shelled Parasite and Fungi","ascension_level":0}}