{"host":"xc18ixkpjvqrt8st","time":1612459363,"event":{"mods":["Act Like it!","BaseMod","Better Match","Better Third Choice","Conspire","Downfall","Hallownest","Hermit","Hubris","Infinite Spire","Minty Spire (QoL Compilation)","Reliquary","Replay The Spire","Robot Space Explorer","Shop Mod","Spicy Shops","Spire Arcade","StSLib","The Animator","The Edgeheg","The Jungle","The Marked","The Sage"],"gold_per_floor":[109,109,109,132,148,148,177,177,177,199,199,159,159,4,4,99,99,116,16,79,79,94,94,94,94,94,110,131,265,265,13,13,121,121,182,123,48,103,173,173,227,253,253],"floor_reached":42,"language":"ENG","playtime":2115,"items_purged":[],"score":621,"play_id":"7a78b312-d8e9-4883-8dfd-2c3cee754a73","local_time":"20210204112243","is_ascension_mode":true,"campfire_choices":[{"floor":6,"key":"RECALL"},{"floor":8,"key":"REST"},{"floor":11,"key":"REST"},{"floor":15,"key":"REST"},{"floor":23,"key":"REST"},{"data":"animator:DwarfShaman","floor":25,"key":"SMITH"},{"data":"animator:Layla","floor":32,"key":"SMITH"},{"floor":40,"key":"REST"}],"circlet_count":0,"master_deck":["animator:Strike_GoblinSlayer","animator:Defend_GoblinSlayer","animator:Strike","animator:Strike","animator:Strike","animator:Defend+1","animator:Defend","animator:Defend","animator:LizardPriest+1","animator:DwarfShaman+1","animator:Tatsumaki+1","animator:Shiro","animator:LizardPriest","animator:DwarfShaman","animator:Viivi","Voices","animator:Envy","animator:MumenRider","conspire:SpireCoStock","conspire:SpireCoStock","animator:HighElfArcher","animator:MumenRider","animator:Kyubey","animator:ChaikaBohdan+1","animator:NagisaMomoe","animator:Layla+1","animator:SwordMaiden","animator:Gillette","animator:ElricEdward","animator:MaesHughes+1","animator:YuiTsuruno+1","animator:Shalltear"],"relics":["animator:LivingPicture","animator:TheMissingPiece","NeowsBlessing","Paper Crane","Art of War","betterThird:SlimedRelic","ReplayTheSpireMod:Ring of Collecting","Ring of Misfortune","MealTicket","bronze:MakeshiftBattery","Frozen Eye","Ring of Peace","sagemod:Creepy_Carousel","Frozen Egg 2","Lee\u0027s Waffle","conspire:RoyalGoblet","infinitespire:EvilPickle","Mango","hubris:MedicalManual","Bag of Marbles"],"acts_visited":["Exordium","TheCity","TheBeyond"],"potions_floor_usage":[36,42],"damage_taken":[{"damage":0,"enemies":"2 Louse","floor":1,"turns":1},{"damage":0,"enemies":"Small Slimes","floor":4,"turns":2},{"damage":0,"enemies":"Cultist","floor":5,"turns":1},{"damage":28,"enemies":"3 Sentries","floor":7,"turns":7},{"damage":4,"enemies":"2 Fungi Beasts","floor":10,"turns":4},{"damage":46,"enemies":"Slime Boss","floor":16,"turns":11},{"damage":0,"enemies":"Spheric Guardian","floor":18,"turns":3},{"damage":9,"enemies":"Shell Parasite","floor":20,"turns":4},{"damage":23,"enemies":"Centurion and Healer","floor":22,"turns":6},{"damage":26,"enemies":"Cultist and Chosen","floor":27,"turns":8},{"damage":0,"enemies":"Snake Plant","floor":28,"turns":5},{"damage":8,"enemies":"Colosseum Slavers","floor":29,"turns":4},{"damage":12,"enemies":"Colosseum Nobs","floor":29,"turns":6},{"damage":21,"enemies":"Pondfish","floor":33,"turns":10},{"damage":1,"enemies":"Orb Walker","floor":35,"turns":4},{"damage":20,"enemies":"Mind Bloom Boss Battle","floor":38,"turns":9},{"damage":16,"enemies":"3 Darklings","floor":41,"turns":4},{"damage":47,"enemies":"Nemesis","floor":42,"turns":7}],"seed_played":"357515858147158431","potions_obtained":[{"floor":10,"key":"SpeedPotion"},{"floor":22,"key":"SpeedPotion"},{"floor":27,"key":"SpeedPotion"},{"floor":29,"key":"sagemod:Wine"},{"floor":38,"key":"champ:CounterPotion"}],"is_trial":false,"path_per_floor":["M","?","?","M","M","R","E","R","T","M","R","?","?","$","R","B",null,"M","?","M","AVR","M","R","?","R","T","M","M","?","?","$","R","B",null,"M","$","$","?","?","R","M","E"],"character_chosen":"THE_ANIMATOR","items_purchased":["MealTicket","Lee\u0027s Waffle","animator:NagisaMomoe","animator:Layla","Mango","animator:ElricEdward"],"campfire_rested":5,"item_purchase_floors":[14,31,31,31,36,37],"current_hp_per_floor":[66,53,53,53,53,53,25,44,44,40,59,48,48,48,66,20,66,66,66,57,57,34,53,56,56,56,30,31,12,12,78,78,58,79,78,93,93,73,36,63,47,0,0],"gold":253,"neow_bonus":"THREE_ENEMY_KILL","is_daily":false,"chose_seed":false,"campfire_upgraded":2,"win_rate":0.0,"timestamp":1612459363,"path_taken":["M","?","?","M","?","R","E","R","T","M","R","?","?","$","R","BOSS","M","?","M","AVR","M","R","?","R","T","M","M","?","?","$","R","BOSS","M","?","$","?","?","R","?","E"],"items_purchased_type":["Relic","Relic","Card","Card","Relic","Card"],"build_version":"2020-12-22","purchased_purges":0,"victory":false,"max_hp_per_floor":[66,66,66,66,66,66,66,66,66,66,66,66,66,66,66,66,66,66,66,66,66,66,66,69,69,69,69,70,71,71,78,78,79,79,79,93,93,93,93,93,93,93,93],"card_choices":[{"not_picked":["animator:DwarfShaman","animator:Sloth"],"picked":"animator:Tatsumaki","floor":1},{"not_picked":["animator:Evileye","animator:Layla"],"picked":"animator:Shiro","floor":4},{"not_picked":["animator:Melzalgald","animator:MumenRider"],"picked":"animator:LizardPriest","floor":5},{"not_picked":["animator:LizardPriest","animator:CowGirl"],"picked":"animator:DwarfShaman","floor":7},{"not_picked":["animator:Genos","animator:Layla"],"picked":"animator:Viivi","floor":10},{"not_picked":["animator:Albedo","animator:GoblinSlayer"],"picked":"animator:Envy","floor":16},{"not_picked":["animator:DolaCouronne","animator:Sloth"],"picked":"animator:MumenRider","floor":18},{"not_picked":["animator:Tatsumaki","animator:Entoma"],"picked":"animator:HighElfArcher","floor":20},{"not_picked":["animator:Sonic","animator:Tatsumaki"],"picked":"animator:MumenRider","floor":22},{"not_picked":["animator:ElricAlphonse","animator:Genos"],"picked":"animator:Kyubey","floor":27},{"not_picked":["animator:MamiTomoe","animator:AcuraTooru"],"picked":"animator:DolaStephanie+1","floor":28},{"not_picked":["animator:Sloth","animator:Jibril"],"picked":"animator:ChaikaBohdan+1","floor":29},{"not_picked":["animator:Father","animator:MadokaKaname"],"picked":"animator:SwordMaiden","floor":33},{"not_picked":["animator:Guy","animator:Viivi"],"picked":"animator:Gillette","floor":35},{"not_picked":["animator:MumenRider","animator:DolaRiku+1"],"picked":"animator:MaesHughes+1","floor":39},{"not_picked":["animator:RoyMustang+1","animator:Cocytus"],"picked":"animator:YuiTsuruno+1","floor":39},{"not_picked":["animator:GoblinSlayer","animator:LizardPriest"],"picked":"animator:Shalltear","floor":41}],"player_experience":698942,"relics_obtained":[{"floor":7,"key":"Paper Crane"},{"floor":9,"key":"Art of War"},{"floor":13,"key":"ReplayTheSpireMod:Ring of Collecting"},{"floor":13,"key":"Ring of Misfortune"},{"floor":26,"key":"Ring of Peace"},{"floor":29,"key":"sagemod:Creepy_Carousel"},{"floor":29,"key":"Frozen Egg 2"},{"floor":38,"key":"hubris:MedicalManual"},{"floor":39,"key":"Bag of Marbles"}],"event_choices":[{"damage_healed":66,"gold_gain":0,"player_choice":"Upgrade","damage_taken":13,"max_hp_gain":0,"max_hp_loss":66,"event_name":"betterThird:BetterShining","floor":2,"gold_loss":0,"cards_upgraded":["animator:LizardPriest","animator:Defend"]},{"damage_healed":0,"gold_gain":0,"player_choice":"Upgraded","damage_taken":0,"max_hp_gain":0,"max_hp_loss":0,"event_name":"Upgrade Shrine","floor":3,"gold_loss":0,"cards_upgraded":["animator:Tatsumaki"]},{"damage_healed":0,"gold_gain":0,"player_choice":"Slimed","damage_taken":11,"max_hp_gain":0,"max_hp_loss":0,"event_name":"betterThird:BetterGoop","floor":12,"gold_loss":40},{"damage_healed":0,"gold_gain":0,"player_choice":"Invest 2","damage_taken":0,"max_hp_gain":0,"max_hp_loss":0,"event_name":"conspire:Investor","floor":19,"gold_loss":0},{"damage_healed":0,"gold_gain":0,"player_choice":"Fight","damage_taken":0,"max_hp_gain":0,"max_hp_loss":0,"event_name":"Colosseum","floor":29,"gold_loss":0},{"damage_healed":0,"gold_gain":0,"player_choice":"Fought Nobs","damage_taken":0,"max_hp_gain":0,"max_hp_loss":0,"event_name":"Colosseum","floor":29,"gold_loss":0},{"cards_removed":["animator:DolaStephanie"],"damage_healed":0,"gold_gain":0,"player_choice":"Purged","damage_taken":0,"max_hp_gain":0,"max_hp_loss":0,"event_name":"Purifier","floor":30,"gold_loss":0},{"damage_healed":0,"gold_gain":0,"player_choice":"Fight","damage_taken":0,"max_hp_gain":0,"max_hp_loss":0,"event_name":"MindBloom","floor":38,"gold_loss":0}],"is_beta":false,"boss_relics":[{"not_picked":["SlaversCollar","Coffee Dripper"],"picked":"bronze:MakeshiftBattery"},{"not_picked":["Kintsugi","Ring of Chaos"],"picked":"conspire:RoyalGoblet"}],"items_purged_floors":[],"is_endless":false,"potions_floor_spawned":[10,22,27,29,38,41],"killed_by":"Nemesis","ascension_level":2}}