{"host":"p6y17sixyu8q9v1f","time":1612436084,"event":{"mods":["BaseMod","Colored Map","Minty Spire (QoL Compilation)"],"gold_per_floor":[110,126,126,126,145,145,175,175,175,31,48,64,64,76,76,172,172,192,192,202,222,147,147,147,7,7,7,7,7,18,45,45,143,143,158,158,178,194,117,117,117],"floor_reached":40,"language":"ENG","playtime":1420,"items_purged":["Strike_B","Strike_B"],"score":508,"play_id":"6c3aba9e-b939-43f2-a946-4d3a002796ed","local_time":"20210204045444","is_ascension_mode":true,"campfire_choices":[{"data":"Zap","floor":6,"key":"SMITH"},{"data":"Consume","floor":8,"key":"SMITH"},{"floor":15,"key":"REST"},{"data":"Zap","floor":23,"key":"SMITH"},{"data":"Redo","floor":29,"key":"SMITH"},{"floor":32,"key":"REST"}],"circlet_count":0,"master_deck":["Strike_B","Defend_B","Defend_B","Defend_B","Defend_B","Zap+1","Dualcast","Ball Lightning","Conserve Battery","Loop","Consume+1","Defragment","Redo+1","Hologram","Electrodynamics","Zap+1","Redo+1","Storm","Turbo+1","Ball Lightning","Amplify+1","Defragment+1","Defragment"],"relics":["Cracked Core","NeowsBlessing","Mercury Hourglass","HornCleat","Anchor","Black Star","Regal Pillow","Thread and Needle","Nunchaku","SacredBark"],"acts_visited":["Exordium","TheCity","TheBeyond"],"potions_floor_usage":[7,31],"damage_taken":[{"damage":0,"enemies":"Jaw Worm","floor":1,"turns":1},{"damage":0,"enemies":"Cultist","floor":2,"turns":1},{"damage":0,"enemies":"Small Slimes","floor":5,"turns":1},{"damage":35,"enemies":"Gremlin Nob","floor":7,"turns":4},{"damage":1,"enemies":"Looter","floor":11,"turns":3},{"damage":10,"enemies":"Gremlin Gang","floor":12,"turns":3},{"damage":3,"enemies":"Blue Slaver","floor":14,"turns":2},{"damage":14,"enemies":"Hexaghost","floor":16,"turns":8},{"damage":7,"enemies":"2 Thieves","floor":18,"turns":3},{"damage":0,"enemies":"3 Byrds","floor":20,"turns":2},{"damage":14,"enemies":"3 Cultists","floor":21,"turns":4},{"damage":4,"enemies":"Centurion and Healer","floor":30,"turns":3},{"damage":39,"enemies":"Slavers","floor":31,"turns":4},{"damage":17,"enemies":"Collector","floor":33,"turns":7},{"damage":0,"enemies":"3 Darklings","floor":35,"turns":3},{"damage":0,"enemies":"3 Shapes","floor":37,"turns":2},{"damage":31,"enemies":"Sphere and 2 Shapes","floor":38,"turns":5},{"damage":39,"enemies":"Nemesis","floor":40,"turns":3}],"seed_played":"5760732570620780026","potions_obtained":[{"floor":5,"key":"DuplicationPotion"},{"floor":14,"key":"SteroidPotion"},{"floor":16,"key":"Dexterity Potion"},{"floor":18,"key":"Weak Potion"},{"floor":30,"key":"FairyPotion"}],"is_trial":false,"path_per_floor":["M","M","?","?","M","R","E","R","T","$","M","M","?","M","R","B",null,"M","?","M","M","$","R","?","$","T","?","?","R","M","E","R","B",null,"M","?","M","M","$","E"],"character_chosen":"DEFECT","items_purchased":["Anchor","Storm","Defragment"],"campfire_rested":2,"item_purchase_floors":[10,25,39],"current_hp_per_floor":[75,75,63,63,63,63,28,28,28,28,27,17,10,7,29,15,60,53,53,53,39,39,39,39,39,39,39,39,39,35,22,59,42,67,67,67,67,36,36,0,0],"gold":117,"neow_bonus":"THREE_ENEMY_KILL","is_daily":false,"chose_seed":false,"campfire_upgraded":4,"win_rate":0.0,"timestamp":1612436084,"path_taken":["M","M","?","?","?","R","E","R","T","$","M","M","?","M","R","BOSS","M","?","M","?","$","R","?","$","T","?","?","R","?","E","R","BOSS","M","?","M","M","?","E"],"items_purchased_type":["Relic","Card","Card"],"build_version":"2020-12-22","purchased_purges":2,"victory":false,"max_hp_per_floor":[75,75,75,75,75,75,75,75,75,75,75,75,75,75,75,75,75,75,75,75,75,75,75,75,75,75,75,75,75,75,75,75,75,75,75,75,75,75,75,75,75],"card_choices":[{"not_picked":["Steam","Turbo"],"picked":"Ball Lightning","floor":1},{"not_picked":["Hologram","Hello World"],"picked":"Conserve Battery","floor":2},{"not_picked":["Cold Snap","Coolheaded"],"picked":"Loop","floor":5},{"not_picked":["Reinforced Body","Beam Cell"],"picked":"Consume","floor":7},{"not_picked":["Beam Cell","Double Energy"],"picked":"Defragment","floor":11},{"not_picked":["Gash","Steam"],"picked":"Redo","floor":12},{"not_picked":["Leap","Go for the Eyes"],"picked":"Hologram","floor":14},{"not_picked":["Buffer","Hyperbeam"],"picked":"Electrodynamics","floor":16},{"not_picked":["Sweeping Beam+1","FTL","Go for the Eyes"],"picked":"SKIP","floor":18},{"not_picked":["Undo","Coolheaded"],"picked":"Redo","floor":20},{"not_picked":["Sweeping Beam","Go for the Eyes","Beam Cell"],"picked":"SKIP","floor":21},{"not_picked":["Turbo+1","Doom and Gloom","Stack"],"picked":"SKIP","floor":30},{"not_picked":["Doom and Gloom","Stack"],"picked":"Turbo+1","floor":30},{"not_picked":["BootSequence","Go for the Eyes"],"picked":"Ball Lightning","floor":31},{"not_picked":["Core Surge","Buffer"],"picked":"Amplify","floor":33},{"not_picked":["Beam Cell","Leap","Barrage"],"picked":"SKIP","floor":35},{"not_picked":["Turbo","Coolheaded","Steam Power+1"],"picked":"SKIP","floor":37},{"not_picked":["FTL","Cold Snap+1"],"picked":"Defragment+1","floor":38}],"player_experience":1071151,"relics_obtained":[{"floor":7,"key":"HornCleat"},{"floor":26,"key":"Regal Pillow"},{"floor":31,"key":"Thread and Needle"},{"floor":31,"key":"Nunchaku"}],"event_choices":[{"damage_healed":0,"gold_gain":0,"player_choice":"Success","damage_taken":12,"relics_obtained":["Mercury Hourglass"],"max_hp_gain":0,"max_hp_loss":0,"event_name":"Scrap Ooze","floor":3,"gold_loss":0},{"damage_healed":0,"gold_gain":0,"player_choice":"Bought 0 Potions","damage_taken":0,"max_hp_gain":0,"max_hp_loss":0,"event_name":"The Woman in Blue","floor":4,"gold_loss":0},{"cards_removed":["Strike_B"],"damage_healed":0,"gold_gain":0,"player_choice":"Card Removal","damage_taken":7,"max_hp_gain":0,"max_hp_loss":0,"event_name":"Golden Wing","floor":13,"gold_loss":0},{"damage_healed":0,"gold_gain":0,"player_choice":"1 cards matched","damage_taken":0,"max_hp_gain":0,"max_hp_loss":0,"event_name":"Match and Keep!","floor":19,"gold_loss":0,"cards_obtained":["Zap"]},{"damage_healed":0,"gold_gain":0,"player_choice":"Ignored","damage_taken":0,"max_hp_gain":0,"max_hp_loss":0,"event_name":"Ghosts","floor":24,"gold_loss":0},{"damage_healed":0,"gold_gain":0,"player_choice":"Ignored","damage_taken":0,"max_hp_gain":0,"max_hp_loss":0,"event_name":"Vampires","floor":27,"gold_loss":0},{"damage_healed":0,"gold_gain":0,"player_choice":"Upgraded","damage_taken":0,"max_hp_gain":0,"max_hp_loss":0,"event_name":"Upgrade Shrine","floor":28,"gold_loss":0,"cards_upgraded":["Redo"]},{"damage_healed":0,"gold_gain":0,"player_choice":"Forge","damage_taken":0,"max_hp_gain":0,"max_hp_loss":0,"event_name":"Accursed Blacksmith","floor":36,"gold_loss":0,"cards_upgraded":["Amplify"]}],"is_beta":false,"boss_relics":[{"not_picked":["Runic Pyramid","Astrolabe"],"picked":"Black Star"},{"not_picked":["Philosopher\u0027s Stone","Calling Bell"],"picked":"SacredBark"}],"items_purged_floors":[22,25],"is_endless":false,"potions_floor_spawned":[5,14,16,18,30],"killed_by":"Nemesis","ascension_level":5}}