{"host":"q9sqrn60n8lvmavn","time":1612477511,"event":{"mods":["AchievementEnabler","AlwaysNeverKeys","BaseMod","Better Third Choice","Better Vampires","Block Reminder","Colored Powertips","Curses Come First","DNKmod","Friendly Minions","Minty Spire (QoL Compilation)","Permanent Neow","Relic Filter Mod","StSLib","Weighted Paths"],"gold_per_floor":[1012,1031,877,877,900,934,949,949,949,949,949,413,453,476,476,601,601,620,441,459,558,473,512,512,531,531,567,610,660,685,709,709,837,837,850,865,311,311,324,324,363,363,413,413,448,469,512,533,533,533,533,533,36,75,75],"floor_reached":56,"language":"ENG","playtime":2936,"items_purged":["Defend_P","Eruption","Strike_P","Strike_P"],"score":2328,"play_id":"c0616329-751d-4130-9fe6-3f9026f36927","local_time":"20210204142511","is_ascension_mode":true,"campfire_choices":[{"data":"Vault","floor":10,"key":"SMITH"},{"data":"Prostrate","floor":15,"key":"SMITH"},{"data":"Scrawl","floor":24,"key":"SMITH"},{"data":"Prostrate","floor":32,"key":"SMITH"},{"data":"Wish","floor":40,"key":"SMITH"},{"data":"CutThroughFate","floor":42,"key":"SMITH"},{"data":"Scrawl","floor":44,"key":"SMITH"},{"data":"Wish","floor":49,"key":"SMITH"},{"data":"MentalFortress","floor":52,"key":"SMITH"}],"circlet_count":0,"master_deck":["AscendersBane","Strike_P+1","Defend_P+1","Vigilance","Scrawl+1","Vault+1","Prostrate+1","Secret Weapon","MentalFortress+1","Sanctity","Scrawl+1","CutThroughFate+1","CutThroughFate+1","Prostrate+1","Wish+1","Wish+1","Panache","Panache"],"relics":["PureWater","Question Card","Mercury Hourglass","White Beast Statue","Golden Idol","Lizard Tail","Gremlin Horn","Yang","Regal Pillow","Empty Cage","TeardropLocket","GoldenEye","Pantograph","Bronze Scales","Red Mask","SlaversCollar","Matryoshka","Happy Flower","Singing Bowl","Whetstone","Incense Burner","HornCleat","Bag of Preparation","DollysMirror","Anchor"],"acts_visited":["Exordium","TheCity","TheBeyond","TheEnding"],"potions_floor_usage":[6,13,16,16,25,27,28,31,33,33,41,45,47,54,55],"damage_taken":[{"damage":0,"enemies":"Cultist","floor":1,"turns":2},{"damage":0,"enemies":"Jaw Worm","floor":2,"turns":1},{"damage":0,"enemies":"Small Slimes","floor":5,"turns":2},{"damage":0,"enemies":"Lagavulin","floor":6,"turns":3},{"damage":0,"enemies":"Looter","floor":7,"turns":1},{"damage":4,"enemies":"Gremlin Nob","floor":13,"turns":4},{"damage":0,"enemies":"3 Louse","floor":14,"turns":2},{"damage":0,"enemies":"Hexaghost","floor":16,"turns":6},{"damage":0,"enemies":"Shell Parasite","floor":18,"turns":3},{"damage":0,"enemies":"Chosen","floor":20,"turns":3},{"damage":0,"enemies":"Gremlin Leader","floor":23,"turns":5},{"damage":0,"enemies":"3 Cultists","floor":25,"turns":2},{"damage":15,"enemies":"Slavers","floor":27,"turns":3},{"damage":0,"enemies":"Masked Bandits","floor":28,"turns":2},{"damage":0,"enemies":"Snake Plant","floor":30,"turns":2},{"damage":0,"enemies":"Shelled Parasite and Fungi","floor":31,"turns":2},{"damage":0,"enemies":"Champ","floor":33,"turns":4},{"damage":0,"enemies":"3 Shapes","floor":35,"turns":2},{"damage":0,"enemies":"3 Darklings","floor":36,"turns":2},{"damage":0,"enemies":"Maw","floor":39,"turns":5},{"damage":0,"enemies":"Reptomancer","floor":41,"turns":2},{"damage":0,"enemies":"Nemesis","floor":45,"turns":2},{"damage":0,"enemies":"Transient","floor":46,"turns":6},{"damage":6,"enemies":"Reptomancer","floor":47,"turns":3},{"damage":0,"enemies":"Spire Growth","floor":48,"turns":3},{"damage":0,"enemies":"Donu and Deca","floor":50,"turns":3},{"damage":7,"enemies":"Shield and Spear","floor":54,"turns":2},{"damage":97,"enemies":"The Heart","floor":55,"turns":7}],"seed_played":"-2129117294396128121","potions_obtained":[{"floor":1,"key":"DuplicationPotion"},{"floor":2,"key":"BottledMiracle"},{"floor":5,"key":"BlessingOfTheForge"},{"floor":6,"key":"AttackPotion"},{"floor":7,"key":"Strength Potion"},{"floor":13,"key":"ColorlessPotion"},{"floor":16,"key":"StancePotion"},{"floor":18,"key":"PowerPotion"},{"floor":25,"key":"Fire Potion"},{"floor":27,"key":"PowerPotion"},{"floor":28,"key":"Strength Potion"},{"floor":30,"key":"Ambrosia"},{"floor":31,"key":"LiquidBronze"},{"floor":33,"key":"BlessingOfTheForge"},{"floor":35,"key":"DistilledChaos"},{"floor":36,"key":"Dexterity Potion"},{"floor":41,"key":"AttackPotion"},{"floor":45,"key":"Ancient Potion"},{"floor":47,"key":"SpeedPotion"},{"floor":54,"key":"FairyPotion"}],"is_trial":false,"path_per_floor":["M","M","$","?","M","E","M","?","T","R","?","$","E","M","R","B",null,"M","$","M","?","?","E","R","M","T","E","?","?","M","M","R","B",null,"M","M","$","?","M","R","E","R","T","R","E","M","E","M","R","B",null,"R","$","E","B",null],"character_chosen":"WATCHER","items_purchased":["Scrawl","Yang","Secret Weapon","CutThroughFate","Matryoshka","Wish","Bag of Preparation","Panache","DollysMirror"],"campfire_rested":0,"item_purchase_floors":[3,12,12,19,37,37,53,53,53],"current_hp_per_floor":[100,100,100,75,75,75,75,80,80,80,59,59,55,55,55,55,93,93,93,93,93,93,93,93,93,93,78,78,78,78,78,78,103,105,105,105,105,105,105,105,105,105,105,105,105,107,103,105,105,111,111,111,111,106,16],"gold":75,"neow_bonus":"REMOVE_CARD","is_daily":false,"chose_seed":false,"campfire_upgraded":9,"win_rate":0.0,"timestamp":1612477511,"path_taken":["M","M","$","?","M","E","M","?","T","R","?","$","E","M","R","BOSS","M","$","M","?","?","E","R","M","T","E","?","?","M","?","R","BOSS","M","M","$","?","?","R","E","R","T","R","E","M","E","M","R","BOSS","R","$","E","BOSS"],"items_purchased_type":["Card","Relic","Card","Card","Relic","Card","Relic","Card","Relic"],"build_version":"2020-12-22","purchased_purges":4,"victory":true,"max_hp_per_floor":[100,100,100,100,100,100,100,105,105,105,105,105,105,105,105,105,105,105,105,105,105,105,105,105,105,105,105,105,105,105,105,105,105,105,105,105,105,105,105,105,105,105,105,105,105,107,109,111,111,111,111,111,111,113,113],"card_choices":[{"not_picked":["WindmillStrike","FollowUp","CrushJoints","ThirdEye"],"picked":"SKIP","floor":1},{"not_picked":["Swivel","SashWhip","Protect","JustLucky"],"picked":"SKIP","floor":2},{"not_picked":["JustLucky","SignatureMove","Halt"],"picked":"Vault","floor":5},{"not_picked":["WindmillStrike","Crescendo","Sanctity"],"picked":"Prostrate","floor":6},{"not_picked":["EmptyFist","ReachHeaven","PathToVictory","EmptyBody"],"picked":"SKIP","floor":7},{"not_picked":["Protect","ReachHeaven","SandsOfTime"],"picked":"MentalFortress","floor":13},{"not_picked":["PathToVictory","JustLucky","CrushJoints"],"picked":"Sanctity","floor":14},{"not_picked":["LessonLearned","Wish","Judgement"],"picked":"Scrawl","floor":16},{"not_picked":["FollowUp","Conclude","Consecrate","Worship"],"picked":"SKIP","floor":18},{"not_picked":["Consecrate","FlyingSleeves+1","LikeWater"],"picked":"CutThroughFate","floor":20},{"not_picked":["Fasting2+1","Conclude+1","FearNoEvil","DevaForm"],"picked":"SKIP","floor":23},{"not_picked":["Wireheading+1","JustLucky","EmptyBody","Halt"],"picked":"SKIP","floor":25},{"not_picked":["Crescendo+1","Consecrate","JustLucky","FollowUp"],"picked":"SKIP","floor":27},{"not_picked":["SashWhip","Nirvana+1","Sanctity+1","Consecrate"],"picked":"SKIP","floor":30},{"not_picked":["SignatureMove","Wallop","BattleHymn"],"picked":"Prostrate","floor":31},{"not_picked":["Meditate","BowlingBash+1","Worship","Crescendo+1"],"picked":"SKIP","floor":35},{"not_picked":["FlurryOfBlows+1","SandsOfTime+1","Consecrate+1","FlyingSleeves"],"picked":"SKIP","floor":36},{"not_picked":["FearNoEvil","CrushJoints+1","Protect","PathToVictory"],"picked":"SKIP","floor":39},{"not_picked":["Fasting2","ClearTheMind+1","WindmillStrike+1","Crescendo+1"],"picked":"SKIP","floor":41},{"not_picked":["FlurryOfBlows+1","FollowUp","BowlingBash"],"picked":"Wish","floor":45},{"not_picked":["EmptyBody","BowlingBash","Prostrate","Brilliance"],"picked":"Singing Bowl","floor":46},{"not_picked":["EmptyFist","Devotion","FollowUp","Crescendo"],"picked":"Singing Bowl","floor":47},{"not_picked":["JustLucky","ThirdEye+1","EmptyFist+1","Crescendo"],"picked":"Singing Bowl","floor":48},{"not_picked":["Consecrate+1","Protect","Swivel","BowlingBash+1"],"picked":"Singing Bowl","floor":54}],"player_experience":226672,"relics_obtained":[{"floor":6,"key":"Lizard Tail"},{"floor":9,"key":"Gremlin Horn"},{"floor":13,"key":"Regal Pillow"},{"floor":23,"key":"GoldenEye"},{"floor":26,"key":"Pantograph"},{"floor":27,"key":"Bronze Scales"},{"floor":28,"key":"Red Mask"},{"floor":41,"key":"Happy Flower"},{"floor":43,"key":"Singing Bowl"},{"floor":43,"key":"Whetstone"},{"floor":45,"key":"Incense Burner"},{"floor":47,"key":"HornCleat"},{"floor":54,"key":"Anchor"}],"event_choices":[{"damage_healed":0,"gold_gain":0,"player_choice":"Take Damage","damage_taken":25,"relics_obtained":["Golden Idol"],"max_hp_gain":0,"max_hp_loss":0,"event_name":"Golden Idol","floor":4,"gold_loss":0},{"damage_healed":0,"gold_gain":0,"player_choice":"Donut","damage_taken":0,"max_hp_gain":5,"max_hp_loss":0,"event_name":"Big Fish","floor":8,"gold_loss":0},{"damage_healed":80,"gold_gain":0,"player_choice":"Upgrade","damage_taken":21,"max_hp_gain":0,"max_hp_loss":105,"event_name":"betterThird:BetterShining","floor":11,"gold_loss":0,"cards_upgraded":["Strike_P","Defend_P"]},{"damage_healed":0,"gold_gain":99,"player_choice":"Steal","damage_taken":0,"max_hp_gain":0,"max_hp_loss":0,"event_name":"betterThird:BetterNest","floor":21,"gold_loss":0},{"damage_healed":0,"gold_gain":0,"player_choice":"Obtained Relic","damage_taken":0,"relics_obtained":["TeardropLocket"],"max_hp_gain":0,"max_hp_loss":0,"event_name":"Addict","floor":22,"gold_loss":85},{"damage_healed":0,"gold_gain":0,"player_choice":"Fought Bandits","damage_taken":0,"max_hp_gain":0,"max_hp_loss":0,"event_name":"Masked Bandits","floor":28,"gold_loss":0},{"damage_healed":0,"gold_gain":100,"player_choice":"Bet on Murderer","damage_taken":0,"max_hp_gain":0,"max_hp_loss":0,"event_name":"The Joust","floor":29,"gold_loss":50},{"damage_healed":0,"gold_gain":0,"player_choice":"Ignored","damage_taken":0,"max_hp_gain":0,"max_hp_loss":0,"event_name":"betterThird:BetterPortal","floor":38,"gold_loss":0}],"is_beta":false,"boss_relics":[{"not_picked":["HolyWater","Velvet Choker"],"picked":"Empty Cage"},{"not_picked":["Runic Pyramid","Runic Dome"],"picked":"SlaversCollar"}],"items_purged_floors":[3,12,19,37],"is_endless":false,"potions_floor_spawned":[1,2,5,6,7,13,14,16,18,20,23,25,27,28,30,31,33,35,36,39,41,45,46,47,48,54],"ascension_level":10}}