{"host":"jrulf9qy88x3vk31","time":1612459077,"event":{"mods":["BaseMod","Block Reminder","Colored Map","Colored Powertips","DeckTracker","GifTheSpireLib","Googly Eyes","Minty Spire (QoL Compilation)","Permanent Neow","Quick Restart","Rare Cards Sparkle","Relic Stats","StSLib","everything is the same but u backflip on backflip"],"gold_per_floor":[115,190,140,190,207,207,246,270,351,20,46,46,46,74,74,182,182,209,209,237,74,119,119,160,186,186,207,216,216,216],"floor_reached":29,"language":"ENG","playtime":2032,"items_purged":["Defend_P"],"score":329,"play_id":"35855729-afd3-4245-bbe2-8ae538f05d47","local_time":"20210205011757","is_ascension_mode":true,"campfire_choices":[{"data":"Protect","floor":6,"key":"SMITH"},{"data":"Adaptation","floor":12,"key":"SMITH"},{"data":"MentalFortress","floor":15,"key":"SMITH"},{"data":"Establishment","floor":23,"key":"SMITH"}],"circlet_count":0,"master_deck":["Defend_P","Defend_P","Defend_P","Eruption","Vigilance","Adaptation+1","Protect+1","EmptyMind","Vengeance","Good Instincts","CutThroughFate","MentalFortress+1","Establishment+1","JustLucky","WindmillStrike","MentalFortress","Perseverance","Bite","Bite","Bite","Bite","Bite","Worship+1","ReachHeaven","Crescendo","J.A.X."],"relics":["PureWater","Ancient Tea Set","Orichalcum","CeramicFish","Yang","TeardropLocket","Sozu","Pen Nib","Centennial Puzzle"],"acts_visited":["Exordium","TheCity"],"potions_floor_usage":[14,16],"damage_taken":[{"damage":0,"enemies":"Jaw Worm","floor":1,"turns":3},{"damage":0,"enemies":"2 Louse","floor":5,"turns":2},{"damage":26,"enemies":"Lagavulin","floor":7,"turns":8},{"damage":0,"enemies":"Cultist","floor":8,"turns":3},{"damage":2,"enemies":"2 Fungi Beasts","floor":11,"turns":4},{"damage":0,"enemies":"Exordium Thugs","floor":14,"turns":3},{"damage":18,"enemies":"The Guardian","floor":16,"turns":18},{"damage":10,"enemies":"Shell Parasite","floor":18,"turns":11},{"damage":0,"enemies":"Chosen","floor":20,"turns":9},{"damage":13,"enemies":"Gremlin Leader","floor":24,"turns":8},{"damage":7,"enemies":"Sentry and Sphere","floor":25,"turns":5},{"damage":18,"enemies":"Snake Plant","floor":27,"turns":3},{"damage":49,"enemies":"Book of Stabbing","floor":29,"turns":4}],"seed_played":"3156479524689847196","potions_obtained":[{"floor":1,"key":"EssenceOfSteel"},{"floor":7,"key":"Fire Potion"},{"floor":16,"key":"PowerPotion"}],"is_trial":false,"path_per_floor":["M","?","?","T","M","R","E","M","T","$","M","R","$","M","R","B",null,"M","?","M","$","?","R","E","M","T","M","?","E"],"character_chosen":"WATCHER","items_purchased":["TeardropLocket","Good Instincts","MentalFortress","Perseverance"],"campfire_rested":0,"item_purchase_floors":[10,10,21,21],"current_hp_per_floor":[72,61,61,61,61,61,35,35,35,35,33,33,33,33,33,15,58,48,41,41,41,41,41,41,42,42,30,30,0,0],"gold":216,"neow_bonus":"RANDOM_COMMON_RELIC","is_daily":false,"chose_seed":false,"campfire_upgraded":4,"win_rate":0.0,"timestamp":1612459077,"path_taken":["M","?","?","?","M","R","E","M","T","$","M","R","?","?","R","BOSS","M","?","M","?","?","R","E","?","T","M","?","E"],"items_purchased_type":["Relic","Card","Card","Card"],"build_version":"2020-12-22","purchased_purges":1,"victory":false,"max_hp_per_floor":[72,72,72,72,72,72,72,72,72,72,72,72,72,72,72,72,72,72,72,72,72,50,50,50,50,50,50,50,50,50],"relic_stats":{"Sozu":2,"Centennial Puzzle":[6],"counters":[13,81],"CeramicFish":171,"Yang":[120],"Pen Nib":[2],"Orichalcum":[90],"obtain_stats":[{"Sozu":17,"Centennial Puzzle":26,"CeramicFish":7,"Yang":9,"Pen Nib":24,"TeardropLocket":10,"PureWater":0,"Orichalcum":4,"Ancient Tea Set":0},{"Sozu":7,"Centennial Puzzle":11,"CeramicFish":3,"Yang":4,"Pen Nib":10,"TeardropLocket":4,"PureWater":0,"Orichalcum":1,"Ancient Tea Set":0},{"Sozu":41,"Centennial Puzzle":74,"CeramicFish":13,"Yang":16,"Pen Nib":69,"TeardropLocket":16,"PureWater":0,"Orichalcum":3,"Ancient Tea Set":0}]},"card_choices":[{"not_picked":["EmptyMind","JustLucky"],"picked":"Adaptation","floor":1},{"not_picked":["ThirdEye","CutThroughFate"],"picked":"Protect","floor":5},{"not_picked":["Crescendo","CutThroughFate"],"picked":"EmptyMind","floor":7},{"not_picked":["EmptyBody","FlyingSleeves"],"picked":"Vengeance","floor":8},{"not_picked":["EmptyBody","Study"],"picked":"CutThroughFate","floor":11},{"not_picked":["ForeignInfluence","Fasting2"],"picked":"MentalFortress","floor":14},{"not_picked":["SpiritShield","Wish"],"picked":"Establishment","floor":16},{"not_picked":["EmptyBody","Evaluate+1"],"picked":"JustLucky","floor":18},{"not_picked":["Prostrate+1","Evaluate"],"picked":"WindmillStrike","floor":20},{"not_picked":["FollowUp","EmptyFist"],"picked":"Worship+1","floor":24},{"not_picked":["FollowUp","Prostrate"],"picked":"ReachHeaven","floor":25},{"not_picked":["Collect","EmptyBody"],"picked":"Crescendo","floor":27}],"player_experience":743937,"relics_obtained":[{"floor":4,"key":"Orichalcum"},{"floor":7,"key":"CeramicFish"},{"floor":9,"key":"Yang"},{"floor":24,"key":"Pen Nib"},{"floor":26,"key":"Centennial Puzzle"}],"event_choices":[{"damage_healed":0,"gold_gain":75,"player_choice":"Gather Gold","damage_taken":11,"max_hp_gain":0,"max_hp_loss":0,"event_name":"World of Goop","floor":2,"gold_loss":0},{"cards_removed":["Strike_P"],"damage_healed":0,"gold_gain":0,"player_choice":"Card Removal","damage_taken":0,"max_hp_gain":0,"max_hp_loss":0,"event_name":"The Cleric","floor":3,"gold_loss":50},{"damage_healed":0,"gold_gain":0,"player_choice":"Damaged","damage_taken":7,"max_hp_gain":0,"max_hp_loss":0,"event_name":"Wheel of Change","floor":19,"gold_loss":0},{"damage_healed":0,"gold_gain":0,"player_choice":"Became a vampire","damage_taken":0,"max_hp_gain":0,"max_hp_loss":22,"event_name":"Vampires","floor":22,"gold_loss":0,"cards_obtained":["Bite","Bite","Bite","Bite","Bite"]},{"damage_healed":0,"gold_gain":0,"player_choice":"Obtain J.A.X.","damage_taken":0,"max_hp_gain":0,"max_hp_loss":0,"event_name":"Drug Dealer","floor":28,"gold_loss":0,"cards_obtained":["J.A.X."]}],"is_beta":false,"boss_relics":[{"not_picked":["Astrolabe","Calling Bell"],"picked":"Sozu"}],"items_purged_floors":[21],"is_endless":false,"potions_floor_spawned":[1,7,16,24,25],"killed_by":"Book of Stabbing","ascension_level":5}}