{"host":"lp6boqf0kvb82b8p","time":1612417440,"event":{"mods":["100% Spire Juice","A Magickal Journey","AchievementEnabler","Act Like it!","Ascension Reborn","Aspiration","Bartender","BaseMod","Bestiary","Better Altar","Better Match","Better Note","Better Sensory Stone","Better Silent Start","Better Skull","Better Third Choice","Better Vampires","BetterRewards","Block Reminder","CapriCore","Challenge The Spire","Chen","Colored Powertips","Conspire","DeckTracker","Downfall","Duelist Mod","Elementarium","Gensokyo","GifTheSpireLib","Glutton Mod","Hallownest","Hermit","Hero for Fun","Highlight Path","HololiveMod","Hubris","Infinite Spire","KinomotoSakuraMod(????)","Koishi","LagranYue(???·?)","Lobotomy","LobotomyExtend","Luminous","Mad Scientist","Mari Mod (Legacy)","Mari\u0027s V1 Patch","Marisa????????","Marked Mod","Melee Mod","Minty Spire (QoL Compilation)","Nova Terra(??·??)","Prisma Mod","Railgun Mod","Rare Cards Sparkle","Relic Stats","Remilia_Scarlet Moed?????·?????3.3.5","Remilia??????","Replay The Spire","Reworked Bosses","RumiaBox-????????","StSLib","Stuff the Spire","The Administrix","The Alterego","The Blue Laboratory","The Bug Knight","The Construct","The Cursed","The Disciple","The Fake Hero","The Immortal","The Jungle","The Necromancer","The Poker Player","The Runesmith","The Sage","The Senshi","The Wild Card","TheBandit","TheHeartMod","TheHero","TheSwordswoman","Uncapped","Wandering Minibosses","WarShipGirlsR/????R mod","Yakumo Yukari mod","Youmu??????","Yuyuko","[IsaacMod]????","??????REMEMod"],"gold_per_floor":[119,146,160,85,3,103,113,123,123,123,143,170,270,292,292,292,292],"floor_reached":16,"language":"ENG","playtime":1916,"items_purged":[],"score":104,"play_id":"5ea7f5aa-1358-44a6-b31d-9b83dec333ed","local_time":"20210203214400","is_ascension_mode":true,"campfire_choices":[{"floor":10,"key":"REST"},{"floor":15,"key":"REST"}],"circlet_count":0,"master_deck":["AdministrixMod:Strike_Administrix","AdministrixMod:Strike_Administrix","AdministrixMod:Strike_Administrix","AdministrixMod:Strike_Administrix","AdministrixMod:RedCloak","AdministrixMod:Defend_Administrix","AdministrixMod:Defend_Administrix","AdministrixMod:Defend_Administrix","AdministrixMod:Defend_Administrix","AdministrixMod:BlueCloak","PrismaMod:MiyuCarnivalDefend","AdministrixMod:DiversionaryTactic+1","AdministrixMod:BishamonBlessing","AdministrixMod:CastOffRegrets","AdministrixMod:FuneraryRites","AdministrixMod:UnstableVigor","AdministrixMod:Untouchable","AdministrixMod:Katabasis","AdministrixMod:DreamsMausoleum","AdministrixMod:SealAway","AdministrixMod:WickedPunishment","AdministrixMod:ImmortalGrace","downfall:Haunted","downfall:Haunted","downfall:Bewildered","AdministrixMod:BrewingCloister","ReplayTheSpireMod:Restless Dread","AdministrixMod:CenturiesAscent","AdministrixMod:FeastOfDew","AdministrixMod:Transition","AdministrixMod:SyncreticPlunge","AdministrixMod:PassageOfAges"],"relics":["AdministrixMod:ConductorRitualBaton","HushsDoor","REME_ComplimentaryCards","TuHaoJin","LagranYue:RandomDrawCardRelic","Ancient Tea Set","AddBug","SecretRecord","Baka2","SecretRecord","SecretRecord"],"acts_visited":["Gensokyo:Gensokyo"],"potions_floor_usage":[],"damage_taken":[{"damage":3,"enemies":"Gensokyo:3_Fairies","floor":1,"turns":4},{"damage":8,"enemies":"Gensokyo:Gryphon","floor":2,"turns":3},{"damage":6,"enemies":"Gensokyo:2_Kodama","floor":3,"turns":4},{"damage":26,"enemies":"Gensokyo:VengefulSpirit","floor":7,"turns":5},{"damage":2,"enemies":"Gensokyo:2_Rabbits","floor":8,"turns":3},{"damage":9,"enemies":"Gensokyo:3_Kodama","floor":11,"turns":6},{"damage":27,"enemies":"Gensokyo:Cirno","floor":12,"turns":13},{"damage":4,"enemies":"Gensokyo:LivingMonolith","floor":14,"turns":2},{"damage":46,"enemies":"Gensokyo:Reimu","floor":16,"turns":9}],"seed_played":"-4839208087441501161","potions_obtained":[{"floor":8,"key":"SteroidPotion"},{"floor":14,"key":"Flashbang"}],"is_trial":false,"path_per_floor":["M","M","M","?","$","?","M","M","T","R","M","E","?","M","R","B"],"character_chosen":"TheAdministrix","items_purchased":["AdministrixMod:DiversionaryTactic+1","AdministrixMod:BishamonBlessing","AdministrixMod:CastOffRegrets","AdministrixMod:FuneraryRites","Ancient Tea Set","AdministrixMod:UnstableVigor","AdministrixMod:Untouchable","AdministrixMod:WickedPunishment","AdministrixMod:ImmortalGrace"],"campfire_rested":2,"item_purchase_floors":[0,0,0,0,0,0,0,5,5],"current_hp_per_floor":[55,47,34,34,34,34,34,32,32,53,44,17,17,13,34,0,0],"gold":292,"neow_bonus":"","is_daily":false,"chose_seed":false,"campfire_upgraded":0,"win_rate":0.0,"timestamp":1612417440,"path_taken":["M","M","?","?","$","?","M","M","T","R","M","E","?","M","R","BOSS"],"items_purchased_type":["Card","Card","Card","Card","Relic","Card","Card","Card","Card"],"build_version":"2020-12-22","purchased_purges":0,"victory":false,"max_hp_per_floor":[65,65,72,72,72,72,72,72,72,72,72,72,72,72,72,72,72],"relic_stats":{"counters":[27,110],"obtain_stats":[{"KeepersGift":0,"LagranYue:RandomDrawCardRelic":0,"BelialBook":0,"AddBug":1,"SecretRecord":1,"AdministrixMod:ConductorRitualBaton":2,"Baka":1,"Hololive_TheOnlyOne":3,"Ancient Tea Set":0,"CogitoBucket":0,"StuffTheSpire:Gunfinga":0,"Baka2":3,"Moonworks:Homemark":0,"Hololive_TheStar":3,"TuHaoJin":2,"LetterFromLob":1,"HushsDoor":0,"Moonworks:BrokenBomb":0,"REME_ComplimentaryCards":0},{"KeepersGift":0,"LagranYue:RandomDrawCardRelic":0,"BelialBook":0,"AddBug":1,"SecretRecord":1,"AdministrixMod:ConductorRitualBaton":20,"Baka":11,"Hololive_TheOnlyOne":12,"Ancient Tea Set":18,"CogitoBucket":0,"StuffTheSpire:Gunfinga":10,"Baka2":12,"Moonworks:Homemark":0,"Hololive_TheStar":12,"TuHaoJin":20,"LetterFromLob":1,"HushsDoor":0,"Moonworks:BrokenBomb":0,"REME_ComplimentaryCards":0},{"KeepersGift":0,"LagranYue:RandomDrawCardRelic":0,"BelialBook":0,"AddBug":3,"SecretRecord":3,"AdministrixMod:ConductorRitualBaton":68,"Baka":37,"Hololive_TheOnlyOne":41,"Ancient Tea Set":61,"CogitoBucket":0,"StuffTheSpire:Gunfinga":35,"Baka2":41,"Moonworks:Homemark":0,"Hololive_TheStar":41,"TuHaoJin":68,"LetterFromLob":3,"HushsDoor":0,"Moonworks:BrokenBomb":0,"REME_ComplimentaryCards":0}]},"card_choices":[{"not_picked":[],"picked":"ChaosCard","floor":0},{"not_picked":["AdministrixMod:RebukeDesires","AdministrixMod:RegentEdict"],"picked":"AdministrixMod:Katabasis","floor":1},{"not_picked":["AdministrixMod:Untouchable","AdministrixMod:AmassedMasks"],"picked":"AdministrixMod:DreamsMausoleum","floor":2},{"not_picked":["AdministrixMod:ExtolVirtue","AdministrixMod:BloodlessSapphire"],"picked":"AdministrixMod:SealAway","floor":3},{"not_picked":["AdministrixMod:QuietConspiracy","AdministrixMod:BloodlessSapphire"],"picked":"AdministrixMod:CenturiesAscent","floor":7},{"not_picked":["AdministrixMod:TouchOfCinnabar","AdministrixMod:ShadowPlay"],"picked":"AdministrixMod:FeastOfDew","floor":8},{"not_picked":["AdministrixMod:CrackingPangu","AdministrixMod:DiversionaryTactic"],"picked":"AdministrixMod:Transition","floor":11},{"not_picked":["AdministrixMod:Transition","AdministrixMod:AmassedMasks"],"picked":"AdministrixMod:SyncreticPlunge","floor":12},{"not_picked":["AdministrixMod:SipOfSparks","AdministrixMod:SyncreticPlunge"],"picked":"AdministrixMod:PassageOfAges","floor":14}],"player_experience":30336,"relics_obtained":[{"floor":1,"key":"AddBug"},{"floor":1,"key":"Baka"},{"floor":1,"key":"LetterFromLob"},{"floor":2,"key":"Baka2"},{"floor":2,"key":"LetterFromLob"},{"floor":3,"key":"LetterFromLob"},{"floor":7,"key":"SecretRecord"},{"floor":7,"key":"LetterFromLob"},{"floor":8,"key":"LetterFromLob"},{"floor":9,"key":"UnicornStump"},{"floor":11,"key":"SecretRecord"},{"floor":11,"key":"LetterFromLob"},{"floor":12,"key":"Orichalcum"},{"floor":12,"key":"Blood Vial"},{"floor":12,"key":"LetterFromLob"},{"floor":14,"key":"LetterFromLob"}],"event_choices":[{"damage_healed":0,"gold_gain":0,"player_choice":"3","damage_taken":0,"max_hp_gain":0,"max_hp_loss":0,"event_name":"betterMatch:BetterMatch","floor":4,"gold_loss":0,"cards_obtained":[]}],"is_beta":false,"boss_relics":[],"items_purged_floors":[],"is_endless":false,"potions_floor_spawned":[2,8,11,14],"killed_by":"Gensokyo:Reimu","ascension_level":0}}