{"host":"roqztpbdbchtekes","time":1612432895,"event":{"mods":["A Magickal Journey","AchievementEnabler","BaseMod","Better Note","Better Third Choice","BetterRewards","Block Reminder","Colored Map","Colored Powertips","Curses Come First","DeckTracker","Minty Spire (QoL Compilation)","Relic Stats","Spicy Shops","StSLib"],"gold_per_floor":[119,119,119,138,149,149,181,2,2,2,2,2,17,42,42,145,145,159,172,172,184,200,232,232,262,262,588,588,588],"floor_reached":28,"language":"ENG","playtime":1465,"items_purged":["Parasite"],"score":428,"play_id":"9d729da1-60ce-4d3d-9148-b415c50b467a","local_time":"20210204110135","is_ascension_mode":true,"campfire_choices":[{"data":"Pommel Strike","floor":6,"key":"SMITH"},{"data":"Inflame","floor":10,"key":"SMITH"},{"data":"Headbutt","floor":12,"key":"SMITH"},{"data":"Whirlwind","floor":15,"key":"SMITH"},{"floor":24,"key":"REST"}],"circlet_count":0,"master_deck":["Strike_R","Strike_R+1","Strike_R+1","Strike_R+1","Strike_R","Defend_R","Defend_R","Defend_R","Defend_R","Bash+1","Pommel Strike+1","Headbutt+1","Inflame+1","Whirlwind+1","Clash+1","Corruption+1","Clash+1","Heavy Blade+1","Inflame","Shockwave+1","Flame Barrier+1","Feel No Pain"],"relics":["Burning Blood","NeowsBlessing","Mango","Toxic Egg 2","Ornamental Fan","Molten Egg 2","Sozu","Smiling Mask","Whetstone","Pear","Old Coin"],"acts_visited":["Exordium","TheCity"],"potions_floor_usage":[7,14,16],"damage_taken":[{"damage":0,"enemies":"Jaw Worm","floor":1,"turns":1},{"damage":0,"enemies":"Small Slimes","floor":4,"turns":1},{"damage":0,"enemies":"Cultist","floor":5,"turns":1},{"damage":20,"enemies":"3 Sentries","floor":7,"turns":7},{"damage":9,"enemies":"Red Slaver","floor":13,"turns":3},{"damage":26,"enemies":"Lagavulin","floor":14,"turns":6},{"damage":0,"enemies":"Slime Boss","floor":16,"turns":4},{"damage":2,"enemies":"3 Byrds","floor":18,"turns":4},{"damage":19,"enemies":"2 Thieves","floor":19,"turns":3},{"damage":16,"enemies":"Centurion and Healer","floor":21,"turns":3},{"damage":18,"enemies":"Snecko","floor":22,"turns":3},{"damage":54,"enemies":"Slavers","floor":23,"turns":5},{"damage":19,"enemies":"Book of Stabbing","floor":25,"turns":5},{"damage":18,"enemies":"Slavers","floor":27,"turns":4},{"damage":8,"enemies":"Colosseum Slavers","floor":28,"turns":4},{"damage":26,"enemies":"Colosseum Nobs","floor":28,"turns":4}],"seed_played":"-3782235815182917481","potions_obtained":[{"floor":5,"key":"LiquidMemories"},{"floor":13,"key":"Dexterity Potion"},{"floor":14,"key":"AttackPotion"}],"is_trial":false,"path_per_floor":["M","?","?","M","M","R","E","$","T","R","$","R","M","E","R","B",null,"M","M","?","M","M","E","R","E","T","E","?"],"character_chosen":"IRONCLAD","items_purchased":["Ornamental Fan"],"campfire_rested":1,"item_purchase_floors":[8],"current_hp_per_floor":[80,64,78,84,90,90,76,76,76,76,76,76,73,53,53,59,91,91,78,78,68,56,8,35,22,32,20,0,0],"gold":588,"neow_bonus":"THREE_ENEMY_KILL","is_daily":false,"chose_seed":false,"campfire_upgraded":4,"win_rate":0.0,"timestamp":1612432895,"path_taken":["M","?","?","?","M","R","E","$","T","R","?","R","M","E","R","BOSS","M","M","?","?","M","E","R","E","T","E","?"],"items_purchased_type":["Relic"],"build_version":"2020-12-22","purchased_purges":1,"victory":false,"max_hp_per_floor":[80,80,94,94,94,94,94,91,91,91,91,91,91,91,91,91,91,91,91,91,91,91,91,91,91,101,101,101,101],"relic_stats":{"Sozu":3,"counters":[22,81],"Ornamental Fan":[48],"Whetstone":["Strike_R","Strike_R"],"Smiling Mask":0,"obtain_stats":[{"Pear":26,"NeowsBlessing":0,"Golden Idol":2,"Mango":3,"Whetstone":25,"Smiling Mask":23,"Burning Blood":0,"Old Coin":27,"Sozu":17,"Shuriken":9,"Ornamental Fan":8,"Molten Egg 2":14,"Membership Card":5,"Toxic Egg 2":7,"Unceasing Top":6},{"Pear":19,"NeowsBlessing":6,"Golden Idol":1,"Mango":7,"Whetstone":19,"Smiling Mask":18,"Burning Blood":0,"Old Coin":20,"Sozu":13,"Shuriken":4,"Ornamental Fan":10,"Molten Egg 2":12,"Membership Card":2,"Toxic Egg 2":10,"Unceasing Top":3},{"Pear":69,"NeowsBlessing":23,"Golden Idol":6,"Mango":24,"Whetstone":69,"Smiling Mask":64,"Burning Blood":0,"Old Coin":73,"Sozu":46,"Shuriken":17,"Ornamental Fan":33,"Molten Egg 2":42,"Membership Card":9,"Toxic Egg 2":33,"Unceasing Top":14}],"Burning Blood":110},"card_choices":[{"not_picked":["True Grit","Rampage"],"picked":"Havoc","floor":1},{"not_picked":["Battle Trance","Clothesline"],"picked":"Pommel Strike","floor":4},{"not_picked":["Sever Soul","Twin Strike"],"picked":"Headbutt","floor":5},{"not_picked":["Rupture","Intimidate+1"],"picked":"Inflame","floor":7},{"not_picked":["Rampage","Shrug It Off+1"],"picked":"Whirlwind","floor":13},{"not_picked":["Uppercut+1","Battle Trance+1"],"picked":"Clash+1","floor":14},{"not_picked":["Juggernaut","Exhume+1"],"picked":"Corruption","floor":16},{"not_picked":["Armaments+1","Perfected Strike+1"],"picked":"Clash+1","floor":18},{"not_picked":["Dual Wield+1","Body Slam+1"],"picked":"Heavy Blade+1","floor":19},{"not_picked":["Headbutt+1","Body Slam+1"],"picked":"Inflame","floor":21},{"not_picked":["Armaments+1","Havoc+1"],"picked":"Shockwave+1","floor":22},{"not_picked":["Whirlwind+1","Rage+1"],"picked":"Flame Barrier+1","floor":23},{"not_picked":["Warcry+1","Clothesline+1","Entrench+1"],"picked":"SKIP","floor":25},{"not_picked":["Twin Strike+1","Bloodletting+1"],"picked":"Feel No Pain","floor":27}],"player_experience":320374,"relics_obtained":[{"floor":7,"key":"Toxic Egg 2"},{"floor":14,"key":"Molten Egg 2"},{"floor":23,"key":"Smiling Mask"},{"floor":25,"key":"Whetstone"},{"floor":26,"key":"Pear"},{"floor":27,"key":"Old Coin"}],"event_choices":[{"damage_healed":80,"gold_gain":0,"player_choice":"Upgrade","damage_taken":16,"max_hp_gain":0,"max_hp_loss":80,"event_name":"betterThird:BetterShining","floor":2,"gold_loss":0,"cards_upgraded":["Strike_R","Bash"]},{"cards_removed":["Havoc"],"damage_healed":0,"gold_gain":0,"player_choice":"Gave Card","damage_taken":0,"relics_obtained":["Mango"],"max_hp_gain":0,"max_hp_loss":0,"event_name":"WeMeetAgain","floor":3,"gold_loss":0},{"damage_healed":0,"gold_gain":0,"player_choice":"Forge","damage_taken":0,"max_hp_gain":0,"max_hp_loss":0,"event_name":"Accursed Blacksmith","floor":20,"gold_loss":0,"cards_upgraded":["Corruption"]},{"damage_healed":0,"gold_gain":0,"player_choice":"Fight","damage_taken":0,"max_hp_gain":0,"max_hp_loss":0,"event_name":"Colosseum","floor":28,"gold_loss":0},{"damage_healed":0,"gold_gain":0,"player_choice":"Fought Nobs","damage_taken":0,"max_hp_gain":0,"max_hp_loss":0,"event_name":"Colosseum","floor":28,"gold_loss":0}],"is_beta":false,"boss_relics":[{"not_picked":["Philosopher\u0027s Stone","SacredBark"],"picked":"Sozu"}],"items_purged_floors":[8],"is_endless":false,"potions_floor_spawned":[5,13,14,18,19,22],"killed_by":"Colosseum Nobs","ascension_level":4}}