{"host":"jwbw4f4imxd0v0b0","time":1612407572,"event":{"mods":["BaseMod","Colored Map","Highlight Path","Minty Spire (QoL Compilation)","Relic Stats","StSLib"],"gold_per_floor":[368,21,21,31,31,31,62,62,62,62,62],"floor_reached":10,"language":"ENG","playtime":379,"items_purged":["Shame"],"score":128,"play_id":"93201eb4-1ab6-4628-9414-c190c6046433","local_time":"20210203205932","is_ascension_mode":true,"campfire_choices":[{"data":"Beam Cell","floor":6,"key":"SMITH"}],"circlet_count":0,"master_deck":["AscendersBane","Strike_B","Strike_B","Strike_B","Strike_B","Defend_B","Defend_B","Defend_B","Defend_B","Zap","Dualcast","Beam Cell+1","Auto Shields+1","Go for the Eyes","Parasite"],"relics":["Cracked Core","Toxic Egg 2","InkBottle","DataDisk","White Beast Statue"],"acts_visited":["Exordium"],"potions_floor_usage":[],"damage_taken":[{"damage":6,"enemies":"Cultist","floor":1,"turns":3},{"damage":7,"enemies":"Jaw Worm","floor":4,"turns":3},{"damage":45,"enemies":"3 Sentries","floor":7,"turns":13},{"damage":72,"enemies":"Gremlin Nob","floor":10,"turns":4}],"seed_played":"4781076487982483003","potions_obtained":[],"is_trial":false,"path_per_floor":["M","$","?","M","?","R","E","?","T","E"],"character_chosen":"DEFECT","items_purchased":["Toxic Egg 2"],"campfire_rested":0,"item_purchase_floors":[2],"current_hp_per_floor":[58,58,53,46,69,69,24,41,41,0,0],"gold":62,"neow_bonus":"TWO_FIFTY_GOLD","is_daily":false,"chose_seed":false,"campfire_upgraded":1,"win_rate":0.0,"timestamp":1612407572,"path_taken":["M","$","?","M","?","R","E","?","T","E"],"items_purchased_type":["Relic"],"build_version":"2020-12-22","purchased_purges":1,"victory":false,"max_hp_per_floor":[71,71,71,71,71,71,71,71,71,71,71],"relic_stats":{"counters":[4,23],"obtain_stats":[{"DataDisk":7,"Toxic Egg 2":2,"Cracked Core":0,"InkBottle":3,"White Beast Statue":9},{"DataDisk":3,"Toxic Egg 2":1,"Cracked Core":0,"InkBottle":1,"White Beast Statue":3},{"DataDisk":19,"Toxic Egg 2":3,"Cracked Core":0,"InkBottle":3,"White Beast Statue":19}],"InkBottle":[4]},"card_choices":[{"not_picked":["Chaos","Rebound"],"picked":"Beam Cell","floor":1},{"not_picked":["FTL","Streamline"],"picked":"Auto Shields+1","floor":4},{"not_picked":["Rip and Tear","Aggregate+1"],"picked":"Go for the Eyes","floor":7}],"player_experience":1201421,"relics_obtained":[{"floor":7,"key":"DataDisk"},{"floor":9,"key":"White Beast Statue"}],"event_choices":[{"damage_healed":0,"gold_gain":0,"player_choice":"Success","damage_taken":5,"relics_obtained":["InkBottle"],"max_hp_gain":0,"max_hp_loss":0,"event_name":"Scrap Ooze","floor":3,"gold_loss":0},{"damage_healed":23,"gold_gain":0,"player_choice":"Banana","damage_taken":0,"max_hp_gain":0,"max_hp_loss":0,"event_name":"Big Fish","floor":5,"gold_loss":0},{"damage_healed":17,"gold_gain":0,"player_choice":"Healed and dodged fight","damage_taken":0,"max_hp_gain":0,"max_hp_loss":0,"event_name":"Mushrooms","floor":8,"gold_loss":0,"cards_obtained":["Parasite"]}],"is_beta":false,"boss_relics":[],"items_purged_floors":[2],"is_endless":false,"potions_floor_spawned":[],"killed_by":"Gremlin Nob","ascension_level":20}}