{"host":"vyiqbz5w606ur92t","time":1612482187,"event":{"mods":["BaseMod","Downfall","Minty Spire (QoL Compilation)","StSLib"],"gold_per_floor":[99,110,126,126,226,239,239,239,251,4,82,109,109,134,149,248,248,148,159,159,170,181,11,11,21,46,60,95,95,115,115,133,231,231,131,149,165,193,247,277,302,329,329,229,254,31,63,83,95,95,95,95],"floor_reached":50,"language":"ENG","playtime":8110,"items_purged":["downfall:Malfunctioning"],"score":927,"play_id":"0b632879-88ee-4d80-8cf9-1f35e71e3880","local_time":"20210204234307","is_ascension_mode":true,"campfire_choices":[{"data":"sneckomod:DiceBoulder","floor":1,"key":"SMITH"},{"data":"sneckomod:DiceBoulder+1","floor":8,"key":"SMITH"},{"floor":18,"key":"RECALL"},{"floor":35,"key":"REST"},{"floor":44,"key":"REST"}],"circlet_count":0,"master_deck":["sneckomod:TailWhip","sneckomod:Unknown+1","sneckomod:Unknown+1","sneckomod:DiceBoulder+2","sneckomod:Unknown0Cost+1","sneckomod:Restock+1","sneckomod:ImprovisedAttack","sneckomod:UnknownExhaust","sneckomod:Unknown1Cost+1","sneckomod:CheapStock","sneckomod:DiceBlock+1","sneckomod:UnknownUncommonPower+1","sneckomod:QuickMove+1","sneckomod:ImprovisedGuard+1","sneckomod:UnknownRareAttack","sneckomod:UnknownRareSkill+1","sneckomod:UnknownRarePower+1","sneckomod:UnendingSupply","sneckomod:QuickBite+1","sneckomod:Nope+1","sneckomod:SoulRoll","sneckomod:UnknownBlock","sneckomod:MorePower+1","sneckomod:UnknownX+1","sneckomod:UnknownVulnerable+1","sneckomod:UnknownVulnerable+1","sneckomod:Cheat","sneckomod:UnknownUncommonSkill+1","sneckomod:UnknownWeak+1","sneckomod:UnknownDraw+1","sneckomod:DiceCrush+1","sneckomod:SoulExchange","sneckomod:UnknownX+1","sneckomod:Rotation","sneckomod:UnknownColorless+1","sneckomod:QuickBite+1","sneckomod:Unknown3Cost+1","sneckomod:Unknown2Cost+1","sneckomod:PureSnecko+1","sneckomod:Transmogrify","sneckomod:UnknownDraw+1","sneckomod:UnknownRareAttack+1","sneckomod:CheapStock+1","hexamod:SixthSeal","sneckomod:QuickMove","sneckomod:UnknownBoss+1","sneckomod:UnknownStrength+1","Multi-Cast+1","sneckomod:SerpentMind+1","sneckomod:UnknownX+1","sneckomod:UnknownExhaust+1","sneckomod:Nope+1","sneckomod:UnknownRarePower+1","sneckomod:UnknownClassTHE_CHAMP_GRAY","sneckomod:UnknownClassHEXA_GHOST_PURPLE","sneckomod:UnknownRarePower+1","sneckomod:UnknownBlock+1","sneckomod:SnekBeam+1","sneckomod:Unknown0Cost+1","sneckomod:Rotation+1","sneckomod:UnknownBoss+1","sneckomod:UnendingSupply+1","sneckomod:UnknownRareSkill+1","hexamod:SixthSeal","sneckomod:UnknownRarePower+1","sneckomod:UnknownRarePower+1"],"relics":["Pandora\u0027s Box","sneckomod:RareBoosterPack","Frozen Egg 2","Fusion Hammer","downfall:HeartBlessingGreen","War Paint","CaptainsWheel","Busted Crown","downfall:HeartBlessingRed","hexamod:BolsterEngine","CaptainsWheel","InkBottle","Bird Faced Urn","Sundial","downfall:HeartBlessingBlue","Kunai","Bottled Flame","Akabeko","StrikeDummy","Anchor","sneckomod:LoadedDie"],"acts_visited":["Exordium","TheCity","TheBeyond"],"potions_floor_usage":[12,14,16,16,21,21,28,39,40,40,46,47,49],"damage_taken":[{"damage":0,"enemies":"Small Slimes","floor":2,"turns":3},{"damage":6,"enemies":"2 Louse","floor":3,"turns":2},{"damage":8,"enemies":"Jaw Worm","floor":6,"turns":3},{"damage":0,"enemies":"Blue Slaver","floor":9,"turns":3},{"damage":2,"enemies":"downfall:FleeingMerchant","floor":10,"turns":4},{"damage":8,"enemies":"Lagavulin","floor":12,"turns":5},{"damage":1,"enemies":"3 Sentries","floor":14,"turns":7},{"damage":0,"enemies":"3 Louse","floor":15,"turns":4},{"damage":42,"enemies":"DF_ARCHETYPE_STREAMLINE","floor":16,"turns":8},{"damage":0,"enemies":"Shell Parasite","floor":19,"turns":6},{"damage":10,"enemies":"3 Byrds","floor":21,"turns":3},{"damage":23,"enemies":"Cultist and Chosen","floor":22,"turns":5},{"damage":10,"enemies":"downfall:FleeingMerchant","floor":23,"turns":4},{"damage":0,"enemies":"Centurion and Healer","floor":25,"turns":4},{"damage":7,"enemies":"Slavers","floor":26,"turns":4},{"damage":0,"enemies":"Snake Plant","floor":27,"turns":3},{"damage":38,"enemies":"Gremlin Leader","floor":28,"turns":7},{"damage":20,"enemies":"3 Cultists","floor":30,"turns":6},{"damage":0,"enemies":"Shelled Parasite and Fungi","floor":32,"turns":5},{"damage":18,"enemies":"SI_MIRROR_ARCHETYPE","floor":33,"turns":9},{"damage":0,"enemies":"Orb Walker","floor":36,"turns":2},{"damage":0,"enemies":"3 Shapes","floor":37,"turns":2},{"damage":36,"enemies":"Maw","floor":38,"turns":8},{"damage":23,"enemies":"2 Orb Walkers","floor":39,"turns":4},{"damage":58,"enemies":"Reptomancer","floor":40,"turns":5},{"damage":40,"enemies":"Nemesis","floor":42,"turns":5},{"damage":24,"enemies":"Giant Head","floor":45,"turns":6},{"damage":11,"enemies":"downfall:FleeingMerchant","floor":46,"turns":4},{"damage":37,"enemies":"Nemesis","floor":47,"turns":7},{"damage":32,"enemies":"Jaw Worm Horde","floor":48,"turns":4},{"damage":24,"enemies":"Transient","floor":49,"turns":5},{"damage":108,"enemies":"IC_BLOCK_ARCHETYPE","floor":50,"turns":6}],"seed_played":"-563554039009817967","potions_obtained":[{"floor":3,"key":"CultistPotion"},{"floor":9,"key":"Dexterity Potion"},{"floor":12,"key":"Block Potion"},{"floor":14,"key":"sneckomod:MuddlingPotion"},{"floor":15,"key":"Slimebound:ThreeZeroPotion"},{"floor":16,"key":"LiquidBronze"},{"floor":22,"key":"FairyPotion"},{"floor":22,"key":"FairyPotion"},{"floor":25,"key":"LiquidBronze"},{"floor":32,"key":"sneckomod:OffclassReductionPotion"},{"floor":33,"key":"Explosive Potion"},{"floor":39,"key":"sneckomod:OffclassReductionPotion"},{"floor":40,"key":"Guardian:BlockOnCardUsePotion"},{"floor":42,"key":"Swift Potion"},{"floor":45,"key":"Strength Potion"}],"is_trial":false,"path_per_floor":["R","M","M","?","?","M","T","R","M","$","T","E","?","E","M","B",null,"R","M","?","M","M","$","T","M","E","M","E","?","M","?","M","B",null,"R","M","M","M","?","E","T","E","?","R","E","$","E","M","M","B"],"character_chosen":"THE_SNECKO","items_purchased":["sneckomod:RareBoosterPack","sneckomod:UnendingSupply","sneckomod:QuickBite","sneckomod:Rotation","Kunai","Bottled Flame","Swift Potion"],"campfire_rested":2,"item_purchase_floors":[10,10,10,23,46,46,46],"current_hp_per_floor":[90,90,84,77,77,69,69,69,69,67,67,59,59,58,58,41,90,90,90,90,80,57,47,47,47,40,40,12,12,27,27,27,9,90,90,90,90,64,51,3,3,41,41,81,100,89,75,59,59,0,0,0],"gold":95,"neow_bonus":"BOSS_RELIC","is_daily":false,"chose_seed":false,"campfire_upgraded":2,"win_rate":0.0,"timestamp":1612482187,"path_taken":["R","M","M","?","?","M","T","R","M","?","?","E","?","E","M","BOSS","R","M","?","M","M","$","T","M","E","M","E","?","M","?","M","BOSS","R","M","M","M","?","E","T","E","?","R","E","$","E","M","M","BOSS"],"items_purchased_type":["Relic","Card","Card","Card","Relic","Relic","Potion"],"build_version":"2020-12-22","purchased_purges":1,"victory":false,"max_hp_per_floor":[90,90,90,90,90,90,90,90,90,90,90,90,90,90,90,90,90,90,90,90,90,90,90,90,90,90,90,90,90,90,90,90,90,90,90,90,90,90,90,90,90,90,90,100,100,100,100,100,100,100,100,100],"card_choices":[{"not_picked":["sneckomod:UnknownExhaust","sneckomod:Nope"],"picked":"sneckomod:CheapStock","floor":2},{"not_picked":["sneckomod:Unknown1Cost","sneckomod:PureSnecko"],"picked":"sneckomod:DiceBlock","floor":3},{"not_picked":["sneckomod:SoulCleanse","sneckomod:Unknown1Cost"],"picked":"sneckomod:UnknownUncommonPower","floor":6},{"not_picked":["sneckomod:WideSting","sneckomod:SoulDraw"],"picked":"sneckomod:QuickMove","floor":9},{"not_picked":["sneckomod:ImprovisedAttack","sneckomod:UnknownBlock"],"picked":"sneckomod:ImprovisedGuard","floor":10},{"not_picked":["sneckomod:DefensiveFlair","sneckomod:DiceBlock"],"picked":"sneckomod:Nope","floor":12},{"not_picked":["sneckomod:UnknownRareSkill","sneckomod:UnknownVulnerable"],"picked":"sneckomod:IronFang","floor":14},{"not_picked":["sneckomod:UnknownCommonAttack","sneckomod:QuickBite"],"picked":"sneckomod:SoulRoll","floor":15},{"not_picked":["sneckomod:UnknownCommonAttack","sneckomod:UnknownCommonSkill"],"picked":"sneckomod:UnknownBlock","floor":15},{"not_picked":["sneckomod:Cheat","sneckomod:Restock"],"picked":"sneckomod:MorePower+1","floor":16},{"not_picked":["sneckomod:UnknownRareAttack+1","sneckomod:UnknownRareSkill+1"],"picked":"sneckomod:UnknownX+1","floor":19},{"not_picked":["sneckomod:UnknownUncommonAttack+1","sneckomod:UnknownCommonAttack+1"],"picked":"sneckomod:UnknownVulnerable+1","floor":19},{"not_picked":["sneckomod:UnknownExhaust","sneckomod:UnknownBlock"],"picked":"sneckomod:UnknownVulnerable+1","floor":19},{"not_picked":["sneckomod:QuickBite","sneckomod:Unknown2Cost"],"picked":"sneckomod:Cheat","floor":19},{"not_picked":["sneckomod:UnknownVulnerable+1","sneckomod:Unknown1Cost+1"],"picked":"sneckomod:UnknownUncommonSkill+1","floor":21},{"not_picked":["sneckomod:UnknownClassTHE_CHAMP_GRAY","sneckomod:UnknownDraw","sneckomod:Nope"],"picked":"SKIP","floor":21},{"not_picked":["sneckomod:QuickBite","sneckomod:DiceCrush","sneckomod:Nope"],"picked":"SKIP","floor":21},{"not_picked":["sneckomod:Unknown2Cost+1","sneckomod:Unknown0Cost+1"],"picked":"sneckomod:UnknownWeak+1","floor":22},{"not_picked":["sneckomod:UnknownExhaust","sneckomod:UnknownStrike"],"picked":"sneckomod:UnknownDraw","floor":22},{"not_picked":["sneckomod:UnknownBlock","sneckomod:UnknownUncommonAttack"],"picked":"sneckomod:DiceCrush+1","floor":22},{"not_picked":["sneckomod:UnknownStrike","sneckomod:MorePower+1"],"picked":"sneckomod:SoulExchange","floor":23},{"not_picked":["sneckomod:UnknownUncommonPower+1","sneckomod:UnknownCommonSkill+1"],"picked":"sneckomod:UnknownX+1","floor":23},{"not_picked":["sneckomod:SoulDraw","sneckomod:UnknownStrike"],"picked":"sneckomod:UnknownColorless+1","floor":25},{"not_picked":["sneckomod:UnknownClassBLUE","sneckomod:QuickMove"],"picked":"sneckomod:QuickBite+1","floor":25},{"not_picked":["sneckomod:UnknownStrike+1","sneckomod:UnknownCommonAttack+1"],"picked":"sneckomod:Unknown3Cost+1","floor":25},{"not_picked":["sneckomod:UnknownStrength+1","sneckomod:UnknownStrike+1"],"picked":"sneckomod:Unknown2Cost+1","floor":26},{"not_picked":["sneckomod:UnknownCommonAttack","sneckomod:UnknownStrength"],"picked":"sneckomod:PureSnecko","floor":26},{"not_picked":["sneckomod:RainOfDice+1","sneckomod:Unknown1Cost+1"],"picked":"sneckomod:Transmogrify","floor":27},{"not_picked":["sneckomod:UnknownCommonAttack+1","sneckomod:UnknownCommonSkill"],"picked":"sneckomod:UnknownDraw+1","floor":27},{"not_picked":["sneckomod:UnknownStrength+1","sneckomod:Unknown2Cost+1"],"picked":"sneckomod:UnknownRareAttack+1","floor":28},{"not_picked":["sneckomod:SoulRoll","sneckomod:DangerNoodle"],"picked":"sneckomod:CheapStock+1","floor":28},{"not_picked":["hexamod:FirstSeal","hexamod:FourthSeal"],"picked":"hexamod:SixthSeal","floor":30},{"not_picked":["sneckomod:UnknownUncommonAttack+1","sneckomod:Unknown1Cost+1"],"picked":"sneckomod:UnknownX+1","floor":30},{"not_picked":["sneckomod:UnknownCommonSkill","sneckomod:RainOfDice+1"],"picked":"sneckomod:QuickMove","floor":30},{"not_picked":["sneckomod:UnknownBlock+1","sneckomod:UnknownX+1"],"picked":"sneckomod:UnknownBoss+1","floor":32},{"not_picked":["sneckomod:SerpentIdol","sneckomod:SoulDraw"],"picked":"sneckomod:UnknownStrength+1","floor":32},{"not_picked":["sneckomod:UnknownRarePower+1","sneckomod:MorePower+1"],"picked":"sneckomod:SerpentMind+1","floor":33},{"not_picked":["sneckomod:UnknownDexterity+1","sneckomod:UnknownRareAttack+1"],"picked":"sneckomod:UnknownX+1","floor":33},{"not_picked":["sneckomod:UnknownStrength+1","sneckomod:UnknownStrike+1"],"picked":"sneckomod:UnknownExhaust+1","floor":36},{"not_picked":["sneckomod:SlitherStrike"],"picked":"SKIP","floor":36},{"not_picked":[],"picked":"sneckomod:Nope+1","floor":37},{"not_picked":["sneckomod:UnknownDraw"],"picked":"SKIP","floor":38},{"not_picked":["sneckomod:UnknownColorless+1","sneckomod:UnknownBoss+1"],"picked":"sneckomod:UnknownRarePower+1","floor":39},{"not_picked":[],"picked":"sneckomod:UnknownClassTHE_CHAMP_GRAY","floor":39},{"not_picked":[],"picked":"sneckomod:UnknownClassHEXA_GHOST_PURPLE","floor":40},{"not_picked":["sneckomod:UnknownCommonSkill+1","sneckomod:UnknownVulnerable+1"],"picked":"sneckomod:UnknownRarePower+1","floor":40},{"not_picked":["sneckomod:Unknown1Cost+1","sneckomod:UnknownColorless+1"],"picked":"sneckomod:UnknownBlock+1","floor":42},{"not_picked":[],"picked":"sneckomod:SnekBeam","floor":42},{"not_picked":["sneckomod:UnknownStrength+1","sneckomod:UnknownWeak+1"],"picked":"sneckomod:Unknown0Cost+1","floor":45},{"not_picked":[],"picked":"sneckomod:Rotation+1","floor":45},{"not_picked":["sneckomod:UnknownExhaust+1","sneckomod:Unknown0Cost+1"],"picked":"sneckomod:UnknownBoss+1","floor":46},{"not_picked":[],"picked":"sneckomod:UnendingSupply+1","floor":46},{"not_picked":["sneckomod:Unknown1Cost+1","sneckomod:UnknownUncommonAttack+1"],"picked":"sneckomod:UnknownRareSkill+1","floor":47},{"not_picked":["hexamod:FirstSeal","hexamod:SecondSeal"],"picked":"hexamod:SixthSeal","floor":47},{"not_picked":["sneckomod:UnknownColorless"],"picked":"SKIP","floor":47},{"not_picked":["sneckomod:UnknownClassHEXA_GHOST_PURPLE+1","sneckomod:UnknownRareAttack+1"],"picked":"sneckomod:UnknownRarePower+1","floor":48},{"not_picked":["sneckomod:UnknownUncommonSkill"],"picked":"SKIP","floor":48},{"not_picked":["sneckomod:UnknownRareAttack+1","sneckomod:UnknownCommonAttack+1"],"picked":"sneckomod:UnknownRarePower+1","floor":49},{"not_picked":["sneckomod:WideSting+1"],"picked":"SKIP","floor":49}],"player_experience":1483547,"relics_obtained":[{"floor":7,"key":"Anchor"},{"floor":11,"key":"Frozen Egg 2"},{"floor":12,"key":"Prayer Wheel"},{"floor":14,"key":"Akabeko"},{"floor":24,"key":"War Paint"},{"floor":26,"key":"hexamod:BolsterEngine"},{"floor":28,"key":"Prayer Wheel"},{"floor":28,"key":"StoneCalendar"},{"floor":30,"key":"CaptainsWheel"},{"floor":33,"key":"Bird Faced Urn"},{"floor":36,"key":"Bird Faced Urn"},{"floor":38,"key":"hexamod:BolsterEngine"},{"floor":39,"key":"CaptainsWheel"},{"floor":39,"key":"Anchor"},{"floor":40,"key":"InkBottle"},{"floor":40,"key":"Bird Faced Urn"},{"floor":42,"key":"sneckomod:LoadedDie"},{"floor":42,"key":"Sundial"},{"floor":45,"key":"Blue Candle"},{"floor":47,"key":"Akabeko"},{"floor":47,"key":"StrikeDummy"},{"floor":48,"key":"Anchor"},{"floor":49,"key":"sneckomod:LoadedDie"}],"event_choices":[{"damage_healed":0,"gold_gain":0,"player_choice":"Success","damage_taken":7,"relics_obtained":["sneckomod:LoadedDie"],"max_hp_gain":0,"max_hp_loss":0,"event_name":"Scrap Ooze","floor":4,"gold_loss":0},{"damage_healed":0,"gold_gain":0,"player_choice":"Fight","damage_taken":0,"max_hp_gain":0,"max_hp_loss":0,"event_name":"Mysterious Sphere","floor":39,"gold_loss":0},{"cards_removed":["sneckomod:IronFang"],"damage_healed":0,"gold_gain":0,"player_choice":"Removed Attack","damage_taken":0,"max_hp_gain":0,"max_hp_loss":0,"event_name":"Falling","floor":43,"gold_loss":0}],"is_beta":false,"boss_relics":[{"not_picked":["sneckomod:SneckoBoss","Calling Bell"],"picked":"Fusion Hammer"},{"not_picked":["expansioncontent:StudyCardRelic","Philosopher\u0027s Stone"],"picked":"Busted Crown"}],"items_purged_floors":[23],"is_endless":false,"potions_floor_spawned":[3,9,12,14,22,25,27,32,33,39,40,42,45],"killed_by":"IC_BLOCK_ARCHETYPE","ascension_level":4}}