{"host":"d2y4rmbezebiv8aj","time":1612438554,"event":{"mods":["AchievementEnabler","BaseMod","Bestiary","BetterRewards","Colored Map","Colored Powertips","Custom Start","Highlight Path","Minty Spire (QoL Compilation)","Quick Restart","Rare Cards Sparkle","Relic Sorter","Relic Stats","Shop Mod","Slay-I","StSLib","SuperFastMode"],"gold_per_floor":[116,136,149,169,169,199,199,214,214,214,489,506,385,385,385,385,385],"floor_reached":16,"language":"DEU","playtime":307,"items_purged":["Regret"],"score":173,"play_id":"8e809938-08ea-4002-b89c-c68b36c4455a","local_time":"20210204123554","is_ascension_mode":true,"campfire_choices":[{"floor":7,"key":"REST"},{"data":"Noxious Fumes","floor":10,"key":"SMITH"},{"floor":15,"key":"REST"}],"circlet_count":0,"master_deck":["AscendersBane","Strike_G","Strike_G","Strike_G","Strike_G","Strike_G","Defend_G","Defend_G","Defend_G","Defend_G","Defend_G","Survivor","Neutralize","Slice","Masterful Stab","Noxious Fumes+1","Bane","Backflip","Accuracy","Endless Agony","Dagger Spray"],"relics":["Ring of the Snake","NeowsBlessing","Blue Candle","Meat on the Bone","Juzu Bracelet"],"acts_visited":["Exordium"],"potions_floor_usage":[6,16],"damage_taken":[{"damage":0,"enemies":"Cultist","floor":1,"turns":1},{"damage":0,"enemies":"Small Slimes","floor":2,"turns":2},{"damage":0,"enemies":"2 Louse","floor":3,"turns":1},{"damage":8,"enemies":"Blue Slaver","floor":4,"turns":4},{"damage":42,"enemies":"Lagavulin","floor":6,"turns":7},{"damage":2,"enemies":"3 Louse","floor":8,"turns":3},{"damage":2,"enemies":"Exordium Wildlife","floor":12,"turns":4},{"damage":55,"enemies":"Slime Boss","floor":16,"turns":9}],"seed_played":"-493299149689804717","potions_obtained":[{"floor":1,"key":"PowerPotion"},{"floor":8,"key":"Fire Potion"}],"is_trial":false,"path_per_floor":["M","M","M","M","T","E","R","M","T","R","?","M","$","?","R","B"],"character_chosen":"THE_SILENT","items_purchased":["Dagger Spray"],"campfire_rested":2,"item_purchase_floors":[13],"current_hp_per_floor":[59,59,59,51,51,9,28,38,38,38,38,36,36,36,55,0,0],"gold":385,"neow_bonus":"THREE_ENEMY_KILL","is_daily":false,"chose_seed":false,"campfire_upgraded":1,"win_rate":0.0,"timestamp":1612438554,"path_taken":["M","M","M","M","?","E","R","M","T","R","?","M","$","?","R","BOSS"],"items_purchased_type":["Card"],"build_version":"2020-12-22","purchased_purges":1,"victory":false,"max_hp_per_floor":[66,66,66,66,66,66,66,66,66,66,66,66,66,66,66,66,66],"relic_stats":{"counters":[8,31],"Blue Candle":[0],"Juzu Bracelet":1,"obtain_stats":[{"NeowsBlessing":0,"Blue Candle":5,"Juzu Bracelet":9,"Ring of the Snake":0,"Meat on the Bone":6},{"NeowsBlessing":0,"Blue Candle":4,"Juzu Bracelet":6,"Ring of the Snake":0,"Meat on the Bone":5},{"NeowsBlessing":0,"Blue Candle":8,"Juzu Bracelet":18,"Ring of the Snake":0,"Meat on the Bone":15}],"Ring of the Snake":[16],"Meat on the Bone":12},"card_choices":[{"not_picked":["Flying Knee","Riddle With Holes"],"picked":"Slice","floor":1},{"not_picked":["Outmaneuver","Flying Knee"],"picked":"Masterful Stab","floor":2},{"not_picked":["Deflect","Sucker Punch"],"picked":"Noxious Fumes","floor":3},{"not_picked":["Underhanded Strike","Escape Plan"],"picked":"Bane","floor":4},{"not_picked":["Cloak And Dagger","Grand Finale"],"picked":"Backflip","floor":6},{"not_picked":["Underhanded Strike","Poisoned Stab"],"picked":"Accuracy","floor":8},{"not_picked":["Distraction","Crippling Poison"],"picked":"Endless Agony","floor":12}],"player_experience":411662,"relics_obtained":[{"floor":5,"key":"Blue Candle"},{"floor":6,"key":"Meat on the Bone"},{"floor":9,"key":"Juzu Bracelet"}],"event_choices":[{"damage_healed":0,"gold_gain":275,"player_choice":"Desecrate","damage_taken":0,"max_hp_gain":0,"max_hp_loss":0,"event_name":"Golden Shrine","floor":11,"gold_loss":0,"cards_obtained":["Regret"]},{"damage_healed":0,"gold_gain":0,"player_choice":"0 cards matched","damage_taken":0,"max_hp_gain":0,"max_hp_loss":0,"event_name":"Match and Keep!","floor":14,"gold_loss":0,"cards_obtained":[]}],"is_beta":false,"boss_relics":[],"items_purged_floors":[13],"is_endless":false,"potions_floor_spawned":[1,8],"killed_by":"Slime Boss","ascension_level":14}}