{"host":"i73ch23exsqar74a","time":1612470592,"event":{"mods":["AchievementEnabler","Arknights","Aspiration","Astrologer","Bard","Bartender","BaseMod","Beaked The Cultist","Better Sensory Stone","CCEM2","CapriCore","Challenge The Spire","ChefMod","Chen","Colored Map","Colored Powertips","Conjunction","Conspire","Downfall","Fireblade Mod","FutureSeer","GifTheSpireLib","Glutton Mod","Gremlin Mod","Halation","Hermit","Highlight Path","HololiveMod","Hubris","Infinite Spire","Jedi Mod","Lobotomy","LobotomyExtend","Luminous","Marked Mod","Minty Spire (QoL Compilation)","Prisma Mod","Quarter Circle Forward PUNCH!","Quick Restart","Random Character Button","RatMod","Relic Sorter","Reliquary","Replay The Spire","SOS???????","Shade Mod","Spicy Shops","Spikes Relics","Spire Arcade","StSLib","Stuff the Spire","The Alterego","The Animator","The Bug Knight","The Construct","The Cursed","The Druid","The Exalted","The Immortal","The Judge","The Poker Player","The Sage","The Wild Card","TheHero","TheSwordswoman","TheVacant","TheVelvet","Thieving Mod","Yuri Mod","???Mod??????Boss","???mod?????"],"gold_per_floor":[113,113,132,6,6,6,25,25,51,51,51,68,95,110,110,212,212,212,226,226,245,245,245,277,277,277,290,309,309,319,65,65,173,173,197,247,163,190,190,190,233,233,233,273,306,342,342,377,377,377,377,377,377,677,748,748],"floor_reached":57,"language":"ENG","playtime":2736,"items_purged":[],"score":1555,"play_id":"516ed47f-95a3-4952-a5fd-1b0c222c6bae","local_time":"20210205002952","is_ascension_mode":false,"campfire_choices":[{"data":"theextravagant:SpontaneousStrike","floor":6.0,"key":"SMITH"},{"data":"theextravagant:FocusStab","floor":8.0,"key":"SMITH"},{"data":"theextravagant:Fence","floor":11.0,"key":"SMITH"},{"data":"theextravagant:SharpTalons","floor":15.0,"key":"SMITH"},{"data":"theextravagant:ShootingStar","floor":23.0,"key":"SMITH"},{"data":"Outmaneuver","floor":25.0,"key":"SMITH"},{"floor":29.0,"key":"REST"},{"floor":32.0,"key":"REST"},{"floor":40.0,"key":"REST"},{"data":"Panache","floor":42.0,"key":"SMITH"},{"floor":47,"key":"REST"},{"data":"theextravagant:Ambush","floor":49,"key":"SMITH"},{"data":"theextravagant:Pushthrough","floor":53,"key":"SMITH"}],"circlet_count":0,"master_deck":["theextravagant:SlyStrike","theextravagant:SlyStrike","theextravagant:Fence","theextravagant:QuickAttack+1","theextravagant:Triumph+1","theextravagant:Twitch+1","theextravagant:SpontaneousStrike+1","theextravagant:FocusStab+1","theextravagant:SpontaneousStrike","theextravagant:Shove","theextravagant:SharpTalons+1","theextravagant:Redemption","Bromod:TacticalPump","PrismaMod:MiyuCarnivalAttack","theWildCard:Loki","Outmaneuver+1","theextravagant:ShootingStar+1","theextravagant:IronPlumes+1","theextravagant:GlyphOfTime+1","theextravagant:SharpTalons+1","theextravagant:Pushthrough","theextravagant:Tension+1","theextravagant:AuroraForm+1","theextravagant:Pushthrough+1","theextravagant:Firework+1","theextravagant:GlyphOfChoice","Panache+1","theextravagant:ShootingStar+1","theextravagant:ShootingStar+1","theextravagant:Ambush+1","theextravagant:Shake+1","theextravagant:PerfectTheBasics+1","theextravagant:StepBack","theextravagant:Overpower","theextravagant:Urgency","Madness","Replay:Dark Deal"],"relics":["theextravagant:TranslucentFeather","reliquary:FerryPass","MagicBullet_r","LetterFromLob","Membership Card","infinitespire:EmpoweringShard","halation:EternalFortune","rat:KircheisShard","Simple Rune","qcfpunch:Killian_Engine_Alpha","Molten Egg 2","infinitespire:Beetle Shell","Regal Pillow","infinitespire:EvilPickle","aspiration:RitualDagger","infinitespire:CursedDice","Sandwich","Unceasing Top","reliquary:PurpleTingedLeaf","sagemod:Singing_Vial","hubris:MedicalManual","hubris:NiceRug","CCEMRelics:LagavulinClaw","StuffTheSpire:Wildfire","jedi:fakemustache","SpikesRelics:DaevaFist","Lee\u0027s Waffle","halation:BottledLove","sagemod:Creepy_Carousel"],"acts_visited":["Exordium","TheCity","TheBeyond","TheEnding"],"potions_floor_usage":[48,50,56,56,56],"damage_taken":[{"damage":5.0,"enemies":"Cultist","floor":1.0,"turns":4.0},{"damage":0.0,"enemies":"2 Louse","floor":3.0,"turns":2.0},{"damage":1.0,"enemies":"Jaw Worm","floor":7.0,"turns":2.0},{"damage":0.0,"enemies":"2 Fungi Beasts","floor":12.0,"turns":3.0},{"damage":13.0,"enemies":"Lagavulin","floor":13.0,"turns":6.0},{"damage":0.0,"enemies":"Large Slime","floor":14.0,"turns":3.0},{"damage":24.0,"enemies":"Hexaghost","floor":16.0,"turns":7.0},{"damage":2.0,"enemies":"3 Byrds","floor":19.0,"turns":3.0},{"damage":10.0,"enemies":"2 Thieves","floor":21.0,"turns":2.0},{"damage":14.0,"enemies":"Book of Stabbing","floor":24.0,"turns":3.0},{"damage":16.0,"enemies":"Shelled Parasite and Fungi","floor":27.0,"turns":4.0},{"damage":21.0,"enemies":"Snake Plant","floor":28.0,"turns":3.0},{"damage":21.0,"enemies":"Cultist and Chosen","floor":30.0,"turns":5.0},{"damage":37.0,"enemies":"Pondfish","floor":33.0,"turns":8.0},{"damage":8.0,"enemies":"Orb Walker","floor":35.0,"turns":2.0},{"damage":15.0,"enemies":"Mind Bloom Boss Battle","floor":36.0,"turns":5.0},{"damage":20.0,"enemies":"3 Darklings","floor":38.0,"turns":4.0},{"damage":27.0,"enemies":"Reptomancer","floor":41.0,"turns":4.0},{"damage":44,"enemies":"Nemesis","floor":44,"turns":5},{"damage":40,"enemies":"Spire Growth","floor":45,"turns":4},{"damage":47,"enemies":"Maw","floor":46,"turns":6},{"damage":18,"enemies":"3 Darklings","floor":48,"turns":3},{"damage":150,"enemies":"Awakened One","floor":50,"turns":7},{"damage":57,"enemies":"hubris:Merchant","floor":54,"turns":6},{"damage":43,"enemies":"Shield and Spear","floor":55,"turns":5},{"damage":89,"enemies":"The Heart","floor":56,"turns":6}],"seed_played":"-7565128570548371231","potions_obtained":[{"floor":1.0,"key":"Elixir"},{"floor":12.0,"key":"GamblersBrew"},{"floor":14.0,"key":"ColorlessPotion"},{"floor":24.0,"key":"jedi:StrikingPotion"},{"floor":27.0,"key":"ColorlessPotion"},{"floor":33.0,"key":"Explosive Potion"},{"floor":35.0,"key":"sneckomod:MuddlingPotion"},{"floor":44,"key":"Explosive Potion"},{"floor":46,"key":"Conjunction:LightningMarble"},{"floor":54,"key":"LiquidBronze"},{"floor":54,"key":"Languid Potion"}],"is_trial":false,"path_per_floor":["M","?","M","$","?","R","M","R","T","?","R","M","E","M","R","B",null,"M","M","?","M","?","R","E","R","T","M","M","R","M","$","R","B",null,"M","?","$","M","AVR","R","E","R","T","E","M","M","R","M","R","B",null,null,"R","$","E","B",null],"character_chosen":"THE_EXTRAVAGANT","items_purchased":["infinitespire:EmpoweringShard","reliquary:FerryPass","Regal Pillow","theextravagant:AuroraForm+1","theextravagant:Pushthrough","Adrenaline Potion","Panache"],"campfire_rested":4,"item_purchase_floors":[4,31,31,31,31,31,37],"current_hp_per_floor":[70,63,63,63,66,66,65,65,65,65,65,68,55,55,55,31,81,81,79,79,69,69,69,55,55,55,39,18,42,21,21,60,23,81,73,58,58,38,38,77,50,50,50,7,59,46,81,77,77,7,7,81,81,88,88,87],"gold":748,"neow_bonus":"UPGRADE_CARD","is_daily":false,"chose_seed":false,"campfire_upgraded":9,"win_rate":0.0,"timestamp":1612470592,"path_taken":["M","?","M","$","?","R","M","R","T","?","R","M","E","M","R","BOSS","M","M","?","M","?","R","E","R","T","M","M","R","M","$","R","BOSS","M","?","?","M","AVR","R","E","R","T","E","M","M","R","M","R","BOSS","R","$","E","BOSS"],"items_purchased_type":["Relic","Relic","Relic","Card","Card","Potion","Card"],"build_version":"2020-12-22","purchased_purges":0,"victory":true,"max_hp_per_floor":[75,75,75,75,78,78,78,78,78,78,78,81,81,81,81,81,81,81,81,81,81,81,81,81,81,81,81,81,81,81,81,81,81,81,81,81,81,81,81,81,81,81,81,81,81,81,81,81,81,81,81,81,81,88,88,88],"card_choices":[{"not_picked":["theextravagant:Flashback","theextravagant:GlyphOfPower"],"picked":"theextravagant:Twitch","floor":1.0},{"not_picked":["theextravagant:CuttingEdge","theextravagant:Pushthrough"],"picked":"theextravagant:SpontaneousStrike","floor":3.0},{"not_picked":["theextravagant:SharpTalons","theextravagant:Defy"],"picked":"theextravagant:FocusStab","floor":7.0},{"not_picked":["theextravagant:Shove","theextravagant:PuffUp"],"picked":"theextravagant:SpontaneousStrike","floor":12.0},{"not_picked":["theextravagant:Overpower","theextravagant:StepBack"],"picked":"theextravagant:Shove","floor":13.0},{"not_picked":["theextravagant:Cutthroat","theextravagant:Shake"],"picked":"theextravagant:SharpTalons","floor":14.0},{"not_picked":["theextravagant:SnakeOil","theextravagant:RiskyStrike"],"picked":"theextravagant:Redemption","floor":16.0},{"not_picked":["theextravagant:Thrill","theextravagant:Meditation"],"picked":"theextravagant:ShootingStar","floor":19.0},{"not_picked":["theextravagant:HeavyBlows","theextravagant:Razor"],"picked":"theextravagant:IronPlumes+1","floor":21.0},{"not_picked":["theextravagant:Twitch","theextravagant:Dazzle"],"picked":"theextravagant:GlyphOfTime+1","floor":24.0},{"not_picked":["theextravagant:Repell+1","theextravagant:Flashback"],"picked":"theextravagant:SharpTalons+1","floor":27.0},{"not_picked":["theextravagant:Precaution","theextravagant:Comeback+1"],"picked":"theextravagant:Pushthrough","floor":28.0},{"not_picked":["theextravagant:Radiance+1","theextravagant:Shove+1"],"picked":"theextravagant:Tension+1","floor":30.0},{"not_picked":["theextravagant:Masquerade","theextravagant:Twitch"],"picked":"theextravagant:Firework+1","floor":35.0},{"not_picked":["theextravagant:GlyphOfPower","theextravagant:GlyphOfTime"],"picked":"theextravagant:GlyphOfChoice","floor":36.0},{"not_picked":["theextravagant:Drift+1","theextravagant:Swirl+1"],"picked":"theextravagant:ShootingStar+1","floor":38.0},{"not_picked":["theextravagant:GlyphOfChoice","theextravagant:Shake+1"],"picked":"theextravagant:ShootingStar+1","floor":41.0},{"not_picked":["theextravagant:Defy","theextravagant:Twostep+1"],"picked":"theextravagant:Ambush","floor":44},{"not_picked":["theextravagant:Swirl+1","theextravagant:Riot+1","theextravagant:HeavyBlows+1"],"picked":"Singing Bowl","floor":45},{"not_picked":["theextravagant:Dazzle+1","theextravagant:ShootingStar+1","theextravagant:GlyphOfChoice"],"picked":"Singing Bowl","floor":46},{"not_picked":["theextravagant:PuffUp+1","theextravagant:SpontaneousStrike+1"],"picked":"theextravagant:Shake+1","floor":48},{"not_picked":[],"picked":"theextravagant:PerfectTheBasics+1","floor":54},{"not_picked":[],"picked":"theextravagant:StepBack","floor":54},{"not_picked":[],"picked":"theextravagant:Overpower","floor":54},{"not_picked":[],"picked":"theextravagant:Urgency","floor":54},{"not_picked":[],"picked":"Madness","floor":54},{"not_picked":[],"picked":"Replay:Dark Deal","floor":54},{"not_picked":["theextravagant:Shake+1"],"picked":"SKIP","floor":54},{"not_picked":["theextravagant:Twitch+1","theextravagant:SpontaneousStrike+1","theextravagant:PuffUp+1"],"picked":"Singing Bowl","floor":55}],"player_experience":1404367,"relics_obtained":[{"floor":1.0,"key":"LetterFromLob"},{"floor":9.0,"key":"rat:KircheisShard"},{"floor":12.0,"key":"halation:EternalFortune"},{"floor":13.0,"key":"Simple Rune"},{"floor":24.0,"key":"Molten Egg 2"},{"floor":26.0,"key":"infinitespire:Beetle Shell"},{"floor":36.0,"key":"infinitespire:CursedDice"},{"floor":41.0,"key":"reliquary:PurpleTingedLeaf"},{"floor":43.0,"key":"sagemod:Singing_Vial"},{"floor":44,"key":"hubris:MedicalManual"},{"floor":54,"key":"CCEMRelics:LagavulinClaw"},{"floor":54,"key":"StuffTheSpire:Wildfire"},{"floor":54,"key":"jedi:fakemustache"},{"floor":54,"key":"SpikesRelics:DaevaFist"},{"floor":54,"key":"Lee\u0027s Waffle"},{"floor":54,"key":"halation:BottledLove"},{"floor":55,"key":"sagemod:Creepy_Carousel"}],"event_choices":[{"damage_healed":0.0,"max_hp_gain":0.0,"max_hp_loss":0.0,"gold_gain":0.0,"event_name":"Living Wall","player_choice":"Grow","floor":10.0,"gold_loss":0.0,"damage_taken":0.0,"cards_upgraded":["theextravagant:QuickAttack"]},{"damage_healed":0.0,"max_hp_gain":0.0,"max_hp_loss":0.0,"gold_gain":0.0,"event_name":"Vampires","player_choice":"Ignored","floor":20.0,"gold_loss":0.0,"damage_taken":0.0},{"damage_healed":0.0,"max_hp_gain":0.0,"max_hp_loss":0.0,"gold_gain":0.0,"event_name":"MindBloom","player_choice":"Fight","floor":36.0,"gold_loss":0.0,"damage_taken":0.0}],"is_beta":false,"boss_relics":[{"not_picked":["conspire:SeveredTorchhead","reliquary:Ember"],"picked":"qcfpunch:Killian_Engine_Alpha"},{"not_picked":["Calling Bell","halation:ForbiddenBikini"],"picked":"aspiration:RitualDagger"}],"items_purged_floors":[],"is_endless":false,"potions_floor_spawned":[1,12,14,16,24,27,33,35,44,46],"ascension_level":0}}