{"host":"uv5ws9rdk87e8i5k","time":1612452286,"event":{"mods":["AchievementEnabler","BaseMod","Colored Map","Jorbs\u0027s Wanderer Trilogy","Minty Spire (QoL Compilation)","Permanent Neow","Quick Restart","StSLib","SuperFastMode","The Necromancer"],"gold_per_floor":[116,131,141,153,153,186,186,221,221,221,221,240,254,274,274,274,274],"floor_reached":16,"language":"ENG","playtime":437,"items_purged":[],"score":205,"play_id":"097bdf52-8247-4829-8ce1-22911226abcc","local_time":"20210204092446","is_ascension_mode":true,"campfire_choices":[{"data":"Life_Drain","floor":7.0,"key":"SMITH"},{"floor":10.0,"key":"REST"},{"data":"Grasp_Heart","floor":15,"key":"SMITH"}],"circlet_count":0,"master_deck":["AscendersBane","Strike_W","Strike_W","Strike_W","Strike_W","Defend_W","Defend_W","Defend_W","Defend_W","Negative_Energy_Arrows","Bone_Wall","Bone_Armory","Life_Drain+1","Blood_Whip","Bone_Bullets","Injury","Grasp_Heart+1","Vampiric_Strike"],"relics":["Vampire_Amulet","Golden Idol","Bottled Flame","Happy Flower","Bottled Tornado"],"acts_visited":["Exordium"],"potions_floor_usage":[16],"damage_taken":[{"damage":0.0,"enemies":"2 Louse","floor":1.0,"turns":3.0},{"damage":10.0,"enemies":"Jaw Worm","floor":2.0,"turns":7.0},{"damage":0.0,"enemies":"Cultist","floor":3.0,"turns":4.0},{"damage":35.0,"enemies":"Gremlin Gang","floor":4.0,"turns":8.0},{"damage":31.0,"enemies":"3 Sentries","floor":6.0,"turns":9.0},{"damage":44.0,"enemies":"Lagavulin","floor":8.0,"turns":8.0},{"damage":14.0,"enemies":"Exordium Wildlife","floor":12.0,"turns":4.0},{"damage":6.0,"enemies":"3 Louse","floor":13.0,"turns":4.0},{"damage":8,"enemies":"Blue Slaver","floor":14,"turns":4},{"damage":2,"enemies":"Slime Boss","floor":16,"turns":4}],"seed_played":"6377866408411572175","potions_obtained":[{"floor":4.0,"key":"SteroidPotion"},{"floor":6.0,"key":"DistilledChaos"},{"floor":8.0,"key":"Fruit Juice"},{"floor":12.0,"key":"LiquidMemories"}],"is_trial":false,"path_per_floor":["M","M","M","M","?","E","R","E","T","R","?","M","M","M","R","B"],"character_chosen":"NECROMANCER","items_purchased":[],"campfire_rested":1,"item_purchase_floors":[],"current_hp_per_floor":[68,60,71,56,56,41,41,16,16,38,38,38,46,52,52,62,62],"gold":274,"neow_bonus":"THREE_CARDS","is_daily":false,"chose_seed":false,"campfire_upgraded":2,"win_rate":0.0,"timestamp":1612452286,"path_taken":["M","M","M","M","?","E","R","E","T","R","?","M","M","M","R","BOSS"],"items_purchased_type":[],"build_version":"2020-12-22","purchased_purges":0,"victory":false,"max_hp_per_floor":[71,71,71,71,71,71,71,76,76,76,76,76,76,76,76,76,76],"card_choices":[{"not_picked":["Death_Coil","Death_March_Dance"],"picked":"Bone_Armory","floor":0.0},{"not_picked":["Negative_Energy_Sphere","Scare","Violent_Necrosis"],"picked":"SKIP","floor":1.0},{"not_picked":["Bone_Armory","Toxic_Smoke_Screen"],"picked":"Life_Drain","floor":2.0},{"not_picked":["Scare","Blood_Curse"],"picked":"Blood_Whip","floor":3.0},{"not_picked":["Blood_Shield","Blood_Curse"],"picked":"Bone_Bullets","floor":4.0},{"not_picked":["Shade_Step","Death_Coil","Negative_Energy_Sphere"],"picked":"SKIP","floor":6.0},{"not_picked":["Death_Knell","Violent_Necrosis"],"picked":"Grasp_Heart","floor":8.0},{"not_picked":["Negative_Energy_Sphere","Death_Coil"],"picked":"Vampiric_Strike","floor":12.0},{"not_picked":["Bone_Armor","Stop_Heart","Bones_to_Steel"],"picked":"SKIP","floor":13.0},{"not_picked":["Necromantic_Selection","Blood_Shield","Deaths_Shadow"],"picked":"SKIP","floor":14}],"player_experience":223384,"relics_obtained":[{"floor":6.0,"key":"Bottled Flame"},{"floor":8.0,"key":"Happy Flower"},{"floor":9.0,"key":"Bottled Tornado"}],"event_choices":[{"damage_healed":0.0,"max_hp_gain":0.0,"max_hp_loss":0.0,"gold_gain":0.0,"event_name":"Golden Idol","player_choice":"Take Wound","floor":5.0,"gold_loss":0.0,"damage_taken":0.0,"relics_obtained":["Golden Idol"],"cards_obtained":["Injury"]},{"damage_healed":0.0,"max_hp_gain":0.0,"max_hp_loss":0.0,"gold_gain":0.0,"event_name":"Liars Game","player_choice":"Ignored","floor":11.0,"gold_loss":0.0,"damage_taken":0.0}],"is_beta":false,"boss_relics":[],"items_purged_floors":[],"is_endless":false,"potions_floor_spawned":[4,6,8,12],"killed_by":"Slime Boss","ascension_level":16}}