{"host":"og2dufvjgkards7m","time":1612473458,"event":{"mods":["AchievementEnabler","BaseMod","Better Match","Better Note","Better Sensory Stone","Block Reminder","Colored Map","Colored Powertips","DeckTracker","Highlight Path","Minty Spire (QoL Compilation)","Rare Cards Sparkle","Relic Sorter","StSLib","SuperFastMode"],"gold_per_floor":[119,69,144,69,69,69,86,121,121,141,171,171,20,35,35,35,35],"floor_reached":16,"language":"SPA","playtime":366,"items_purged":["Strike_B"],"score":160,"play_id":"16b9ed32-a417-434f-b2cc-f8fba2ec86cd","local_time":"20210204131738","is_ascension_mode":true,"campfire_choices":[{"data":"Fusion","floor":6,"key":"SMITH"},{"data":"Redo","floor":12,"key":"SMITH"},{"floor":15,"key":"REST"}],"circlet_count":0,"master_deck":["Strike_B+1","Strike_B+1","Defend_B","Defend_B","Defend_B","Defend_B","Zap","Dualcast","Fusion+1","Redo+1","Skim"],"relics":["Cracked Core","NeowsBlessing","Whetstone","Bag of Marbles","TheAbacus"],"acts_visited":["Exordium"],"potions_floor_usage":[11,11],"damage_taken":[{"damage":0.0,"enemies":"Jaw Worm","floor":1.0,"turns":1.0},{"damage":0,"enemies":"2 Louse","floor":7,"turns":1},{"damage":0,"enemies":"3 Sentries","floor":8,"turns":1},{"damage":0,"enemies":"Small Slimes","floor":10,"turns":3},{"damage":44,"enemies":"Gremlin Nob","floor":11,"turns":4},{"damage":2,"enemies":"3 Louse","floor":14,"turns":3},{"damage":40,"enemies":"Slime Boss","floor":16,"turns":7}],"seed_played":"6507308827244622612","potions_obtained":[{"floor":1.0,"key":"Fire Potion"},{"floor":7,"key":"SkillPotion"}],"is_trial":false,"path_per_floor":["M","?","?","$","$","R","M","E","T","M","E","R","$","M","R","B"],"character_chosen":"DEFECT","items_purchased":["TheAbacus"],"campfire_rested":1,"item_purchase_floors":[13],"current_hp_per_floor":[75,75,64,64,64,64,64,64,64,64,20,20,20,18,40,0,0],"gold":35,"neow_bonus":"THREE_ENEMY_KILL","is_daily":false,"chose_seed":false,"campfire_upgraded":2,"win_rate":0.0,"timestamp":1612473458,"path_taken":["M","?","?","?","$","R","M","E","T","M","E","R","$","M","R","BOSS"],"items_purchased_type":["Relic"],"build_version":"2020-12-22","purchased_purges":1,"victory":false,"max_hp_per_floor":[75,75,75,75,75,75,75,75,75,75,75,75,75,75,75,75,75],"card_choices":[{"not_picked":["Redo","Ball Lightning"],"picked":"Fusion","floor":1.0},{"not_picked":["Gash","Steam Power","Beam Cell"],"picked":"SKIP","floor":7},{"not_picked":["Melter","Compile Driver"],"picked":"Redo","floor":8},{"not_picked":["Blizzard","Beam Cell","Coolheaded"],"picked":"SKIP","floor":10},{"not_picked":["Aggregate","Go for the Eyes","Undo"],"picked":"SKIP","floor":11},{"not_picked":["Leap","Fusion"],"picked":"Skim","floor":14}],"player_experience":169150,"relics_obtained":[{"floor":8,"key":"Whetstone"},{"floor":11,"key":"Bag of Marbles"}],"event_choices":[{"cards_removed":["Strike_B"],"damage_healed":0.0,"max_hp_gain":0.0,"max_hp_loss":0.0,"gold_gain":0.0,"event_name":"The Cleric","player_choice":"Card Removal","floor":2.0,"gold_loss":50.0,"damage_taken":0.0},{"damage_healed":0.0,"max_hp_gain":0.0,"max_hp_loss":0.0,"gold_gain":75.0,"event_name":"World of Goop","player_choice":"Gather Gold","floor":3.0,"gold_loss":0.0,"damage_taken":11.0}],"is_beta":false,"boss_relics":[],"items_purged_floors":[4],"is_endless":false,"potions_floor_spawned":[1,7],"killed_by":"Slime Boss","ascension_level":4}}