{"host":"dxldt284mdio0lzg","time":1612451610,"event":{"mods":["AchievementEnabler","BaseMod","Colored Map","Colored Powertips","Minty Spire (QoL Compilation)","SuperFastMode"],"gold_per_floor":[111,130,59,59,78,110,110,136,159,234,80,80,91,91,91,196,196,212,212,412,425,174,174,192,46,46,58,58,76,96,106,106,106,106],"floor_reached":33,"language":"ENG","playtime":1514,"items_purged":[],"score":247,"play_id":"c6756896-5c3e-484f-9e25-dd4280968057","local_time":"20210204161330","is_ascension_mode":false,"campfire_choices":[{"floor":7,"key":"REST"},{"data":"Blade Dance","floor":12,"key":"SMITH"},{"floor":15,"key":"REST"},{"data":"Bullet Time","floor":23,"key":"SMITH"},{"floor":32,"key":"REST"}],"circlet_count":0,"master_deck":["Survivor","Neutralize","Tactician","Acrobatics","Catalyst+1","Blade Dance+1","Slice","Deflect","Parasite","Envenom","Flechettes","Bullet Time+1","Footwork","Storm of Steel","Dash","Acrobatics","Envenom","Die Die Die","Venomology","Wraith Form v2","Poisoned Stab","RitualDagger","Accuracy","Dash+1","Deadly Poison","Crippling Poison","Storm of Steel"],"relics":["Ring of the Snake","StoneCalendar","Happy Flower","Centennial Puzzle","Art of War","Anchor","Pandora\u0027s Box","Ninja Scroll","Regal Pillow","Juzu Bracelet"],"acts_visited":["Exordium","TheCity"],"potions_floor_usage":[6,24,27,29,31,31,33,33],"damage_taken":[{"damage":0,"enemies":"Cultist","floor":1,"turns":4},{"damage":0,"enemies":"Jaw Worm","floor":2,"turns":7},{"damage":2,"enemies":"Small Slimes","floor":5,"turns":5},{"damage":23,"enemies":"Lagavulin","floor":6,"turns":7},{"damage":7,"enemies":"Blue Slaver","floor":13,"turns":3},{"damage":25,"enemies":"Slime Boss","floor":16,"turns":7},{"damage":3,"enemies":"Shell Parasite","floor":18,"turns":4},{"damage":0,"enemies":"Chosen","floor":21,"turns":3},{"damage":4,"enemies":"Shelled Parasite and Fungi","floor":24,"turns":4},{"damage":0,"enemies":"Cultist and Chosen","floor":27,"turns":5},{"damage":6,"enemies":"Snake Plant","floor":29,"turns":5},{"damage":12,"enemies":"Chosen and Byrds","floor":30,"turns":5},{"damage":15,"enemies":"Centurion and Healer","floor":31,"turns":5},{"damage":95,"enemies":"Automaton","floor":33,"turns":10}],"seed_played":"6506682195550434344","potions_obtained":[{"floor":1,"key":"Ancient Potion"},{"floor":16,"key":"DistilledChaos"},{"floor":18,"key":"FairyPotion"},{"floor":30,"key":"Poison Potion"}],"is_trial":false,"path_per_floor":["M","M","$","?","M","E","R","T","T","?","$","R","M","?","R","B",null,"M","?","?","M","$","R","M","$","T","M","?","M","M","M","R","B"],"character_chosen":"THE_SILENT","items_purchased":["Catalyst","Anchor","Ninja Scroll","Regal Pillow"],"campfire_rested":3,"item_purchase_floors":[3,11,22,25],"current_hp_per_floor":[49,49,49,49,47,24,45,45,45,34,34,34,27,44,65,40,70,67,61,61,61,61,61,57,57,57,57,57,51,39,38,70,0,0],"gold":106,"neow_bonus":"ONE_RARE_RELIC","is_daily":false,"chose_seed":false,"campfire_upgraded":2,"win_rate":0.0,"timestamp":1612451610,"path_taken":["M","?","$","?","M","E","R","?","T","?","?","R","?","?","R","BOSS","M","?","?","M","$","R","M","$","T","M","?","M","M","M","R","BOSS"],"items_purchased_type":["Card","Relic","Relic","Relic"],"build_version":"2020-12-22","purchased_purges":0,"victory":false,"max_hp_per_floor":[70,70,70,70,70,70,70,70,70,70,70,70,70,70,70,70,70,70,70,70,70,70,70,70,70,70,70,70,70,70,70,70,70,70],"card_choices":[{"not_picked":["Choke","Cloak And Dagger"],"picked":"Tactician","floor":1},{"not_picked":["Sucker Punch","PiercingWail"],"picked":"Acrobatics","floor":2},{"not_picked":["Flying Knee","Accuracy"],"picked":"Blade Dance","floor":5},{"not_picked":["Masterful Stab","Glass Knife"],"picked":"Slice","floor":6},{"not_picked":["Flying Knee","Slice"],"picked":"Deflect","floor":13},{"not_picked":["Bullet Time","A Thousand Cuts"],"picked":"Envenom","floor":16},{"not_picked":["Dagger Spray","Backflip"],"picked":"Poisoned Stab","floor":18},{"not_picked":["Terror","Infinite Blades"],"picked":"Accuracy","floor":21},{"not_picked":["Distraction","Die Die Die"],"picked":"Dash+1","floor":24},{"not_picked":["PiercingWail","Acrobatics"],"picked":"Deadly Poison","floor":27},{"not_picked":["Dodge and Roll","Cloak And Dagger","Dagger Throw"],"picked":"SKIP","floor":29},{"not_picked":["Dodge and Roll","Dash"],"picked":"Crippling Poison","floor":30},{"not_picked":["All Out Attack","Dodge and Roll"],"picked":"Storm of Steel","floor":31}],"player_experience":91330,"relics_obtained":[{"floor":6,"key":"Happy Flower"},{"floor":8,"key":"Centennial Puzzle"},{"floor":9,"key":"Art of War"},{"floor":26,"key":"Juzu Bracelet"}],"event_choices":[{"damage_healed":0,"gold_gain":0,"player_choice":"Grow","damage_taken":0,"max_hp_gain":0,"max_hp_loss":0,"event_name":"Living Wall","floor":4,"gold_loss":0,"cards_upgraded":["Catalyst"]},{"damage_healed":0,"gold_gain":75,"player_choice":"Gather Gold","damage_taken":11,"max_hp_gain":0,"max_hp_loss":0,"event_name":"World of Goop","floor":10,"gold_loss":0},{"damage_healed":17,"gold_gain":0,"player_choice":"Healed and dodged fight","damage_taken":0,"max_hp_gain":0,"max_hp_loss":0,"event_name":"Mushrooms","floor":14,"gold_loss":0,"cards_obtained":["Parasite"]},{"damage_healed":0,"gold_gain":0,"player_choice":"Joined the Cult","damage_taken":6,"max_hp_gain":0,"max_hp_loss":0,"event_name":"Nest","floor":19,"gold_loss":0,"cards_obtained":["RitualDagger"]},{"damage_healed":0,"gold_gain":250,"player_choice":"Bet on Owner","damage_taken":0,"max_hp_gain":0,"max_hp_loss":0,"event_name":"The Joust","floor":20,"gold_loss":50},{"damage_healed":0,"gold_gain":0,"player_choice":"Ignored","damage_taken":0,"max_hp_gain":0,"max_hp_loss":0,"event_name":"Ghosts","floor":28,"gold_loss":0}],"is_beta":false,"boss_relics":[{"not_picked":["SacredBark","Runic Dome"],"picked":"Pandora\u0027s Box"}],"items_purged_floors":[],"is_endless":false,"potions_floor_spawned":[1,16,18,24,30],"killed_by":"Automaton","ascension_level":0}}