{"host":"0k696jvpnlqjk4gh","time":1612453910,"event":{"mods":["AchievementEnabler","BaseMod","Colored Map","Colored Powertips","Minty Spire (QoL Compilation)","Quick Restart"],"gold_per_floor":[111,186,186,186,39,73,89,125,125,125,138,138,63,84,84,204,204,217,217,316,336,426,426,457,457,457],"floor_reached":25,"language":"ENG","playtime":4906,"items_purged":["Regret"],"score":302,"play_id":"1dcbf8df-9d28-43df-a7b3-ffd695d90972","local_time":"20210204155150","is_ascension_mode":true,"campfire_choices":[{"floor":10,"key":"REST"},{"floor":12,"key":"REST"},{"floor":15,"key":"REST"},{"floor":23,"key":"REST"}],"circlet_count":0,"master_deck":["Strike_G","Strike_G","Strike_G","Strike_G","Strike_G","Defend_G","Defend_G","Defend_G","Defend_G","Defend_G","Survivor","Neutralize","Outmaneuver","Flying Knee","PiercingWail","Caltrops","A Thousand Cuts","Leg Sweep+1"],"relics":["Ring of the Snake","NeowsBlessing","Pantograph","Golden Idol","Vajra","CaptainsWheel","Mercury Hourglass","SlaversCollar","Omamori"],"acts_visited":["Exordium","TheCity"],"potions_floor_usage":[8,16,16,16,24,24],"damage_taken":[{"damage":0,"enemies":"Small Slimes","floor":1,"turns":1},{"damage":0,"enemies":"3 Sentries","floor":6,"turns":1},{"damage":0,"enemies":"2 Louse","floor":7,"turns":1},{"damage":48,"enemies":"Lagavulin","floor":8,"turns":10},{"damage":5,"enemies":"Jaw Worm","floor":11,"turns":3},{"damage":0,"enemies":"Exordium Thugs","floor":14,"turns":5},{"damage":7,"enemies":"Slime Boss","floor":16,"turns":11},{"damage":1,"enemies":"3 Byrds","floor":18,"turns":3},{"damage":20,"enemies":"Chosen","floor":21,"turns":6},{"damage":16,"enemies":"Slavers","floor":24,"turns":6},{"damage":35,"enemies":"Snake Plant","floor":25,"turns":6}],"seed_played":"5350324939292534184","potions_obtained":[{"floor":6,"key":"CunningPotion"},{"floor":8,"key":"Dexterity Potion"},{"floor":11,"key":"Energy Potion"},{"floor":14,"key":"Explosive Potion"},{"floor":18,"key":"Swift Potion"},{"floor":21,"key":"BlessingOfTheForge"}],"is_trial":false,"path_per_floor":["M","?","?","?","$","E","M","E","T","R","M","R","$","M","R","B",null,"M","?","?","M","?","R","E","M"],"character_chosen":"THE_SILENT","items_purchased":["Vajra"],"campfire_rested":4,"item_purchase_floors":[5],"current_hp_per_floor":[70,59,59,59,59,59,59,11,11,30,25,44,44,44,63,58,65,64,64,64,44,32,51,35,0,0],"gold":457,"neow_bonus":"THREE_ENEMY_KILL","is_daily":false,"chose_seed":false,"campfire_upgraded":0,"win_rate":0.0,"timestamp":1612453910,"path_taken":["M","?","?","?","?","E","M","E","T","R","M","R","$","M","R","BOSS","M","?","?","M","?","R","E","?"],"items_purchased_type":["Relic"],"build_version":"2020-12-22","purchased_purges":1,"victory":false,"max_hp_per_floor":[70,70,70,65,65,65,65,65,65,65,65,65,65,65,65,65,65,65,65,65,65,65,65,65,65,65],"card_choices":[{"not_picked":["Slice","Flying Knee"],"picked":"Outmaneuver","floor":1},{"not_picked":["Reflex","Deflect"],"picked":"Flying Knee","floor":6},{"not_picked":["Setup","Infinite Blades","Calculated Gamble"],"picked":"SKIP","floor":7},{"not_picked":["Grand Finale","Acrobatics"],"picked":"PiercingWail","floor":8},{"not_picked":["Dagger Spray","Endless Agony","Quick Slash"],"picked":"SKIP","floor":11},{"not_picked":["Concentrate","Acrobatics"],"picked":"Caltrops","floor":14},{"not_picked":["Bullet Time","Tools of the Trade"],"picked":"A Thousand Cuts","floor":16},{"not_picked":["Well Laid Plans","Calculated Gamble"],"picked":"Leg Sweep+1","floor":18},{"not_picked":["Acrobatics","Bane","Quick Slash+1"],"picked":"SKIP","floor":21},{"not_picked":["Expertise","Underhanded Strike+1","Quick Slash"],"picked":"SKIP","floor":24}],"player_experience":146976,"relics_obtained":[{"floor":6,"key":"CaptainsWheel"},{"floor":8,"key":"Mercury Hourglass"},{"floor":24,"key":"Omamori"}],"event_choices":[{"damage_healed":0,"gold_gain":75,"player_choice":"Gather Gold","damage_taken":11,"max_hp_gain":0,"max_hp_loss":0,"event_name":"World of Goop","floor":2,"gold_loss":0},{"damage_healed":0,"gold_gain":0,"player_choice":"Box","damage_taken":0,"relics_obtained":["Pantograph"],"max_hp_gain":0,"max_hp_loss":0,"event_name":"Big Fish","floor":3,"gold_loss":0,"cards_obtained":["Regret"]},{"damage_healed":0,"gold_gain":0,"player_choice":"Lose Max HP","damage_taken":0,"relics_obtained":["Golden Idol"],"max_hp_gain":0,"max_hp_loss":5,"event_name":"Golden Idol","floor":4,"gold_loss":0},{"damage_healed":0,"gold_gain":0,"player_choice":"Ignored","damage_taken":0,"max_hp_gain":0,"max_hp_loss":0,"event_name":"Ghosts","floor":19,"gold_loss":0},{"damage_healed":0,"gold_gain":99,"player_choice":"Stole From Cult","damage_taken":0,"max_hp_gain":0,"max_hp_loss":0,"event_name":"Nest","floor":20,"gold_loss":0},{"damage_healed":0,"gold_gain":90,"player_choice":"GOLD ","damage_taken":12,"max_hp_gain":0,"max_hp_loss":0,"event_name":"Knowing Skull","floor":22,"potions_obtained":[],"gold_loss":0,"cards_obtained":[]}],"is_beta":false,"boss_relics":[{"not_picked":["Velvet Choker","Cursed Key"],"picked":"SlaversCollar"}],"items_purged_floors":[13],"is_endless":false,"potions_floor_spawned":[6,8,11,14,18,21],"killed_by":"Snake Plant","ascension_level":4}}