{"host":"ebb80zukoz08lvke","time":1612413994,"event":{"mods":["2.2 Compatiblity","AchievementEnabler","Act Like it!","BaseMod","Bestiary","Better Altar","Better Note","Better Skull","Colored Powertips","Friendly Minions","Highlight Path","Minty Spire (QoL Compilation)","Relic Stats","StSLib","The Necromancer"],"gold_per_floor":[115,115,133,133,31,65,65,84,108,183,76,95,138,138,138,262,262,281,281,281,332,332,332,376,390,390,405,405,17,41,57,57,57,57],"floor_reached":33,"language":"ENG","playtime":2638,"items_purged":["Strike_W","Strike_W"],"score":298,"play_id":"6e5e8d55-420f-419e-ba3a-9e9e517e2927","local_time":"20210204004634","is_ascension_mode":false,"campfire_choices":[{"data":"Blood_Curse","floor":7.0,"key":"SMITH"},{"data":"Summon_Undead_Army","floor":15.0,"key":"SMITH"},{"data":"Blood_Is_Power","floor":23.0,"key":"SMITH"},{"floor":28.0,"key":"REST"},{"floor":32,"key":"REST"}],"circlet_count":0,"master_deck":["Strike_W+1","Strike_W","Defend_W","Defend_W","Defend_W","Defend_W","Negative_Energy_Arrows","Bone_Wall","Negative_Energy_Javelin+1","Spectral_Walk","Negative_Energy_Shield","Blood_Curse+1","Negative_Energy_Sphere","Siphon_Strength","Summon_Undead_Army+1","Blood_Is_Power+1","Bone_Spikes","Summon_Vampire_Lady","Toxic_Smoke_Screen","Writhe","Summon_Undead+1","Bone_Spikes","Negative_Energy_Javelin+1","Siphon_Strength","Reap_The_Weak+1"],"relics":["Vampire_Amulet","NeowsBlessing","Golden Idol","Ancient Tea Set","Oddly Smooth Stone","Tiny Chest","Nloth\u0027s Gift","Bronze Scales","Art of War","Omamori","Molten Egg 2","Lantern","DollysMirror"],"acts_visited":["Exordium","TheCity"],"potions_floor_usage":[30,30,33],"damage_taken":[{"damage":0.0,"enemies":"Jaw Worm","floor":1.0,"turns":1.0},{"damage":0.0,"enemies":"Small Slimes","floor":3.0,"turns":1.0},{"damage":0.0,"enemies":"Lagavulin","floor":6.0,"turns":2.0},{"damage":0.0,"enemies":"2 Louse","floor":8.0,"turns":3.0},{"damage":4.0,"enemies":"Looter","floor":12.0,"turns":3.0},{"damage":15.0,"enemies":"Gremlin Nob","floor":13.0,"turns":4.0},{"damage":22.0,"enemies":"Hexaghost","floor":16.0,"turns":7.0},{"damage":12.0,"enemies":"Spheric Guardian","floor":18.0,"turns":4.0},{"damage":45.0,"enemies":"Slavers","floor":24.0,"turns":6.0},{"damage":7.0,"enemies":"3 Byrds","floor":25.0,"turns":3.0},{"damage":17.0,"enemies":"Snake Plant","floor":27.0,"turns":4.0},{"damage":11,"enemies":"Shelled Parasite and Fungi","floor":30,"turns":5},{"damage":26,"enemies":"Sentry and Sphere","floor":31,"turns":4},{"damage":52,"enemies":"Champ","floor":33,"turns":11}],"seed_played":"2506156110094665251","potions_obtained":[{"floor":6.0,"key":"FearPotion"},{"floor":8.0,"key":"GamblersBrew"},{"floor":18.0,"key":"SpeedPotion"},{"floor":27.0,"key":"Block Potion"}],"is_trial":false,"path_per_floor":["M","?","M","?","$","E","R","M","T","?","$","M","E","?","R","B",null,"M","?","?","T","?","R","E","M","T","M","R","$","M","M","R","B"],"character_chosen":"NECROMANCER","items_purchased":["Negative_Energy_Shield","Siphon_Strength","Summon_Undead_Army","Lantern","DollysMirror"],"campfire_rested":2,"item_purchase_floors":[5,11,11,29,29],"current_hp_per_floor":[75,60,64,64,64,66,66,69,69,58,58,56,43,66,66,46,69,59,59,59,59,59,59,26,25,25,13,33,33,26,4,24,0,0],"gold":57,"neow_bonus":"THREE_ENEMY_KILL","is_daily":false,"chose_seed":false,"campfire_upgraded":3,"win_rate":0.0,"timestamp":1612413994,"path_taken":["M","?","M","?","$","E","R","?","T","?","$","M","E","?","R","BOSS","M","?","?","?","?","R","E","M","T","M","R","$","?","M","R","BOSS"],"items_purchased_type":["Card","Card","Card","Relic","Relic"],"build_version":"2020-12-22","purchased_purges":2,"victory":false,"max_hp_per_floor":[75,75,75,69,69,69,69,69,69,69,69,69,69,69,69,69,69,69,69,69,69,69,69,69,69,69,69,69,69,69,69,69,69,69],"relic_stats":{"counters":[14,58],"Golden Idol":76,"Bronze Scales":[122],"Tiny Chest":1,"Nloth\u0027s Gift":2,"Art of War":[4],"obtain_stats":[{"Lantern":29,"NeowsBlessing":0,"Golden Idol":4,"Oddly Smooth Stone":9,"Omamori":24,"Ancient Tea Set":6,"SlaversCollar":17,"DollysMirror":29,"Bronze Scales":21,"Tiny Chest":13,"Molten Egg 2":26,"Vampire_Amulet":0,"Nloth\u0027s Gift":20,"Art of War":22},{"Lantern":11,"NeowsBlessing":0,"Golden Idol":2,"Oddly Smooth Stone":4,"Omamori":9,"Ancient Tea Set":3,"SlaversCollar":7,"DollysMirror":11,"Bronze Scales":8,"Tiny Chest":6,"Molten Egg 2":10,"Vampire_Amulet":0,"Nloth\u0027s Gift":8,"Art of War":8},{"Lantern":38,"NeowsBlessing":0,"Golden Idol":2,"Oddly Smooth Stone":7,"Omamori":31,"Ancient Tea Set":4,"SlaversCollar":21,"DollysMirror":38,"Bronze Scales":25,"Tiny Chest":14,"Molten Egg 2":34,"Vampire_Amulet":0,"Nloth\u0027s Gift":25,"Art of War":25}]},"card_choices":[{"not_picked":["Bone_Shift","Blood_Whip"],"picked":"Negative_Energy_Javelin","floor":1.0},{"not_picked":["Plague_Bolt","Finger_Of_Death"],"picked":"Spectral_Walk","floor":3.0},{"not_picked":["Negative_Energy_Sphere","Flesh_Made_Foul"],"picked":"Blood_Curse","floor":6.0},{"not_picked":["Flesh_Made_Foul","Necromantic_Selection"],"picked":"Negative_Energy_Sphere","floor":8.0},{"not_picked":["Plague_Bolt","Toxic_Smoke_Screen"],"picked":"Blood_Is_Power","floor":12.0},{"not_picked":["Strike_from_Beyond","Bone_Armor"],"picked":"Bone_Spikes","floor":13.0},{"not_picked":["Blood_Magic","Negative_Energy_Bomb"],"picked":"Summon_Vampire_Lady","floor":16.0},{"not_picked":["Acid_Javelin+1","Consume_Illness"],"picked":"Toxic_Smoke_Screen","floor":18.0},{"not_picked":["Requiem","Grasp_Heart"],"picked":"Summon_Undead+1","floor":24.0},{"not_picked":["Death_Coil+1","Blood_Curse"],"picked":"Bone_Spikes","floor":25.0},{"not_picked":["Stop_Heart","Death_March_Dance+1"],"picked":"Negative_Energy_Javelin+1","floor":27.0},{"not_picked":["Scare","Negative_Energy_Javelin+1","Summon_Undead_Army"],"picked":"SKIP","floor":30},{"not_picked":["Pandemic","Thousand_Bone_Knives+1"],"picked":"Reap_The_Weak+1","floor":31}],"player_experience":78220,"relics_obtained":[{"floor":6.0,"key":"Ancient Tea Set"},{"floor":9.0,"key":"Oddly Smooth Stone"},{"floor":13.0,"key":"Tiny Chest"},{"floor":21.0,"key":"Bronze Scales"},{"floor":24.0,"key":"Omamori"},{"floor":26.0,"key":"Molten Egg 2"}],"event_choices":[{"damage_healed":0.0,"max_hp_gain":0.0,"max_hp_loss":0.0,"gold_gain":0.0,"event_name":"Shining Light","player_choice":"Entered Light","floor":2.0,"gold_loss":0.0,"damage_taken":15.0,"cards_upgraded":["Strike_W","Negative_Energy_Javelin"]},{"damage_healed":0.0,"max_hp_gain":0.0,"max_hp_loss":6.0,"gold_gain":0.0,"event_name":"Golden Idol","player_choice":"Lose Max HP","floor":4.0,"gold_loss":0.0,"damage_taken":0.0,"relics_obtained":["Golden Idol"]},{"damage_healed":0.0,"max_hp_gain":0.0,"max_hp_loss":0.0,"gold_gain":75.0,"event_name":"World of Goop","player_choice":"Gather Gold","floor":10.0,"gold_loss":0.0,"damage_taken":11.0},{"damage_healed":23.0,"max_hp_gain":0.0,"max_hp_loss":0.0,"gold_gain":0.0,"event_name":"Big Fish","player_choice":"Banana","floor":14.0,"gold_loss":0.0,"damage_taken":0.0},{"cards_removed":["Strike_W"],"damage_healed":0.0,"max_hp_gain":0.0,"max_hp_loss":0.0,"gold_gain":0.0,"event_name":"betterNote:BetterNote","player_choice":"Give","floor":19.0,"gold_loss":0.0,"damage_taken":0.0,"cards_obtained":["None"]},{"damage_healed":0.0,"max_hp_gain":0.0,"max_hp_loss":0.0,"gold_gain":0.0,"event_name":"N\u0027loth","player_choice":"Traded Relic","floor":20.0,"relics_lost":["SlaversCollar"],"gold_loss":0.0,"damage_taken":0.0,"relics_obtained":["Nloth\u0027s Gift"]},{"damage_healed":0.0,"max_hp_gain":0.0,"max_hp_loss":0.0,"gold_gain":0.0,"event_name":"The Mausoleum","player_choice":"Opened","floor":22.0,"gold_loss":0.0,"damage_taken":0.0,"relics_obtained":["Art of War"],"cards_obtained":["Writhe"]}],"is_beta":false,"boss_relics":[{"not_picked":["Pandora\u0027s Box","Coffee Dripper"],"picked":"SlaversCollar"}],"items_purged_floors":[5,29],"is_endless":false,"potions_floor_spawned":[6,8,18,27],"killed_by":"Champ","ascension_level":0}}