{"host":"9l1knhxfturzliqa","time":1612406522,"event":{"mods":["BaseMod","Colored Map","Colored Powertips","DeckTracker","Highlight Path","Keyboard Shortcuts","Minty Spire (QoL Compilation)","Random Character Button"],"gold_per_floor":[117,130,144,163,182,208,94,94,143,154,170,170,201,211,211,211,211],"floor_reached":16,"language":"KOR","playtime":1014,"items_purged":["Strike_P"],"score":180,"play_id":"9d71bde1-a267-4dff-91ea-199d7fde10b5","local_time":"20210204114202","is_ascension_mode":true,"campfire_choices":[{"data":"Eruption","floor":8.0,"key":"SMITH"},{"data":"Adaptation","floor":12.0,"key":"SMITH"},{"data":"Halt","floor":15.0,"key":"SMITH"}],"circlet_count":0,"master_deck":["AscendersBane","Strike_P","Strike_P","Strike_P","Defend_P","Defend_P","Defend_P","Defend_P","Eruption+1","Vigilance","Halt+1","EmptyFist","Adaptation+1"],"relics":["PureWater","Bird Faced Urn","GoldenEye","Nunchaku","The Courier"],"acts_visited":["Exordium"],"potions_floor_usage":[16],"damage_taken":[{"damage":0.0,"enemies":"Small Slimes","floor":1.0,"turns":6.0},{"damage":0.0,"enemies":"2 Louse","floor":2.0,"turns":2.0},{"damage":0.0,"enemies":"Jaw Worm","floor":3.0,"turns":3.0},{"damage":0.0,"enemies":"3 Louse","floor":4.0,"turns":3.0},{"damage":9.0,"enemies":"Red Slaver","floor":5.0,"turns":5.0},{"damage":5.0,"enemies":"Lagavulin","floor":6.0,"turns":6.0},{"damage":0.0,"enemies":"2 Fungi Beasts","floor":10.0,"turns":3.0},{"damage":13.0,"enemies":"Lots of Slimes","floor":11.0,"turns":4.0},{"damage":29.0,"enemies":"3 Sentries","floor":13.0,"turns":9.0},{"damage":0.0,"enemies":"Blue Slaver","floor":14.0,"turns":6.0},{"damage":22,"enemies":"Hexaghost","floor":16,"turns":9}],"seed_played":"4117858688122918966","potions_obtained":[{"floor":1.0,"key":"Dexterity Potion"},{"floor":2.0,"key":"StancePotion"},{"floor":4.0,"key":"CultistPotion"},{"floor":10.0,"key":"Swift Potion"},{"floor":14.0,"key":"Dexterity Potion"}],"is_trial":false,"path_per_floor":["M","M","M","M","M","E","$","R","T","M","M","R","E","M","R","B"],"character_chosen":"WATCHER","items_purchased":["Adaptation"],"campfire_rested":0,"item_purchase_floors":[7],"current_hp_per_floor":[65,65,65,65,56,51,51,51,51,53,42,42,15,17,17,0,0],"gold":211,"neow_bonus":"ONE_RARE_RELIC","is_daily":false,"chose_seed":false,"campfire_upgraded":3,"win_rate":0.0,"timestamp":1612406522,"path_taken":["M","M","M","M","M","E","$","R","T","M","M","R","E","M","R","BOSS"],"items_purchased_type":["Card"],"build_version":"2020-12-22","purchased_purges":1,"victory":false,"max_hp_per_floor":[65,65,65,65,65,65,65,65,65,65,65,65,65,65,65,65,65],"card_choices":[{"not_picked":["ForeignInfluence","Evaluate"],"picked":"Halt","floor":1.0},{"not_picked":["ThirdEye","Worship","FlyingSleeves"],"picked":"SKIP","floor":2.0},{"not_picked":["JustLucky","Halt"],"picked":"EmptyFist","floor":3.0},{"not_picked":["SashWhip","Halt","Evaluate"],"picked":"SKIP","floor":4.0},{"not_picked":["Prostrate","JustLucky","CutThroughFate"],"picked":"SKIP","floor":5.0},{"not_picked":["Alpha","Vengeance","FlyingSleeves"],"picked":"SKIP","floor":6.0},{"not_picked":["FlurryOfBlows","JustLucky","ClearTheMind"],"picked":"SKIP","floor":10.0},{"not_picked":["InnerPeace","Evaluate","FlyingSleeves"],"picked":"SKIP","floor":11.0},{"not_picked":["SashWhip","ClearTheMind","Indignation"],"picked":"SKIP","floor":13.0},{"not_picked":["FlurryOfBlows","Consecrate","Crescendo"],"picked":"SKIP","floor":14.0}],"player_experience":602032,"relics_obtained":[{"floor":6.0,"key":"GoldenEye"},{"floor":9.0,"key":"Nunchaku"},{"floor":13.0,"key":"The Courier"}],"event_choices":[],"is_beta":false,"boss_relics":[],"items_purged_floors":[7],"is_endless":false,"potions_floor_spawned":[1,2,4,10,14],"killed_by":"Hexaghost","ascension_level":11}}