{"host":"eaiphzh066bwqdh7","time":1612399571,"event":{"mods":["BaseMod","Better Note","Halation","Hubris","Minty Spire (QoL Compilation)","Reliquary","Replay The Spire","StSLib"],"gold_per_floor":[110,110,20,34,34,34,67,67,67,67,83,83,83,93,93,191,191,203,203,203,118,138,138,173,173,173,185,185,31,42,42,42],"floor_reached":31,"language":"ENG","playtime":976,"items_purged":[],"score":317,"play_id":"04222fa8-3182-4fab-bb61-e70a7e0ada41","local_time":"20210203194611","is_ascension_mode":true,"campfire_choices":[{"data":"Study","floor":6,"key":"SMITH"},{"data":"Dramatic Entrance","floor":8,"key":"SMITH"},{"data":"Worship","floor":10,"key":"SMITH"},{"floor":15,"key":"REST"},{"floor":23,"key":"REST"},{"floor":25,"key":"REST"},{"floor":28,"key":"REST"}],"circlet_count":0,"master_deck":["Strike_P","Strike_P","Strike_P","Strike_P","Defend_P","Defend_P","Defend_P","Eruption","Vigilance","Study+1","Dramatic Entrance+1","Worship","Worship+1","MasterReality","Prostrate+1"],"relics":["PureWater","NeowsBlessing","Ring of Hypnosis","TungstenRod","reliquary:BallBearing","Ornamental Fan","MutagenicStrength","hubris:DeckOfHolding","Damaru","Lantern","reliquary:PartyBalloon"],"acts_visited":["Exordium","TheCity"],"potions_floor_usage":[16,16,22,31],"damage_taken":[{"damage":0,"enemies":"Cultist","floor":1,"turns":1},{"damage":0,"enemies":"2 Louse","floor":4,"turns":1},{"damage":0,"enemies":"Gremlin Nob","floor":7,"turns":1},{"damage":3,"enemies":"Jaw Worm","floor":11,"turns":4},{"damage":8,"enemies":"2 Fungi Beasts","floor":14,"turns":3},{"damage":18,"enemies":"The Guardian","floor":16,"turns":8},{"damage":7,"enemies":"Shell Parasite","floor":18,"turns":4},{"damage":18,"enemies":"2 Thieves","floor":22,"turns":4},{"damage":22,"enemies":"Gremlin Leader","floor":24,"turns":9},{"damage":39,"enemies":"Snecko","floor":27,"turns":6},{"damage":34,"enemies":"Snake Plant","floor":30,"turns":5},{"damage":28,"enemies":"Cultist and Chosen","floor":31,"turns":6}],"seed_played":"-7364983604930812044","potions_obtained":[{"floor":1,"key":"StancePotion"},{"floor":11,"key":"SpeedPotion"},{"floor":14,"key":"ColorlessPotion"},{"floor":18,"key":"ColorlessPotion"},{"floor":30,"key":"BlessingOfTheForge"}],"is_trial":false,"path_per_floor":["M","?","$","M","?","R","E","R","T","R","M","T","?","M","R","B",null,"M","?","?","?","M","R","E","R","T","M","R","$","M","M"],"character_chosen":"WATCHER","items_purchased":["Dramatic Entrance","reliquary:PartyBalloon"],"campfire_rested":4,"item_purchase_floors":[3,29],"current_hp_per_floor":[72,72,72,72,77,77,77,77,77,77,74,74,68,60,77,59,77,70,70,70,70,52,75,53,76,76,37,60,60,26,0,0],"gold":42,"neow_bonus":"THREE_ENEMY_KILL","is_daily":false,"chose_seed":false,"campfire_upgraded":3,"win_rate":0.0,"timestamp":1612399571,"path_taken":["M","?","$","M","?","R","E","R","T","R","M","?","?","M","R","BOSS","M","?","?","?","?","R","E","R","T","M","R","?","M","M"],"items_purchased_type":["Card","Relic"],"build_version":"2020-12-22","purchased_purges":0,"victory":false,"max_hp_per_floor":[72,72,72,72,77,77,77,77,77,77,77,77,77,77,77,77,77,77,77,77,77,77,77,77,77,77,77,77,77,77,77,77],"card_choices":[{"not_picked":["Replay:Cycle","FollowUp"],"picked":"Study","floor":1},{"not_picked":["ThirdEye","WreathOfFlame"],"picked":"Worship","floor":4},{"not_picked":["Swivel","Consecrate"],"picked":"Worship","floor":7},{"not_picked":["Crescendo","SashWhip","Halt"],"picked":"SKIP","floor":11},{"not_picked":["Weave","Replay:ManipulateFuture","Wallop"],"picked":"SKIP","floor":14},{"not_picked":["Wish","Scrawl"],"picked":"MasterReality","floor":16},{"not_picked":["Worship","FlyingSleeves+1"],"picked":"Prostrate+1","floor":18},{"not_picked":["ThirdEye","Nirvana","EmptyFist+1"],"picked":"SKIP","floor":22},{"not_picked":["Meditate","Protect","EmptyBody"],"picked":"SKIP","floor":24},{"not_picked":["EmptyMind","BowlingBash","FlyingSleeves+1"],"picked":"SKIP","floor":27},{"not_picked":["Replay:AtTheReady","Protect","FearNoEvil"],"picked":"SKIP","floor":30}],"player_experience":244629,"relics_obtained":[{"floor":2,"key":"Ring of Hypnosis"},{"floor":7,"key":"TungstenRod"},{"floor":9,"key":"reliquary:BallBearing"},{"floor":12,"key":"Ornamental Fan"},{"floor":24,"key":"Damaru"},{"floor":26,"key":"Lantern"}],"event_choices":[{"damage_healed":0,"gold_gain":0,"player_choice":"Donut","damage_taken":0,"max_hp_gain":5,"max_hp_loss":0,"event_name":"Big Fish","floor":5,"gold_loss":0},{"cards_removed":["Defend_P"],"damage_healed":0,"gold_gain":0,"player_choice":"Card Removal","damage_taken":7,"max_hp_gain":0,"max_hp_loss":0,"event_name":"Golden Wing","floor":13,"gold_loss":0},{"damage_healed":0,"gold_gain":0,"player_choice":"Ignored","damage_taken":0,"max_hp_gain":0,"max_hp_loss":0,"event_name":"Cursed Tome","floor":19,"gold_loss":0},{"damage_healed":0,"gold_gain":0,"player_choice":"Inject Mutagens","damage_taken":0,"relics_obtained":["MutagenicStrength"],"max_hp_gain":0,"max_hp_loss":0,"event_name":"Drug Dealer","floor":20,"gold_loss":0},{"damage_healed":0,"gold_gain":0,"player_choice":"Obtained Relic","damage_taken":0,"relics_obtained":["hubris:DeckOfHolding"],"max_hp_gain":0,"max_hp_loss":0,"event_name":"Addict","floor":21,"gold_loss":85}],"is_beta":false,"boss_relics":[{"not_picked":["reliquary:KinkedSpring","halation:HeavySnake","hubris:TerracottaHorce"]}],"items_purged_floors":[],"is_endless":false,"potions_floor_spawned":[1,11,14,18,30],"killed_by":"Cultist and Chosen","ascension_level":3}}