{"host":"w8boaxgo31bcemyl","time":1612410447,"event":{"mods":["Act Like it!","BaseMod","CapriCore","Friendly Minions","Marisa（F雨　魔理沙）","Minty Spire (QoL Compilation)","Pale of the Ancients","Quick Restart","Relic Stats","Remilia（蕾米莉亚）","Replay The Spire","Spicy Shops","StSLib","The Animator","The Immortal","Waifu the Spire","WarShipGirlsR/战舰少女R mod","Yakumo Yukari mod"],"gold_per_floor":[136,136,61,77,89,89,120,120],"floor_reached":7,"language":"ZHS","playtime":379,"items_purged":["AT_purpleEX"],"score":51,"play_id":"75e8e169-1ca4-4013-8317-d50a00eec4a7","local_time":"20210204114727","is_ascension_mode":false,"campfire_choices":[{"data":"Yakumo_Ran_purple","floor":6,"key":"SMITH"}],"circlet_count":0,"master_deck":["AT_purpleEX","AT_purpleEX","AT_purpleEX","Defend_purpleEX","Defend_purpleEX","Defend_purpleEX","Defend_purpleEX","Observe_purple_1","Observe_purple_2","Worldmountain_purple","ExistenceContinue_purple","Yakumo_Ran_purple+1"],"relics":["Boundary_crack","Memoryfragments_purpleEX","NeowsBlessing","Oddly Smooth Stone"],"acts_visited":["Exordium"],"potions_floor_usage":[],"damage_taken":[{"damage":0,"enemies":"Jaw Worm","floor":1,"turns":1},{"damage":0,"enemies":"Cultist","floor":4,"turns":1},{"damage":0,"enemies":"Small Slimes","floor":5,"turns":1},{"damage":36,"enemies":"Replay:BlueRogue","floor":7,"turns":7}],"seed_played":"-8905215663617771737","potions_obtained":[{"floor":5,"key":"DuplicationPotion"}],"is_trial":false,"path_per_floor":["M","?","$","M","M","R","E"],"character_chosen":"Youkari","items_purchased":[],"campfire_rested":0,"item_purchase_floors":[],"current_hp_per_floor":[70,63,63,63,63,63,28,28],"gold":120,"neow_bonus":"THREE_ENEMY_KILL","is_daily":false,"chose_seed":false,"campfire_upgraded":1,"win_rate":0.0,"timestamp":1612410447,"path_taken":["M","?","$","?","M","R","E"],"items_purchased_type":[],"build_version":"2020-12-22","purchased_purges":1,"victory":false,"max_hp_per_floor":[70,70,70,70,70,70,70,70],"relic_stats":{"counters":[4,10],"obtain_stats":[{"NeowsBlessing":0,"Oddly Smooth Stone":7,"Boundary_crack":0,"Memoryfragments_purpleEX":0},{"NeowsBlessing":0,"Oddly Smooth Stone":4,"Boundary_crack":0,"Memoryfragments_purpleEX":0},{"NeowsBlessing":0,"Oddly Smooth Stone":10,"Boundary_crack":0,"Memoryfragments_purpleEX":0}]},"card_choices":[{"not_picked":["SharpContractionReality_purple","OmniscientAndOmnipotent_Monster_purple"],"picked":"Worldmountain_purple","floor":1},{"not_picked":["StateDuplicate_purple","Worldmountain_purple"],"picked":"ExistenceContinue_purple","floor":4},{"not_picked":["MeetDecomposer_purple","Realm_recovery_purpleEX"],"picked":"Yakumo_Ran_purple","floor":5}],"player_experience":3892,"relics_obtained":[{"floor":7,"key":"Oddly Smooth Stone"}],"event_choices":[{"damage_healed":0,"gold_gain":0,"player_choice":"Damaged","damage_taken":7,"max_hp_gain":0,"max_hp_loss":0,"event_name":"Wheel of Change","floor":2,"gold_loss":0}],"is_beta":false,"boss_relics":[],"items_purged_floors":[3],"is_endless":false,"potions_floor_spawned":[5],"killed_by":"Replay:BlueRogue","ascension_level":0}}