{"host":"ttx8tv95o5vka1nm","time":1612415168,"event":{"mods":["AchievementEnabler","BaseMod","Colored Map","Evolution","Infinite Spire","Minty Spire (QoL Compilation)","Relic Filter Mod","Reliquary","Robot Space Explorer","Shop Mod","Spicy Shops","StSLib","The Bug Knight","The Cursed","The Forsaken","The Hierophant","The Runesmith","TheBandit"],"gold_per_floor":[109,119,134,134,154,154,179,190,244,260,260,260,287,307,307,410,410,430,440,450,470,481,515,515,529,529,556,556,556,556],"floor_reached":29,"language":"ENG","playtime":2548,"items_purged":[],"score":331,"play_id":"d31b6945-060e-4c8a-9f4b-6e714ff5ce64","local_time":"20210204150608","is_ascension_mode":false,"campfire_choices":[{"data":"RobotSpaceExplorer:StarLightning","floor":6,"key":"SMITH"},{"data":"infinitespire:SevenWalls","floor":11,"key":"SMITH"},{"data":"RobotSpaceExplorer:Fix","floor":15,"key":"SMITH"},{"data":"RobotSpaceExplorer:StarLightning","floor":24,"key":"SMITH"},{"floor":28,"key":"REST"}],"circlet_count":0,"master_deck":["RobotSpaceExplorer:Strike","RobotSpaceExplorer:Strike","RobotSpaceExplorer:Strike","RobotSpaceExplorer:Strike","RobotSpaceExplorer:Defend","RobotSpaceExplorer:Defend","RobotSpaceExplorer:Defend","RobotSpaceExplorer:Defend","RobotSpaceExplorer:MiniLasers","RobotSpaceExplorer:StarLightning+1","RobotSpaceExplorer:ScrapMissile","infinitespire:SevenWalls+1","RobotSpaceExplorer:Pulsar","RobotSpaceExplorer:ShovelStrike","RobotSpaceExplorer:Counterblock","RobotSpaceExplorer:StarLightning+1","RobotSpaceExplorer:FranticSearch","RobotSpaceExplorer:Fix+1","RobotSpaceExplorer:Scanner","RobotSpaceExplorer:GlueShot","RobotSpaceExplorer:SurgingShield","RobotSpaceExplorer:FrostMissile","RobotSpaceExplorer:Ammunition","RobotSpaceExplorer:Multitool"],"relics":["RobotSpaceExplorer:RoboCore","EVO:Axolotl","reliquary:OuijaBoard","Regal Pillow","reliquary:JackalopeAntler","Black Star","Vajra","Blood Vial","Bottled Flame","reliquary:HotPoker","reliquary:FeatherDuster"],"acts_visited":["Exordium","TheCity"],"potions_floor_usage":[7,16,23,27,29],"damage_taken":[{"damage":1,"enemies":"2 Louse","floor":1,"turns":3},{"damage":0,"enemies":"Small Slimes","floor":2,"turns":4},{"damage":1,"enemies":"Jaw Worm","floor":3,"turns":4},{"damage":0,"enemies":"Blue Slaver","floor":5,"turns":2},{"damage":0,"enemies":"Gremlin Nob","floor":7,"turns":3},{"damage":0,"enemies":"Looter","floor":8,"turns":3},{"damage":0,"enemies":"3 Louse","floor":10,"turns":3},{"damage":0,"enemies":"Lagavulin","floor":13,"turns":6},{"damage":0,"enemies":"Red Slaver","floor":14,"turns":2},{"damage":5,"enemies":"Hexaghost","floor":16,"turns":10},{"damage":0,"enemies":"Shell Parasite","floor":18,"turns":7},{"damage":0,"enemies":"Cultist and Chosen","floor":19,"turns":7},{"damage":0,"enemies":"Sentry and Sphere","floor":20,"turns":7},{"damage":0,"enemies":"Snecko","floor":21,"turns":6},{"damage":2,"enemies":"Snake Plant","floor":22,"turns":6},{"damage":34,"enemies":"Gremlin Leader","floor":23,"turns":8},{"damage":0,"enemies":"Chosen and Byrds","floor":25,"turns":6},{"damage":42,"enemies":"Slavers","floor":27,"turns":6},{"damage":93,"enemies":"Nightmare","floor":29,"turns":13}],"seed_played":"-1933892062107933036","potions_obtained":[{"floor":2,"key":"Weak Potion"},{"floor":5,"key":"Swift Potion"},{"floor":10,"key":"SteroidPotion"},{"floor":14,"key":"CultistPotion"},{"floor":18,"key":"SteroidPotion"},{"floor":22,"key":"infinitespire:BlackPotion"}],"is_trial":false,"path_per_floor":["M","M","M","?","M","R","E","M","T","M","R","?","E","M","R","B",null,"M","M","M","M","M","E","R","M","T","E","R","NM"],"character_chosen":"RobotSpaceExplorer","items_purchased":[],"campfire_rested":1,"item_purchase_floors":[],"current_hp_per_floor":[81,81,80,61,61,61,61,61,61,61,61,61,61,61,61,62,82,82,82,82,82,80,52,52,60,60,26,65,0,0],"gold":556,"neow_bonus":"TEN_PERCENT_HP_BONUS","is_daily":false,"chose_seed":false,"campfire_upgraded":4,"win_rate":0.0,"timestamp":1612415168,"path_taken":["M","M","M","?","M","R","E","M","T","M","R","?","E","M","R","BOSS","M","M","M","M","M","E","R","M","T","E","R","NM"],"items_purchased_type":[],"build_version":"2020-12-22","purchased_purges":0,"victory":false,"max_hp_per_floor":[82,82,82,82,82,82,82,82,82,82,82,82,82,82,82,82,82,82,82,82,82,82,82,82,82,82,82,82,82,82],"card_choices":[{"not_picked":["RobotSpaceExplorer:StunGrenade","RobotSpaceExplorer:ImprovisedAttack"],"picked":"RobotSpaceExplorer:Pulsar","floor":1},{"not_picked":["RobotSpaceExplorer:ScrapMissile","RobotSpaceExplorer:FranticSearch"],"picked":"RobotSpaceExplorer:StarLightning","floor":2},{"not_picked":["RobotSpaceExplorer:SurgingShield","RobotSpaceExplorer:Reload"],"picked":"RobotSpaceExplorer:ScrapMissile","floor":3},{"not_picked":["infinitespire:FinalStrike","infinitespire:Menacing"],"picked":"infinitespire:SevenWalls","floor":4},{"not_picked":["RobotSpaceExplorer:ShovelStrike","RobotSpaceExplorer:SwiftStep"],"picked":"RobotSpaceExplorer:Pulsar","floor":5},{"not_picked":["RobotSpaceExplorer:Multitool","RobotSpaceExplorer:ShockKick"],"picked":"RobotSpaceExplorer:ShovelStrike","floor":7},{"not_picked":["RobotSpaceExplorer:ScrapToss","RobotSpaceExplorer:PowerCollector"],"picked":"RobotSpaceExplorer:Counterblock","floor":8},{"not_picked":["RobotSpaceExplorer:FranticSearch","RobotSpaceExplorer:Probe"],"picked":"RobotSpaceExplorer:StarLightning","floor":10},{"not_picked":["RobotSpaceExplorer:GlueSpray","RobotSpaceExplorer:StunGrenade"],"picked":"RobotSpaceExplorer:FranticSearch","floor":13},{"not_picked":["RobotSpaceExplorer:Scanner","RobotSpaceExplorer:ImprovisedAttack"],"picked":"RobotSpaceExplorer:Fix","floor":14},{"not_picked":["RobotSpaceExplorer:BlastShield","RobotSpaceExplorer:Asteroid"],"picked":"RobotSpaceExplorer:Scanner","floor":16},{"not_picked":["RobotSpaceExplorer:Discharger","RobotSpaceExplorer:ScrapMissile"],"picked":"RobotSpaceExplorer:GlueShot","floor":18},{"not_picked":["RobotSpaceExplorer:Pulsar+1","RobotSpaceExplorer:FranticSearch","RobotSpaceExplorer:Blitz"],"picked":"SKIP","floor":19},{"not_picked":["RobotSpaceExplorer:SlimeMissile+1","RobotSpaceExplorer:Ammunition"],"picked":"RobotSpaceExplorer:SurgingShield","floor":20},{"not_picked":["RobotSpaceExplorer:Fix","RobotSpaceExplorer:SurgingShield","RobotSpaceExplorer:StunGrenade"],"picked":"SKIP","floor":21},{"not_picked":["RobotSpaceExplorer:HighVoltage","RobotSpaceExplorer:Blitz","RobotSpaceExplorer:SlimeMissile"],"picked":"SKIP","floor":22},{"not_picked":["RobotSpaceExplorer:FreezeRay","RobotSpaceExplorer:FranticSearch+1"],"picked":"RobotSpaceExplorer:FrostMissile","floor":23},{"not_picked":["RobotSpaceExplorer:ShovelStrike","RobotSpaceExplorer:SurgingShield"],"picked":"RobotSpaceExplorer:Ammunition","floor":25},{"not_picked":["RobotSpaceExplorer:ShovelStrike+1","RobotSpaceExplorer:PowerGlove"],"picked":"RobotSpaceExplorer:Multitool","floor":27}],"player_experience":737460,"relics_obtained":[{"floor":7,"key":"reliquary:OuijaBoard"},{"floor":9,"key":"Regal Pillow"},{"floor":13,"key":"reliquary:JackalopeAntler"},{"floor":23,"key":"Vajra"},{"floor":23,"key":"Blood Vial"},{"floor":26,"key":"Bottled Flame"},{"floor":27,"key":"reliquary:HotPoker"},{"floor":27,"key":"reliquary:FeatherDuster"}],"event_choices":[{"damage_healed":0,"gold_gain":0,"player_choice":"Ignored","damage_taken":0,"max_hp_gain":0,"max_hp_loss":0,"event_name":"Liars Game","floor":12,"gold_loss":0}],"is_beta":false,"boss_relics":[{"not_picked":["SlaversCollar","reliquary:WritOfMandamus"],"picked":"Black Star"}],"items_purged_floors":[],"is_endless":true,"potions_floor_spawned":[2,5,10,14,18,22],"killed_by":"Nightmare","ascension_level":0}}