{"host":"m4pe905ae9bldoe7","time":1612445664,"event":{"mods":["BaseMod","Bestiary","Block Reminder","Downfall","Minty Spire (QoL Compilation)","StSLib"],"gold_per_floor":[99,374,387,402,577,587,587,612,712,723,748,765,565,576,587,686,686,686,686,686,686,705,731,806,706,739,739,739,286,286,171,186,286,286,286,305,405,29,29,41,65,91,85,85,85,85,85,112,127,127,127,127],"floor_reached":50,"language":"ENG","playtime":3535,"items_purged":["Slimebound:Defend_Slimebound","Slimebound:Strike_Slimebound","Normality","downfall:Aged"],"score":676,"play_id":"1ea0ccbd-e6e8-49e5-aa97-c3beeac75b05","local_time":"20210204143424","is_ascension_mode":true,"campfire_choices":[{"floor":1.0,"key":"RECALL"},{"floor":13,"key":"REST"},{"data":"Slimebound:DouseInSlime","floor":18,"key":"SMITH"},{"data":"Slimebound:FormOfPuddle","floor":25,"key":"SMITH"},{"floor":27,"key":"REST"},{"data":"Slimebound:AcidTongue","floor":35,"key":"SMITH"},{"data":"Slimebound:AcidTongue","floor":44,"key":"SMITH"},{"floor":47,"key":"REST"}],"circlet_count":0,"master_deck":["Slimebound:Defend_Slimebound+1","Slimebound:Defend_Slimebound+1","Slimebound:Split+1","Slimebound:CorrosiveSpit+1","Slimebound:Schlurp+1","Slimebound:LeechingTouch+1","Slimebound:Gluttony+1","Slimebound:HauntingLick+1","Slimebound:LeechingTouch+1","Slimebound:FormOfPuddle+1","Slimebound:GrowthPunch+1","Slimebound:DouseInSlime+1","Slimebound:MegaLick+1","Slimebound:SamplingLick+1","Slimebound:LeechEnergy+1","Slimebound:Recycling+1","Slimebound:Equalize+1","Slimebound:RainOfGoop+1","Slimebound:Grow+1","Slimebound:Recollect+1","Slimebound:AcidTongue+1","Slimebound:TongueLash+1","Slimebound:Replication+1","Slimebound:AcidTongue+1","Slimebound:Grow+1","Slimebound:MassFeed+1","Slimebound:LeechEnergy+1","Slimebound:Recycling+1","Enlightenment+1","Slimebound:LivingWall+1","downfall:Aged","Slimebound:AcidTongue+1","Parasite","Slimebound:Nibble+1","Slimebound:SpikyOuterGoop+1","Slimebound:MegaLick+1","Enlightenment+1","Slimebound:LivingWall+1"],"relics":["Slimebound:AbsorbEndCombat","Question Card","Molten Egg 2","Black Star","downfall:RedIOU","Bronze Scales","MealTicket","Pantograph","Shuriken","Strawberry","Slimebound:TarBlob","downfall:ExtraCursedKey","Membership Card","Juzu Bracelet","Nunchaku","Ornamental Fan","PreservedInsect","Du-Vu Doll","Gambling Chip","Smiling Mask"],"acts_visited":["Exordium","TheCity","TheBeyond"],"potions_floor_usage":[16,26,32,42,42,49,49],"damage_taken":[{"damage":3.0,"enemies":"2 Louse","floor":3.0,"turns":3.0},{"damage":3.0,"enemies":"Cultist","floor":4.0,"turns":4.0},{"damage":9.0,"enemies":"Jaw Worm","floor":6.0,"turns":4.0},{"damage":26.0,"enemies":"Gremlin Nob","floor":8.0,"turns":5.0},{"damage":23.0,"enemies":"downfall:Heads","floor":9.0,"turns":6.0},{"damage":8.0,"enemies":"Blue Slaver","floor":10.0,"turns":4.0},{"damage":24.0,"enemies":"3 Sentries","floor":11.0,"turns":8.0},{"damage":3.0,"enemies":"3 Louse","floor":12.0,"turns":4.0},{"damage":9,"enemies":"Gremlin Gang","floor":14,"turns":5},{"damage":0,"enemies":"Large Slime","floor":15,"turns":5},{"damage":11,"enemies":"WA_ARCHETYPE_RETAIN","floor":16,"turns":7},{"damage":10,"enemies":"Shell Parasite","floor":22,"turns":4},{"damage":43,"enemies":"Slavers","floor":23,"turns":8},{"damage":39,"enemies":"Book of Stabbing","floor":26,"turns":6},{"damage":0,"enemies":"downfall:FleeingMerchant","floor":29,"turns":4},{"damage":0,"enemies":"downfall:FleeingMerchant","floor":31,"turns":4},{"damage":5,"enemies":"Spheric Guardian","floor":32,"turns":5},{"damage":63,"enemies":"SI_MIRROR_ARCHETYPE","floor":33,"turns":13},{"damage":75,"enemies":"3 Darklings","floor":36,"turns":4},{"damage":8,"enemies":"downfall:FleeingMerchant","floor":38,"turns":4},{"damage":0,"enemies":"3 Shapes","floor":40,"turns":4},{"damage":31,"enemies":"Reptomancer","floor":42,"turns":5},{"damage":0,"enemies":"downfall:FleeingMerchant","floor":43,"turns":4},{"damage":14,"enemies":"Nemesis","floor":48,"turns":5},{"damage":50,"enemies":"3 Darklings","floor":49,"turns":4},{"damage":47,"enemies":"DF_ARCHETYPE_ORBS","floor":50,"turns":2}],"seed_played":"3347486074934901194","potions_obtained":[{"floor":4.0,"key":"Ancient Potion"},{"floor":8.0,"key":"sneckomod:MuddlingPotion"},{"floor":11.0,"key":"GamblersBrew"},{"floor":14,"key":"SteroidPotion"},{"floor":23,"key":"Energy Potion"},{"floor":32,"key":"Fruit Juice"},{"floor":33,"key":"ColorlessPotion"},{"floor":36,"key":"DistilledChaos"},{"floor":42,"key":"SpeedPotion"},{"floor":49,"key":"Swift Potion"}],"is_trial":false,"path_per_floor":["R","?","M","M","?","M","T","E","?","M","E","M","R","M","M","B",null,"R","?","?","?","M","E","T","R","E","R","?","$","?","$","M","B",null,"R","M","?","$","?","M","T","E","$","R","?","?","R","E","M","B"],"character_chosen":"SLIMEBOUND","items_purchased":["Slimebound:AcidTongue","Slimebound:TongueLash+1","Slimebound:Replication","Strawberry","Membership Card","Enlightenment","Slimebound:LivingWall","Juzu Bracelet","Slimebound:SpikyOuterGoop","Slimebound:MegaLick","Du-Vu Doll","Enlightenment","Slimebound:SlimedPotion"],"campfire_rested":3,"item_purchase_floors":[29,29,29,29,38,38,38,38,43,43,43,43,43],"current_hp_per_floor":[65,65,64,64,64,61,61,43,28,26,10,15,34,33,41,38,65,65,65,65,65,63,40,40,50,31,53,53,79,79,82,86,40,87,87,18,18,29,29,41,41,18,37,37,76,66,66,62,20,0,0,0],"gold":127,"neow_bonus":"UPGRADE_CARD","is_daily":false,"chose_seed":false,"campfire_upgraded":4,"win_rate":0.0,"timestamp":1612445664,"path_taken":["R","?","?","M","?","M","T","E","?","M","E","M","R","M","M","BOSS","R","?","?","?","M","E","T","R","E","R","?","$","?","?","M","BOSS","R","M","?","$","?","M","T","E","$","R","?","?","R","E","M","BOSS"],"items_purchased_type":["Card","Card","Card","Relic","Relic","Card","Card","Relic","Card","Card","Relic","Card","Potion"],"build_version":"2020-12-22","purchased_purges":4,"victory":false,"max_hp_per_floor":[65,65,65,65,65,65,65,65,65,65,65,65,65,65,65,65,65,65,65,65,65,65,65,65,75,75,75,75,82,82,82,87,87,87,87,87,87,87,87,87,87,87,87,87,76,66,66,70,70,70,70,70],"card_choices":[{"not_picked":["Slimebound:SplitMire","Slimebound:GoopTackle"],"picked":"Slimebound:Schlurp","floor":3.0},{"not_picked":["Slimebound:Prepare","Slimebound:LeechEnergy"],"picked":"Slimebound:LeechingTouch","floor":4.0},{"not_picked":["Slimebound:SamplingLick","Slimebound:Nibble"],"picked":"Slimebound:Gluttony","floor":6.0},{"not_picked":["Slimebound:SlimeSpikes","Slimebound:SplitAcid","Slimebound:TagTeam+1"],"picked":"Slimebound:HauntingLick","floor":8.0},{"not_picked":["Slimebound:FinishingTackle+1","Slimebound:PressTheAttack+1","Slimebound:SlimeBarrage+1"],"picked":"Slimebound:FormOfPuddle","floor":9.0},{"not_picked":["Slimebound:LeechEnergy+1","Slimebound:ItLooksTasty+1","Slimebound:RejuvenatingLick"],"picked":"Slimebound:GrowthPunch+1","floor":10.0},{"not_picked":["Slimebound:Dissolve","Slimebound:DisruptingSlam+1","Slimebound:MegaLick"],"picked":"Slimebound:DouseInSlime","floor":11.0},{"not_picked":["Slimebound:RejuvenatingLick","Slimebound:SplitAcid","Slimebound:Prepare"],"picked":"Slimebound:MegaLick","floor":12.0},{"not_picked":["Slimebound:HungryTackle+1","Slimebound:SplitSpecialist","Slimebound:SplitLeeching"],"picked":"Slimebound:SamplingLick","floor":14},{"not_picked":["Slimebound:LevelUp","Slimebound:GoopTackle+1","Slimebound:Repurpose"],"picked":"Slimebound:LeechEnergy+1","floor":15},{"not_picked":["Slimebound:MinionMaster","Slimebound:SlimeSlap+1","Slimebound:DuplicatedForm"],"picked":"Slimebound:Recycling","floor":16},{"not_picked":["Slimebound:Prepare","Slimebound:Schlurp","Slimebound:SplitMire"],"picked":"Slimebound:Equalize+1","floor":22},{"not_picked":["Slimebound:ItLooksTasty+1","Slimebound:Schlurp","Slimebound:HungryTackle+1"],"picked":"Slimebound:RainOfGoop+1","floor":23},{"not_picked":["Slimebound:SlimeTap","Slimebound:Chomp+1","Slimebound:ViciousTackle+1"],"picked":"Slimebound:Grow","floor":26},{"not_picked":["Slimebound:LeechingTouch+1","Slimebound:GrowthPunch+1","Slimebound:FinishingTackle+1"],"picked":"Slimebound:Recollect","floor":29},{"not_picked":["Slimebound:ItLooksTasty+1","Slimebound:Equalize+1","Slimebound:DisruptingSlam+1"],"picked":"Slimebound:AcidTongue","floor":31},{"not_picked":["Slimebound:LivingWall","Slimebound:SlimeBrawl","Slimebound:SamplingLick"],"picked":"Slimebound:Grow","floor":32},{"not_picked":["Slimebound:MassRepurpose","Slimebound:DouseInSlime","Slimebound:CheckThePlaybook"],"picked":"Slimebound:MassFeed+1","floor":33},{"not_picked":["Slimebound:FinishingTackle+1","Slimebound:Gluttony","Slimebound:SplitAcid+1"],"picked":"Slimebound:LeechEnergy+1","floor":36},{"not_picked":["Slimebound:SlimeSpikes+1","Slimebound:GoopTackle+1","Slimebound:RollThrough+1","Slimebound:Equalize+1"],"picked":"SKIP","floor":38},{"not_picked":["Slimebound:LivingWall","Slimebound:SplitSpecialist","Slimebound:ComboTackle+1"],"picked":"Slimebound:AcidTongue","floor":40},{"not_picked":["Slimebound:DisruptingSlam+1","Slimebound:Replication","Slimebound:PressTheAttack+1","Slimebound:SlimeSpikes+1"],"picked":"SKIP","floor":42},{"not_picked":["Slimebound:LeechingTouch+1","Slimebound:Dissolve+1","Slimebound:DisruptingSlam+1"],"picked":"Slimebound:Nibble+1","floor":43},{"not_picked":["Slimebound:TongueLash+1","Slimebound:Replication+1","Slimebound:Dissolve+1","Slimebound:AcidTongue"],"picked":"SKIP","floor":48},{"not_picked":["Slimebound:RollThrough+1","Slimebound:ServeAndProtect","Slimebound:SamplingLick+1"],"picked":"Slimebound:LivingWall+1","floor":49}],"player_experience":517852,"relics_obtained":[{"floor":7.0,"key":"Question Card"},{"floor":8.0,"key":"Molten Egg 2"},{"floor":11.0,"key":"Oddly Smooth Stone"},{"floor":23,"key":"Bronze Scales"},{"floor":23,"key":"MealTicket"},{"floor":26,"key":"Pantograph"},{"floor":26,"key":"Shuriken"},{"floor":41,"key":"Nunchaku"},{"floor":42,"key":"Ornamental Fan"},{"floor":42,"key":"PreservedInsect"},{"floor":48,"key":"Gambling Chip"},{"floor":48,"key":"Smiling Mask"}],"event_choices":[{"damage_healed":0,"gold_gain":0,"player_choice":"Ignored","damage_taken":0,"max_hp_gain":0,"max_hp_loss":0,"event_name":"Vampires","floor":19,"gold_loss":0}],"is_beta":false,"boss_relics":[{"not_picked":["SacredBark","Calling Bell"],"picked":"Black Star"},{"not_picked":["Pandora\u0027s Box","Philosopher\u0027s Stone"],"picked":"Slimebound:TarBlob"}],"items_purged_floors":[29,31,38,43],"is_endless":false,"potions_floor_spawned":[4,8,11,14,15,23,32,33,36,42,48,49],"killed_by":"DF_ARCHETYPE_ORBS","ascension_level":2}}