{"host":"qrt7o4dq2qslzw13","time":1612455327,"event":{"mods":["AchievementEnabler","BaseMod","Colored Map","Colored Powertips","Minty Spire (QoL Compilation)","Quick Restart","StSLib","SuperFastMode"],"gold_per_floor":[17,30,30,30,30,30,30,48,48,73,73,2,33,48,79,79,175,175,190,190,24,47,62,62,90,90,117,117,117,133,133,150,150,248,248,261,261,261,279,296,296,329,133,215,226,75,75,88,88,88,88],"floor_reached":52,"language":"ENG","playtime":1070,"items_purged":["Writhe"],"score":1073,"play_id":"a3570c29-d404-408c-9ca5-b652c834c950","local_time":"20210204111527","is_ascension_mode":true,"campfire_choices":[{"floor":7.0,"key":"REST"},{"data":"FlyingSleeves","floor":9.0,"key":"SMITH"},{"floor":16.0,"key":"REST"},{"floor":24.0,"key":"REST"},{"floor":26.0,"key":"REST"},{"data":"Ragnarok","floor":28.0,"key":"SMITH"},{"floor":33.0,"key":"REST"},{"data":"Devotion","floor":41.0,"key":"SMITH"},{"floor":47.0,"key":"REST"},{"floor":50,"key":"REST"}],"circlet_count":0,"master_deck":["Strike_P+1","Strike_P+1","Strike_P+1","Defend_P+1","Defend_P+1","Defend_P+1","Defend_P+1","Eruption","Vigilance","Thinking Ahead+1","DeceiveReality+1","CutThroughFate","FlyingSleeves+1","Ragnarok+1","Consecrate","Halt","BattleHymn","Wish","Swivel+1","Devotion+1","Good Instincts","Prostrate","Worship","SpiritShield","Wish","EmptyMind+1","Pain","Vault","Master of Strategy"],"relics":["HolyWater","Smiling Mask","White Beast Statue","Tiny Chest","Anchor","Vajra","Enchiridion","War Paint","Meat on the Bone","Oddly Smooth Stone","Cursed Key","Letter Opener","Frozen Egg 2","MealTicket","Kunai","Art of War"],"acts_visited":["Exordium","TheCity","TheBeyond"],"potions_floor_usage":[51],"damage_taken":[{"damage":5.0,"enemies":"2 Louse","floor":1.0,"turns":2.0},{"damage":0.0,"enemies":"Jaw Worm","floor":2.0,"turns":3.0},{"damage":0.0,"enemies":"Cultist","floor":8.0,"turns":3.0},{"damage":24.0,"enemies":"Gremlin Nob","floor":13.0,"turns":3.0},{"damage":2.0,"enemies":"2 Fungi Beasts","floor":14.0,"turns":2.0},{"damage":0.0,"enemies":"Lagavulin","floor":15.0,"turns":3.0},{"damage":0.0,"enemies":"Slime Boss","floor":17.0,"turns":4.0},{"damage":0.0,"enemies":"2 Thieves","floor":19.0,"turns":1.0},{"damage":0.0,"enemies":"Spheric Guardian","floor":23.0,"turns":3.0},{"damage":16.0,"enemies":"Slavers","floor":25.0,"turns":4.0},{"damage":7.0,"enemies":"Centurion and Healer","floor":30.0,"turns":4.0},{"damage":17.0,"enemies":"Shelled Parasite and Fungi","floor":32.0,"turns":5.0},{"damage":31.0,"enemies":"Collector","floor":34.0,"turns":5.0},{"damage":0.0,"enemies":"3 Shapes","floor":36.0,"turns":4.0},{"damage":0.0,"enemies":"3 Darklings","floor":39.0,"turns":3.0},{"damage":0.0,"enemies":"Transient","floor":40.0,"turns":5.0},{"damage":27.0,"enemies":"Giant Head","floor":42.0,"turns":7.0},{"damage":21.0,"enemies":"Jaw Worm Horde","floor":45.0,"turns":3.0},{"damage":23,"enemies":"Sphere and 2 Shapes","floor":48,"turns":6},{"damage":59,"enemies":"Time Eater","floor":51,"turns":7}],"seed_played":"-4530923880172218519","potions_obtained":[{"floor":2.0,"key":"Block Potion"},{"floor":8.0,"key":"Regen Potion"},{"floor":13.0,"key":"Energy Potion"},{"floor":14.0,"key":"LiquidMemories"},{"floor":15.0,"key":"Explosive Potion"},{"floor":17.0,"key":"StancePotion"},{"floor":19.0,"key":"LiquidBronze"},{"floor":23.0,"key":"EntropicBrew"},{"floor":32.0,"key":"StancePotion"},{"floor":34.0,"key":"BottledMiracle"},{"floor":42.0,"key":"FairyPotion"}],"is_trial":false,"path_per_floor":["M","M","?","$","?","T","R","M","R","T","?","$","E","M","E","R","B",null,"M","?","$","T","M","R","E","R","T","R","?","M","?","M","R","B",null,"M","?","T","M","M","R","E","$","T","M","$","R","M","?","R","B",null],"character_chosen":"WATCHER","items_purchased":["Ragnarok","Devotion","Good Instincts","MealTicket","Art of War"],"campfire_rested":7,"item_purchase_floors":[12,21,21,43,46],"current_hp_per_floor":[60,60,60,60,35,35,56,56,56,56,56,56,37,35,35,56,56,68,68,52,52,52,52,72,56,72,72,72,72,65,65,48,69,38,64,64,64,64,64,64,64,37,37,37,28,43,64,41,41,62,15],"gold":88,"neow_bonus":"RANDOM_COLORLESS_2","is_daily":false,"chose_seed":false,"campfire_upgraded":3,"win_rate":0.0,"timestamp":1612455327,"path_taken":["M","M","?","$","?","?","R","?","R","T","?","?","E","M","E","R","BOSS","M","?","$","?","M","R","E","R","T","R","?","M","?","M","R","BOSS","M","?","?","M","M","R","E","$","T","M","$","R","M","?","R","BOSS"],"items_purchased_type":["Card","Card","Card","Relic","Relic"],"build_version":"2020-12-22","purchased_purges":1,"victory":true,"max_hp_per_floor":[72,72,72,72,72,72,72,72,72,72,72,72,72,72,72,72,72,72,72,72,72,72,72,72,72,72,72,72,72,72,72,72,72,72,72,72,72,72,72,72,72,72,72,72,72,72,72,72,72,72,72],"card_choices":[{"not_picked":["Metamorphosis","Magnetism"],"picked":"Thinking Ahead","floor":0.0},{"not_picked":["FlyingSleeves","EmptyFist"],"picked":"DeceiveReality","floor":1.0},{"not_picked":["DeceiveReality","Crescendo"],"picked":"CutThroughFate","floor":2.0},{"not_picked":["EmptyFist","Protect"],"picked":"FlyingSleeves","floor":8.0},{"not_picked":["Alpha","Halt"],"picked":"Consecrate","floor":13.0},{"not_picked":["BowlingBash","SandsOfTime"],"picked":"Halt","floor":14.0},{"not_picked":["PathToVictory","FlurryOfBlows"],"picked":"BattleHymn","floor":15.0},{"not_picked":["SpiritShield","DeusExMachina"],"picked":"Wish","floor":17.0},{"not_picked":["FlurryOfBlows","EmptyBody"],"picked":"Swivel+1","floor":19.0},{"not_picked":["CrushJoints","InnerPeace"],"picked":"Prostrate","floor":23.0},{"not_picked":["Pray","EmptyBody+1"],"picked":"Worship","floor":25.0},{"not_picked":["FollowUp","CutThroughFate"],"picked":"SpiritShield","floor":30.0},{"not_picked":["Swivel","Weave","Protect"],"picked":"SKIP","floor":32.0},{"not_picked":["LessonLearned","Ragnarok"],"picked":"Wish","floor":34.0},{"not_picked":["CrushJoints+1","FollowUp+1","Crescendo+1"],"picked":"SKIP","floor":36.0},{"not_picked":["Consecrate+1","Perseverance+1","Protect+1"],"picked":"SKIP","floor":39.0},{"not_picked":["Indignation+1","ClearTheMind+1","Study"],"picked":"SKIP","floor":40.0},{"not_picked":["Evaluate+1","Crescendo"],"picked":"EmptyMind+1","floor":42.0},{"not_picked":["EmptyFist+1","FlyingSleeves+1","SashWhip+1"],"picked":"SKIP","floor":45.0},{"not_picked":["FlyingSleeves","WheelKick"],"picked":"Vault","floor":48},{"not_picked":["Sadistic Nature+1","Madness"],"picked":"Master of Strategy","floor":49}],"player_experience":627642,"relics_obtained":[{"floor":6.0,"key":"White Beast Statue"},{"floor":10.0,"key":"Tiny Chest"},{"floor":13.0,"key":"Anchor"},{"floor":15.0,"key":"Vajra"},{"floor":20.0,"key":"Enchiridion"},{"floor":22.0,"key":"War Paint"},{"floor":25.0,"key":"Meat on the Bone"},{"floor":27.0,"key":"Oddly Smooth Stone"},{"floor":38.0,"key":"Letter Opener"},{"floor":42.0,"key":"Frozen Egg 2"},{"floor":44.0,"key":"Kunai"}],"event_choices":[{"damage_healed":0.0,"max_hp_gain":0.0,"max_hp_loss":0.0,"gold_gain":0.0,"event_name":"Living Wall","player_choice":"Grow","floor":3.0,"gold_loss":0.0,"damage_taken":0.0,"cards_upgraded":["DeceiveReality"]},{"damage_healed":0.0,"max_hp_gain":0.0,"max_hp_loss":0.0,"gold_gain":0.0,"event_name":"Scrap Ooze","player_choice":"Success","floor":5.0,"gold_loss":0.0,"damage_taken":25.0,"relics_obtained":["Smiling Mask"]},{"damage_healed":0.0,"max_hp_gain":0.0,"max_hp_loss":0.0,"gold_gain":0.0,"event_name":"Dead Adventurer","player_choice":"Searched \u00270\u0027 times","floor":11.0,"gold_loss":0.0,"damage_taken":0.0},{"damage_healed":0.0,"max_hp_gain":0.0,"max_hp_loss":0.0,"gold_gain":0.0,"event_name":"Cursed Tome","player_choice":"Obtained Book","floor":20.0,"gold_loss":0.0,"damage_taken":16.0},{"damage_healed":0.0,"max_hp_gain":0.0,"max_hp_loss":0.0,"gold_gain":0.0,"event_name":"Back to Basics","player_choice":"Simplicity","floor":29.0,"gold_loss":0.0,"damage_taken":0.0,"cards_upgraded":["Strike_P","Strike_P","Strike_P","Strike_P","Defend_P","Defend_P","Defend_P"]},{"damage_healed":0.0,"max_hp_gain":0.0,"max_hp_loss":0.0,"gold_gain":0.0,"event_name":"Ghosts","player_choice":"Ignored","floor":31.0,"gold_loss":0.0,"damage_taken":0.0},{"cards_removed":["Strike_P"],"damage_healed":0.0,"max_hp_gain":0.0,"max_hp_loss":0.0,"gold_gain":0.0,"event_name":"Falling","player_choice":"Removed Attack","floor":37.0,"gold_loss":0.0,"damage_taken":0.0},{"damage_healed":0,"gold_gain":0,"player_choice":"Memory 1","damage_taken":0,"max_hp_gain":0,"max_hp_loss":0,"event_name":"SensoryStone","floor":49,"gold_loss":0}],"is_beta":false,"boss_relics":[{"not_picked":["Ectoplasm","Fusion Hammer"],"picked":"HolyWater"},{"not_picked":["SacredBark","Sozu"],"picked":"Cursed Key"}],"items_purged_floors":[43],"is_endless":false,"potions_floor_spawned":[2,8,13,14,15,17,19,23,25,30,32,34,36,39,40,42,45,48],"ascension_level":8}}