{"host":"j3zzt5y7g79qwjgw","time":1612446161,"event":{"mods":["BaseMod","Downfall","Minty Spire (QoL Compilation)","StSLib"],"gold_per_floor":[99,118,134,134,48,77,100,117,18,18,43,60,60,60,79,79,79,79],"floor_reached":16,"language":"ENG","playtime":773,"items_purged":[],"score":127,"play_id":"c47ec36e-7379-42ca-bb85-4e6e549ebdbc","local_time":"20210204191241","is_ascension_mode":true,"campfire_choices":[{"floor":1,"key":"RECALL"},{"data":"Guardian:WalkerClaw","floor":10,"key":"SMITH"},{"data":"Guardian:WalkerClaw","floor":13,"key":"SMITH"}],"circlet_count":0,"master_deck":["Guardian:Strike_Guardian","Guardian:Strike_Guardian","Guardian:Strike_Guardian","Guardian:Strike_Guardian","Guardian:Defend_Guardian","Guardian:Defend_Guardian","Guardian:Defend_Guardian","Guardian:Defend_Guardian","Guardian:CurlUp","Guardian:TwinSlam","Guardian:ChargeUp","Guardian:WalkerClaw+1","Guardian:TimeCapacitor","Guardian:ChargeUp","Guardian:Incinerate","Guardian:Suspension","Guardian:Preprogram","Guardian:WalkerClaw+1"],"relics":["Guardian:ModeShifter","Guardian:StasisCodex","Bronze Scales","Guardian:PocketSentry","Happy Flower"],"acts_visited":["Exordium"],"potions_floor_usage":[6],"damage_taken":[{"damage":0,"enemies":"2 Louse","floor":2,"turns":3},{"damage":0,"enemies":"Cultist","floor":3,"turns":4},{"damage":5,"enemies":"downfall:FleeingMerchant","floor":5,"turns":4},{"damage":14,"enemies":"Gremlin Nob","floor":6,"turns":5},{"damage":8,"enemies":"Small Slimes","floor":8,"turns":3},{"damage":0,"enemies":"downfall:FleeingMerchant","floor":9,"turns":4},{"damage":20,"enemies":"Lagavulin","floor":11,"turns":5},{"damage":4,"enemies":"Blue Slaver","floor":12,"turns":3},{"damage":4,"enemies":"Red Slaver","floor":15,"turns":2},{"damage":19,"enemies":"DF_ARCHETYPE_STREAMLINE","floor":16,"turns":3}],"seed_played":"-1101961567591754951","potions_obtained":[{"floor":3,"key":"ColorlessPotion"},{"floor":11,"key":"Guardian:DefensiveModePotion"},{"floor":12,"key":"Energy Potion"}],"is_trial":false,"path_per_floor":["R","M","M","?","$","E","T","M","$","R","E","M","R","?","M","B"],"character_chosen":"GUARDIAN","items_purchased":["Guardian:Gem_Purple","Guardian:Preprogram","Guardian:WalkerClaw"],"campfire_rested":0,"item_purchase_floors":[5,9,9],"current_hp_per_floor":[80,80,80,80,75,61,61,53,53,53,33,29,29,17,13,0,0,0],"gold":79,"neow_bonus":"THREE_CARDS","is_daily":false,"chose_seed":false,"campfire_upgraded":2,"win_rate":0.0,"timestamp":1612446161,"path_taken":["R","M","M","?","?","E","T","M","$","R","E","M","R","?","M","BOSS"],"items_purchased_type":["Card","Card","Card"],"build_version":"2020-12-22","purchased_purges":0,"victory":false,"max_hp_per_floor":[80,80,80,80,80,80,80,80,80,80,80,80,80,80,80,80,80,80],"card_choices":[{"not_picked":["Guardian:ShieldCharger","Guardian:TimeCapacitor"],"picked":"Guardian:ChargeUp","floor":0},{"not_picked":["Guardian:VentSteam","Guardian:Gem_Crimson"],"picked":"Guardian:WalkerClaw","floor":2},{"not_picked":["Guardian:PrismaticBeam","Guardian:Clone"],"picked":"Guardian:TimeCapacitor","floor":3},{"not_picked":["Guardian:Gem_White","Guardian:SentryBeam"],"picked":"Guardian:Gem_Blue","floor":5},{"not_picked":["Guardian:Repulse","Guardian:MultiBeam"],"picked":"Guardian:Incinerate","floor":6},{"not_picked":["Guardian:Recover","Guardian:RollAttack"],"picked":"Guardian:Gem_Red","floor":8},{"not_picked":["Guardian:DecasProtection","Guardian:Incinerate"],"picked":"Guardian:Suspension","floor":9},{"not_picked":["Guardian:Gem_Green","Guardian:Reroute"],"picked":"Guardian:Gem_Fragmented","floor":11},{"not_picked":["Guardian:BaubleBeam","Guardian:Gem_Lightblue"],"picked":"Guardian:Gem_Red","floor":12},{"not_picked":["Guardian:Gem_Lightblue","Guardian:DonusPower","Guardian:ShieldCharger"],"picked":"SKIP","floor":15}],"player_experience":310279,"relics_obtained":[{"floor":6,"key":"Guardian:StasisCodex"},{"floor":7,"key":"Bronze Scales"},{"floor":11,"key":"Guardian:PocketSentry"}],"event_choices":[{"damage_healed":0,"gold_gain":0,"player_choice":"Success","damage_taken":12,"relics_obtained":["Happy Flower"],"max_hp_gain":0,"max_hp_loss":0,"event_name":"Scrap Ooze","floor":14,"gold_loss":0}],"is_beta":false,"boss_relics":[],"items_purged_floors":[],"is_endless":false,"potions_floor_spawned":[3,11,12],"killed_by":"DF_ARCHETYPE_STREAMLINE","ascension_level":3}}