{"host":"8e35oykb3je6g7ng","time":1612410070,"event":{"mods":["Act Like it!","BaseMod","Better Altar","Better Match","Better Third Choice","BetterRewards","Block Reminder","Card Forge","Colored Map","Colored Powertips","Curses Come First","Jedi Mod","Marked Mod","Minty Spire (QoL Compilation)","Permanent Neow","Quick Restart","Reliquary","Shop Mod","Spicy Shops","Spire Arcade","StSLib","The Construct","The Dragon Tamer","UnlockEverythingMod"],"gold_per_floor":[113,130,146,96,96,96,128,128,173,208,208,51,76,92,92,196,196,210,230,254,254,272,303,314,314,338,355,355,380,390,21,21,125,125,135,153,163,182,196,196,196,210,210,227,227,246,260,11,11,11,11],"floor_reached":50,"language":"ENG","playtime":5093,"items_purged":["DTMod:TargetDefense"],"score":658,"play_id":"b6bea465-6117-499b-bc04-9a850b5bc10d","local_time":"20210203224110","is_ascension_mode":false,"metric_token":1555,"campfire_choices":[{"data":"DTMod:SwitchingTactic","floor":6,"key":"SMITH"},{"data":"DTMod:DoubleHit","floor":8,"key":"SMITH"},{"data":"DTMod:Harmonize","floor":11,"key":"SMITH"},{"data":"DTMod:Training","floor":15,"key":"SMITH"},{"data":"DTMod:Prediction","floor":25,"key":"SMITH"},{"data":"DTMod:TriAttack","floor":28,"key":"SMITH"},{"data":"DTMod:Astonish","floor":32,"key":"SMITH"},{"data":"DTMod:Overwhelm","floor":40,"key":"SMITH"},{"data":"DTMod:ShadowImage","floor":49,"key":"SMITH"}],"dtmod_dragon_data":[7,54,1,0,12,0],"circlet_count":0,"master_deck":["DTMod:Strike+1","DTMod:DoubleHit+1","DTMod:TargetDefense","DTMod:TargetDefense","DTMod:TargetDefense+1","DTMod:SwitchingTactic+1","DTMod:FlameSlash+1","DTMod:BurningEnergy+1","DTMod:ShieldDrain","DTMod:FlameSlash+1","DTMod:SneakAttack","DTMod:Harmonize+1","DTMod:QuickFly+1","DTMod:Training+1","DTMod:Prediction+1","DTMod:Astonish+1","DTMod:MagicField","DTMod:BreakAttack+1","DTMod:BlueScale+1","DTMod:Overwhelm+1","DTMod:TriAttack+1","DTMod:Haste","DTMod:MasterPlan","DTMod:FierySynthesis","DTMod:QuickFly","DTMod:MasterPlan+1","DTMod:BlazingStrike+1","DTMod:ComboAttack+1","DTMod:Shift+1","Mayhem","DTMod:ShadowImage+1","DTMod:Hide"],"relics":["DTMod:PactStone","Hammer of Thor","Seething Fire","Anvil of the Gods","Tiny Chest","Whetstone","reliquary:Bookmark","Anchor","jedi:hotpepper","Boot","jedi:archwizardhat","War Paint","Pantograph","TheAbacus","reliquary:Buckler","Akabeko","reliquary:RedPaperclip","reliquary:Sideboard","reliquary:ExpiredCoupon","DTMod:MindBender"],"acts_visited":["Exordium","TheCity","TheBeyond"],"potions_floor_usage":[7,16,23,24,27,29,33,39,50,50,50],"damage_taken":[{"damage":0,"enemies":"Small Slimes","floor":1,"turns":3},{"damage":0,"enemies":"2 Louse","floor":2,"turns":2},{"damage":6,"enemies":"Jaw Worm","floor":3,"turns":2},{"damage":10,"enemies":"Gremlin Nob","floor":7,"turns":5},{"damage":8,"enemies":"3 Sentries","floor":10,"turns":5},{"damage":0,"enemies":"Gremlin Nob","floor":13,"turns":3},{"damage":0,"enemies":"Lots of Slimes","floor":14,"turns":2},{"damage":4,"enemies":"Hexaghost","floor":16,"turns":6},{"damage":0,"enemies":"3 Byrds","floor":18,"turns":3},{"damage":0,"enemies":"Shell Parasite","floor":19,"turns":3},{"damage":0,"enemies":"Snecko","floor":22,"turns":5},{"damage":0,"enemies":"Gremlin Leader","floor":23,"turns":4},{"damage":0,"enemies":"Cultist and Chosen","floor":24,"turns":2},{"damage":0,"enemies":"Snake Plant","floor":27,"turns":1},{"damage":0,"enemies":"Slavers","floor":29,"turns":3},{"damage":0,"enemies":"Centurion and Healer","floor":30,"turns":4},{"damage":0,"enemies":"Collector","floor":33,"turns":8},{"damage":0,"enemies":"Orb Walker","floor":35,"turns":3},{"damage":0,"enemies":"3 Shapes","floor":36,"turns":2},{"damage":0,"enemies":"Spire Growth","floor":37,"turns":3},{"damage":0,"enemies":"Jaw Worm Horde","floor":38,"turns":4},{"damage":0,"enemies":"Transient","floor":39,"turns":5},{"damage":1,"enemies":"Spire Growth","floor":42,"turns":2},{"damage":0,"enemies":"3 Darklings","floor":44,"turns":2},{"damage":0,"enemies":"Transient","floor":46,"turns":5},{"damage":0,"enemies":"Sphere and 2 Shapes","floor":47,"turns":4},{"damage":35,"enemies":"Donu and Deca","floor":50,"turns":4}],"seed_played":"-8776426187208680481","potions_obtained":[{"floor":3,"key":"SneckoOil"},{"floor":13,"key":"FearPotion"},{"floor":16,"key":"Strength Potion"},{"floor":22,"key":"SteroidPotion"},{"floor":23,"key":"jedi:StrikingPotion"},{"floor":24,"key":"CultistPotion"},{"floor":30,"key":"Explosive Potion"},{"floor":35,"key":"Strength Potion"},{"floor":36,"key":"GamblersBrew"},{"floor":39,"key":"PowerPotion"},{"floor":46,"key":"Explosive Potion"}],"is_trial":false,"path_per_floor":["M","M","M","?","?","R","E","R","T","E","R","$","E","M","R","B",null,"M","M","T","?","M","E","M","R","T","M","R","E","M","$","R","B",null,"M","M","M","M","M","R","T","M","T","M","?","M","M","$","R","B"],"character_chosen":"THE_DT","items_purchased":["reliquary:Bookmark","TheAbacus","reliquary:Buckler","Akabeko","DTMod:MindBender","DTMod:Hide"],"campfire_rested":0,"item_purchase_floors":[12,31,31,31,48,48],"current_hp_per_floor":[45,45,39,39,39,39,29,29,29,21,21,21,21,21,21,17,33,33,33,33,33,33,33,33,33,33,33,33,33,33,33,33,33,33,33,33,33,33,33,33,33,32,32,32,32,32,32,32,32,0,0],"gold":11,"neow_bonus":"RANDOM_COMMON_RELIC","is_daily":false,"chose_seed":false,"campfire_upgraded":9,"win_rate":0.0,"timestamp":1612410070,"path_taken":["M","M","M","?","?","R","E","R","T","E","R","$","E","?","R","BOSS","M","M","?","?","M","E","?","R","T","M","R","E","M","$","R","BOSS","M","M","M","?","M","R","?","M","T","M","?","M","?","$","R","BOSS"],"items_purchased_type":["Relic","Relic","Relic","Relic","Relic","Card"],"build_version":"2020-12-22","purchased_purges":1,"victory":false,"max_hp_per_floor":[45,45,45,45,45,45,45,45,45,45,45,45,45,45,45,45,33,33,33,33,33,33,33,33,33,33,33,33,33,33,33,33,33,33,33,33,33,33,33,33,33,33,33,33,33,33,33,33,33,33,33],"card_choices":[{"not_picked":["DTMod:MagicField","DTMod:Weaken"],"picked":"DTMod:FlameSlash","floor":1},{"not_picked":["DTMod:BuildUp","DTMod:Shift"],"picked":"DTMod:BurningEnergy","floor":2},{"not_picked":["DTMod:BurningEnergy","DTMod:HeatWave"],"picked":"DTMod:ShieldDrain","floor":3},{"not_picked":["DTMod:CleansingStrike","DTMod:MagicField"],"picked":"DTMod:SneakAttack","floor":7},{"not_picked":["DTMod:BuildUp","DTMod:SneakAttack"],"picked":"DTMod:Harmonize","floor":10},{"not_picked":["DTMod:BreakAttack","DTMod:BlazingStrike"],"picked":"DTMod:QuickFly","floor":13},{"not_picked":["DTMod:GhostSkin","DTMod:BuildUp"],"picked":"DTMod:Training","floor":14},{"not_picked":["DTMod:ResonanceForm","DTMod:Multitask"],"picked":"DTMod:Prediction","floor":16},{"not_picked":["DTMod:Threaten","DTMod:BizarreTactic"],"picked":"DTMod:Astonish","floor":18},{"not_picked":["DTMod:BlazingStrike","DTMod:Punisher"],"picked":"DTMod:MagicField","floor":19},{"not_picked":["DTMod:BizarreTactic","DTMod:Feint"],"picked":"DTMod:BreakAttack+1","floor":22},{"not_picked":["DTMod:CrossStep","DTMod:Threaten"],"picked":"DTMod:BlueScale+1","floor":23},{"not_picked":["DTMod:Weaken","DTMod:BreakAttack"],"picked":"DTMod:Overwhelm","floor":24},{"not_picked":["DTMod:BreakAttack","DTMod:ComboAttack+1"],"picked":"DTMod:TriAttack","floor":27},{"not_picked":["DTMod:RunningTactic","DTMod:CleansingStrike"],"picked":"DTMod:Haste","floor":29},{"not_picked":["DTMod:SneakAttack","DTMod:QuickFly"],"picked":"DTMod:MasterPlan","floor":30},{"not_picked":["DTMod:LightShield","DTMod:ExcessFootwork"],"picked":"DTMod:FierySynthesis","floor":33},{"not_picked":["DTMod:Cover","DTMod:MagicField"],"picked":"DTMod:QuickFly","floor":35},{"not_picked":["DTMod:Feint+1","DTMod:Hide+1"],"picked":"DTMod:MasterPlan+1","floor":36},{"not_picked":["DTMod:Haste+1","DTMod:StarRain"],"picked":"DTMod:BlazingStrike+1","floor":37},{"not_picked":["DTMod:Threaten","DTMod:RecklessFlurry"],"picked":"DTMod:ComboAttack+1","floor":38},{"not_picked":["DTMod:Overwhelm+1","DTMod:Training"],"picked":"DTMod:Shift+1","floor":39},{"not_picked":["DTMod:MasterPlan+1","DTMod:BuildUp","DTMod:ShieldDrain"],"picked":"SKIP","floor":42},{"not_picked":["DTMod:BizarreTactic","DTMod:Feint+1"],"picked":"DTMod:ShadowImage","floor":44},{"not_picked":["Bandage Up","Madness"],"picked":"Mayhem","floor":45},{"not_picked":["DTMod:BuildUp","DTMod:Weaken"],"picked":"DTMod:GhostSkin","floor":46},{"not_picked":["DTMod:BizarreTactic","DTMod:BurningEnergy","DTMod:BuildUp+1"],"picked":"SKIP","floor":47}],"player_experience":522045,"relics_obtained":[{"floor":7,"key":"Whetstone"},{"floor":9,"key":"Bag of Marbles"},{"floor":10,"key":"jedi:heavyjacket"},{"floor":13,"key":"Anchor"},{"floor":20,"key":"Boot"},{"floor":23,"key":"jedi:archwizardhat"},{"floor":26,"key":"War Paint"},{"floor":29,"key":"Pantograph"},{"floor":41,"key":"reliquary:Sideboard"},{"floor":43,"key":"reliquary:ExpiredCoupon"}],"event_choices":[{"cards_removed":["DTMod:Strike"],"damage_healed":0,"gold_gain":0,"player_choice":"Card Removal","damage_taken":0,"max_hp_gain":0,"max_hp_loss":0,"event_name":"The Cleric","floor":4,"gold_loss":50},{"damage_healed":0,"gold_gain":0,"cards_transformed":["DTMod:Strike"],"player_choice":"Change","damage_taken":0,"max_hp_gain":0,"max_hp_loss":0,"event_name":"Living Wall","floor":5,"gold_loss":0,"cards_obtained":["DTMod:FlameSlash"]},{"cards_removed":["DTMod:Strike"],"damage_healed":0,"gold_gain":0,"player_choice":"Purged","damage_taken":0,"max_hp_gain":0,"max_hp_loss":0,"event_name":"Purifier","floor":21,"gold_loss":0},{"damage_healed":0,"gold_gain":0,"player_choice":"Memory 1","damage_taken":0,"max_hp_gain":0,"max_hp_loss":0,"event_name":"SensoryStone","floor":45,"gold_loss":0}],"is_beta":false,"boss_relics":[{"not_picked":["reliquary:Craggleroot","Runic Pyramid"],"picked":"jedi:hotpepper"},{"not_picked":["Pandora\u0027s Box","Runic Dome"],"picked":"reliquary:RedPaperclip"}],"items_purged_floors":[48],"is_endless":false,"potions_floor_spawned":[3,13,16,22,23,24,30,35,36,39,46],"killed_by":"Donu and Deca","ascension_level":0}}