{"host":"ydh61a5ftgdajrbo","time":1612442405,"event":{"mods":["BaseMod","Colored Map","DeckTracker","Downfall","Hermit","Marisa¡]Ãú«B¡@Å]²z¨F¡^","Minty Spire (QoL Compilation)","Spire Arcade","StSLib","The Cursed","The Servant 0.9.4","Yakumo Yukari mod"],"gold_per_floor":[110,126,126,156,186,198,242,254,266,453,484,496,508,534,546,659,671,683,683],"floor_reached":18,"language":"ZHS","playtime":951,"items_purged":[],"score":170,"play_id":"f72363f5-3760-4f43-9db9-6acc16d90bd3","local_time":"20210204204005","is_ascension_mode":true,"campfire_choices":[{"data":"Luminosity","floor":6,"key":"SMITH"},{"data":"Spin","floor":8,"key":"SMITH"},{"floor":13,"key":"REST"},{"floor":15,"key":"REST"}],"circlet_count":0,"master_deck":["Strike_S","Strike_S","Strike_S","Strike_S","Defend_S","Defend_S","Defend_S","Defend_S","KidneyShot","Exchange","BottledTime","Luminosity+1","TimeWarp","Defy","Spin+1","DoubleEdge","FastForward+1","MurderousAura"],"relics":["Uniform","MawBank","Toxic Egg 2","Matryoshka","expansioncontent:StudyCardRelic"],"acts_visited":["TheCity"],"potions_floor_usage":[16,16],"damage_taken":[{"damage":3.0,"enemies":"Small Slimes","floor":1.0,"turns":3.0},{"damage":0.0,"enemies":"2 Louse","floor":2.0,"turns":4.0},{"damage":2.0,"enemies":"Jaw Worm","floor":4.0,"turns":3.0},{"damage":4,"enemies":"Large Slime","floor":5,"turns":7},{"damage":21,"enemies":"Lagavulin","floor":7,"turns":9},{"damage":4,"enemies":"Looter","floor":11,"turns":3},{"damage":25,"enemies":"Exordium Wildlife","floor":14,"turns":3},{"damage":32,"enemies":"The Guardian","floor":16,"turns":9},{"damage":5,"enemies":"3 Byrds","floor":18,"turns":2}],"seed_played":"1950374718250946796","potions_obtained":[{"floor":5,"key":"Energy Potion"},{"floor":11,"key":"ColorlessPotion"},{"floor":14,"key":"Fire Potion"},{"floor":16,"key":"DuplicationPotion"}],"is_trial":false,"path_per_floor":["M","M","?","M","M","R","E","R","T","?","M","?","R","M","R","B",null,"M"],"character_chosen":"THE_SERVANT","items_purchased":[],"campfire_rested":2,"item_purchase_floors":[],"current_hp_per_floor":[68,68,65,63,59,59,38,38,38,38,34,27,48,23,44,12,71,66,66],"gold":683,"neow_bonus":"TEN_PERCENT_HP_BONUS","is_daily":false,"chose_seed":false,"campfire_upgraded":2,"win_rate":0.0,"timestamp":1612442405,"path_taken":["M","M","?","M","M","R","E","R","T","?","M","?","R","M","R","BOSS","M"],"items_purchased_type":[],"build_version":"2020-12-22","purchased_purges":0,"victory":false,"max_hp_per_floor":[71,71,71,71,71,71,71,71,71,71,71,71,71,71,71,71,71,71,71],"card_choices":[{"not_picked":["Spin","GearUp"],"picked":"BottledTime","floor":1.0},{"not_picked":["Revamp","WasteNot"],"picked":"Luminosity","floor":2.0},{"not_picked":["DoubleEdge","GearUp"],"picked":"TimeWarp","floor":4.0},{"not_picked":["Contraction","FloweringNight"],"picked":"Defy","floor":5},{"not_picked":["Unruled","FastForward+1"],"picked":"Spin","floor":7},{"not_picked":["Revamp+1","Rearm+1"],"picked":"DoubleEdge","floor":11},{"not_picked":["Potential","ShatteredReality"],"picked":"FastForward+1","floor":14},{"not_picked":["Duplication+1","FloweringNight"],"picked":"MurderousAura","floor":16}],"player_experience":356085,"relics_obtained":[{"floor":7,"key":"Toxic Egg 2"},{"floor":9,"key":"Matryoshka"}],"event_choices":[{"damage_healed":0.0,"max_hp_gain":0.0,"max_hp_loss":0.0,"gold_gain":0.0,"event_name":"Scrap Ooze","player_choice":"Success","floor":3.0,"gold_loss":0.0,"damage_taken":3.0,"relics_obtained":["MawBank"]},{"damage_healed":0,"gold_gain":175,"player_choice":"AGREE","damage_taken":0,"max_hp_gain":0,"max_hp_loss":0,"event_name":"Liars Game","floor":10,"gold_loss":0,"cards_obtained":["Doubt"]},{"cards_removed":["Doubt"],"damage_healed":0,"gold_gain":0,"player_choice":"Card Removal","damage_taken":7,"max_hp_gain":0,"max_hp_loss":0,"event_name":"Golden Wing","floor":12,"gold_loss":0}],"is_beta":false,"boss_relics":[{"not_picked":["Empty Cage","Busted Crown"],"picked":"expansioncontent:StudyCardRelic"}],"items_purged_floors":[],"is_endless":false,"potions_floor_spawned":[5,11,14,16],"killed_by":"3 Byrds","ascension_level":1}}