{"host":"vld99k9l4elccfy8","time":1612399340,"event":{"mods":["AchievementEnabler","BaseMod","Bestiary","Block Reminder","Colored Map","Colored Powertips","Custom Start","Highlight Path","Minty Spire (QoL Compilation)","Permanent Neow","Rare Cards Sparkle"],"gold_per_floor":[365,290,290,104,121,151,151,171,171,171,191,105,105,117,117,214,264,279,297,297,154,169,169,169,169,169,180,180,209,209,228,228,327,327,346,9,9,20,32,32,51,51,51,51,29,29,41,68,68,68,68],"floor_reached":50,"language":"ENG","playtime":2259,"items_purged":["Pain"],"score":570,"play_id":"99f52b5e-ab53-4f62-9b36-ff5cb2cedac1","local_time":"20210203174220","is_ascension_mode":false,"campfire_choices":[{"floor":7.0,"key":"REST"},{"floor":13.0,"key":"REST"},{"floor":15.0,"key":"RECALL"},{"data":"Darkness","floor":23.0,"key":"SMITH"},{"floor":28.0,"key":"REST"},{"floor":30.0,"key":"REST"},{"floor":32.0,"key":"REST"},{"floor":40,"key":"REST"},{"floor":44,"key":"REST"},{"floor":46,"key":"REST"},{"floor":49,"key":"REST"}],"circlet_count":0,"master_deck":["Strike_B","Strike_B","Strike_B","Defend_B","Defend_B+1","Defend_B","Zap","Dualcast+1","Conserve Battery","Barrage+1","Capacitor","Swift Strike+1","Redo+1","Rebound+1","Chaos","Ball Lightning+1","Gash+1","Scrape+1","Compile Driver+1","Buffer","Sweeping Beam+1","Darkness+1","Gash+1","Gash+1","BootSequence","Sunder+1","Electrodynamics","Go for the Eyes+1","Multi-Cast","Chill+1","Aggregate","Beam Cell+1","Melter+1","Force Field+1","Gash+1","Beam Cell+1","Lockon+1","Sweeping Beam+1"],"relics":["Cracked Core","Molten Egg 2","War Paint","Tiny House","Lee\u0027s Waffle","Mercury Hourglass","Red Mask","Black Star","Cables","Happy Flower","StoneCalendar","Potion Belt","Smiling Mask"],"acts_visited":["Exordium","TheCity","TheBeyond"],"potions_floor_usage":[48],"damage_taken":[{"damage":6.0,"enemies":"Small Slimes","floor":1.0,"turns":4.0},{"damage":1.0,"enemies":"Jaw Worm","floor":5.0,"turns":4.0},{"damage":46.0,"enemies":"Lagavulin","floor":6.0,"turns":6.0},{"damage":0.0,"enemies":"Cultist","floor":8.0,"turns":3.0},{"damage":0.0,"enemies":"Red Slaver","floor":11.0,"turns":3.0},{"damage":0.0,"enemies":"2 Fungi Beasts","floor":14.0,"turns":1.0},{"damage":17.0,"enemies":"Slime Boss","floor":16.0,"turns":9.0},{"damage":29.0,"enemies":"2 Thieves","floor":18.0,"turns":4.0},{"damage":11.0,"enemies":"3 Byrds","floor":19.0,"turns":4.0},{"damage":14.0,"enemies":"3 Cultists","floor":22.0,"turns":4.0},{"damage":20.0,"enemies":"Snake Plant","floor":27.0,"turns":3.0},{"damage":19.0,"enemies":"Masked Bandits","floor":29.0,"turns":3.0},{"damage":23.0,"enemies":"Snecko","floor":31.0,"turns":5.0},{"damage":63.0,"enemies":"Champ","floor":33.0,"turns":8.0},{"damage":10.0,"enemies":"Orb Walker","floor":35.0,"turns":3.0},{"damage":30.0,"enemies":"3 Darklings","floor":38.0,"turns":5.0},{"damage":38,"enemies":"Writhing Mass","floor":39,"turns":6},{"damage":8,"enemies":"Jaw Worm Horde","floor":41,"turns":4},{"damage":19,"enemies":"Transient","floor":47,"turns":5},{"damage":71,"enemies":"Nemesis","floor":48,"turns":5},{"damage":37,"enemies":"Time Eater","floor":50,"turns":3}],"seed_played":"7633048112771694365","potions_obtained":[{"floor":1.0,"key":"SteroidPotion"},{"floor":6.0,"key":"Explosive Potion"},{"floor":17.0,"key":"EssenceOfDarkness"},{"floor":18.0,"key":"Fruit Juice"},{"floor":19.0,"key":"DuplicationPotion"},{"floor":38.0,"key":"SpeedPotion"},{"floor":41,"key":"SkillPotion"}],"is_trial":false,"path_per_floor":["M","$","?","$","M","E","R","M","T","?","M","$","R","M","R","B",null,"M","M","?","$","M","R","?","?","T","M","R","?","R","M","R","B",null,"M","$","?","M","M","R","M","?","T","R","$","R","M","E","R","B"],"character_chosen":"DEFECT","items_purchased":["Barrage+1","Capacitor","Swift Strike+1","Gash+1","Scrape+1","Lee\u0027s Waffle","Cables","Aggregate","Beam Cell+1","Beam Cell+1"],"campfire_rested":9,"item_purchase_floors":[4,4,4,12,12,21,36,36,36,45],"current_hp_per_floor":[69,69,57,57,56,10,32,32,32,32,32,32,54,54,54,37,80,56,45,45,92,78,78,60,60,60,40,69,50,79,56,85,22,97,87,87,87,57,19,48,40,40,40,69,69,97,78,7,36,0,0],"gold":68,"neow_bonus":"TWO_FIFTY_GOLD","is_daily":false,"chose_seed":false,"campfire_upgraded":1,"win_rate":0.0,"timestamp":1612399340,"path_taken":["M","$","?","?","M","E","R","M","T","?","?","?","R","M","R","BOSS","M","M","?","$","M","R","?","?","T","M","R","?","R","M","R","BOSS","M","$","?","?","M","R","?","?","T","R","?","R","?","E","R","BOSS"],"items_purchased_type":["Card","Card","Card","Card","Card","Relic","Relic","Card","Card","Card"],"build_version":"2020-12-22","purchased_purges":1,"victory":false,"max_hp_per_floor":[75,75,75,75,75,75,75,75,75,75,75,75,75,75,75,75,80,85,85,85,92,92,92,97,97,97,97,97,97,97,97,97,97,97,97,97,97,97,97,97,97,97,97,97,97,97,97,97,97,97,97],"card_choices":[{"not_picked":["Cold Snap","Rebound"],"picked":"Conserve Battery","floor":1.0},{"not_picked":["Compile Driver+1","Defragment"],"picked":"Redo","floor":5.0},{"not_picked":["Biased Cognition","Recycle"],"picked":"Rebound+1","floor":6.0},{"not_picked":["Steam","Turbo"],"picked":"Chaos","floor":8.0},{"not_picked":["Aggregate","Undo"],"picked":"Ball Lightning+1","floor":11.0},{"not_picked":["Hologram","Rebound+1"],"picked":"Compile Driver+1","floor":14.0},{"not_picked":["Biased Cognition","Reboot"],"picked":"Buffer","floor":16.0},{"not_picked":["Redo","Ball Lightning+1"],"picked":"Sweeping Beam+1","floor":17.0},{"not_picked":["Storm+1","Ball Lightning+1"],"picked":"Darkness","floor":18.0},{"not_picked":["Cold Snap+1","Ball Lightning+1"],"picked":"Gash+1","floor":19.0},{"not_picked":["Sunder+1","Ball Lightning+1"],"picked":"Gash+1","floor":22.0},{"not_picked":["Barrage+1","Genetic Algorithm"],"picked":"Sunder+1","floor":27.0},{"not_picked":["Rebound+1","Hologram"],"picked":"Electrodynamics","floor":29.0},{"not_picked":["Leap","Cold Snap+1"],"picked":"Go for the Eyes+1","floor":31.0},{"not_picked":["Machine Learning","Meteor Strike+1"],"picked":"Multi-Cast","floor":33.0},{"not_picked":["Barrage+1","Coolheaded+1"],"picked":"Chill+1","floor":35.0},{"not_picked":["Darkness","Static Discharge"],"picked":"Melter+1","floor":38.0},{"not_picked":["Blizzard+1","Storm"],"picked":"Force Field+1","floor":39},{"not_picked":["Compile Driver+1","Beam Cell+1"],"picked":"Gash+1","floor":41},{"not_picked":["Consume+1","Coolheaded+1"],"picked":"Lockon+1","floor":47},{"not_picked":["Barrage+1","Coolheaded+1"],"picked":"Sweeping Beam+1","floor":48}],"player_experience":377320,"relics_obtained":[{"floor":6.0,"key":"War Paint"},{"floor":26.0,"key":"Mercury Hourglass"},{"floor":29.0,"key":"Red Mask"},{"floor":43,"key":"StoneCalendar"},{"floor":48,"key":"Potion Belt"},{"floor":48,"key":"Smiling Mask"}],"event_choices":[{"damage_healed":0.0,"max_hp_gain":0.0,"max_hp_loss":0.0,"gold_gain":0.0,"event_name":"Scrap Ooze","player_choice":"Success","floor":3.0,"gold_loss":0.0,"damage_taken":12.0,"relics_obtained":["Molten Egg 2"]},{"damage_healed":0.0,"max_hp_gain":0.0,"max_hp_loss":0.0,"gold_gain":0.0,"event_name":"NoteForYourself","player_choice":"Ignored","floor":10.0,"gold_loss":0.0,"damage_taken":0.0},{"damage_healed":0.0,"max_hp_gain":0.0,"max_hp_loss":0.0,"gold_gain":0.0,"event_name":"Vampires","player_choice":"Ignored","floor":20.0,"gold_loss":0.0,"damage_taken":0.0},{"damage_healed":0.0,"max_hp_gain":5.0,"max_hp_loss":0.0,"gold_gain":0.0,"event_name":"Forgotten Altar","player_choice":"Shed Blood","floor":24.0,"gold_loss":0.0,"damage_taken":23.0},{"damage_healed":0.0,"max_hp_gain":0.0,"max_hp_loss":0.0,"gold_gain":0.0,"cards_transformed":["Strike_B","Defend_B"],"event_name":"Drug Dealer","player_choice":"Became Test Subject","floor":25.0,"gold_loss":0.0,"damage_taken":0.0,"cards_obtained":["BootSequence","Capacitor"]},{"damage_healed":0.0,"max_hp_gain":0.0,"max_hp_loss":0.0,"gold_gain":0.0,"event_name":"Masked Bandits","player_choice":"Fought Bandits","floor":29.0,"gold_loss":0.0,"damage_taken":0.0},{"damage_healed":0.0,"max_hp_gain":0.0,"max_hp_loss":0.0,"gold_gain":0.0,"event_name":"WeMeetAgain","player_choice":"Gave Potion","floor":37.0,"gold_loss":0.0,"damage_taken":0.0,"relics_obtained":["Happy Flower"]},{"cards_removed":["Capacitor"],"damage_healed":0,"gold_gain":0,"player_choice":"Removed Power","damage_taken":0,"max_hp_gain":0,"max_hp_loss":0,"event_name":"Falling","floor":42,"gold_loss":0}],"is_beta":false,"boss_relics":[{"not_picked":["Astrolabe","FrozenCore"],"picked":"Tiny House"},{"not_picked":["Empty Cage","Sozu"],"picked":"Black Star"}],"items_purged_floors":[2],"is_endless":false,"potions_floor_spawned":[1,6,18,19,27,38,41,47],"killed_by":"Time Eater","ascension_level":0}}