{"host":"94aus4jnk6thj94q","time":1612468605,"event":{"mods":["BaseMod","Minty Spire (QoL Compilation)","Quick Restart","StSLib"],"gold_per_floor":[113,113,125,125,18,37,63,63,63,78,78,93,268,268,268,367,367,367,367],"floor_reached":18,"language":"ENG","playtime":876,"items_purged":[],"score":160,"play_id":"1a5a91c2-f0b2-41a5-b891-ad84db9cabbc","local_time":"20210204215645","is_ascension_mode":false,"campfire_choices":[{"data":"Echo Form","floor":8.0,"key":"SMITH"},{"floor":11.0,"key":"REST"},{"data":"Redo","floor":15.0,"key":"SMITH"}],"circlet_count":0,"master_deck":["Strike_B","Strike_B","Strike_B","Strike_B","Defend_B","Defend_B","Defend_B","Defend_B","Zap","Dualcast","Seek+1","Conserve Battery","Doom and Gloom","Conserve Battery","Self Repair","Leap","Echo Form+1","Redo+1","Doubt","Parasite"],"relics":["FrozenCore","Oddly Smooth Stone","Bottled Tornado"],"acts_visited":["Exordium","TheCity"],"potions_floor_usage":[],"damage_taken":[{"damage":0.0,"enemies":"Small Slimes","floor":1.0,"turns":2.0},{"damage":0.0,"enemies":"2 Louse","floor":3.0,"turns":3.0},{"damage":0.0,"enemies":"Cultist","floor":6.0,"turns":4.0},{"damage":24.0,"enemies":"Lagavulin","floor":7.0,"turns":8.0},{"damage":18.0,"enemies":"Exordium Thugs","floor":10.0,"turns":4.0},{"damage":18.0,"enemies":"Lots of Slimes","floor":12.0,"turns":4.0},{"damage":50.0,"enemies":"Hexaghost","floor":16.0,"turns":11.0},{"damage":34,"enemies":"Chosen","floor":18,"turns":11}],"seed_played":"-1586827023198227186","potions_obtained":[{"floor":1.0,"key":"Swift Potion"},{"floor":3.0,"key":"PotionOfCapacity"},{"floor":10.0,"key":"Strength Potion"}],"is_trial":false,"path_per_floor":["M","?","M","?","$","M","E","R","T","M","R","M","?","?","R","B",null,"M"],"character_chosen":"DEFECT","items_purchased":["Conserve Battery","Self Repair"],"campfire_rested":1,"item_purchase_floors":[5,5],"current_hp_per_floor":[75,75,75,80,80,80,63,63,63,45,69,58,58,78,78,35,80,46,46],"gold":367,"neow_bonus":"ONE_RANDOM_RARE_CARD","is_daily":false,"chose_seed":false,"campfire_upgraded":2,"win_rate":0.0,"timestamp":1612468605,"path_taken":["M","?","M","?","$","M","E","R","T","M","R","M","?","?","R","BOSS","M"],"items_purchased_type":["Card","Card"],"build_version":"2020-12-22","purchased_purges":0,"victory":false,"max_hp_per_floor":[75,75,75,80,80,80,80,80,80,80,80,80,80,80,80,80,80,80,80],"card_choices":[{"not_picked":["Stack","Hologram"],"picked":"Conserve Battery","floor":1.0},{"not_picked":["Rebound","Conserve Battery"],"picked":"Doom and Gloom","floor":3.0},{"not_picked":["Self Repair","Barrage"],"picked":"Leap","floor":6.0},{"not_picked":["Tempest","Stack"],"picked":"Echo Form","floor":7.0},{"not_picked":["Go for the Eyes","Fusion","Rebound"],"picked":"SKIP","floor":10.0},{"not_picked":["Aggregate","Genetic Algorithm"],"picked":"Redo","floor":12.0}],"player_experience":4481313,"relics_obtained":[{"floor":7.0,"key":"Oddly Smooth Stone"},{"floor":9.0,"key":"Bottled Tornado"}],"event_choices":[{"damage_healed":0.0,"max_hp_gain":0.0,"max_hp_loss":0.0,"gold_gain":0.0,"event_name":"Living Wall","player_choice":"Grow","floor":2.0,"gold_loss":0.0,"damage_taken":0.0,"cards_upgraded":["Seek"]},{"damage_healed":0.0,"max_hp_gain":5.0,"max_hp_loss":0.0,"gold_gain":0.0,"event_name":"Big Fish","player_choice":"Donut","floor":4.0,"gold_loss":0.0,"damage_taken":0.0},{"damage_healed":0.0,"max_hp_gain":0.0,"max_hp_loss":0.0,"gold_gain":175.0,"event_name":"Liars Game","player_choice":"AGREE","floor":13.0,"gold_loss":0.0,"damage_taken":0.0,"cards_obtained":["Doubt"]},{"damage_healed":20.0,"max_hp_gain":0.0,"max_hp_loss":0.0,"gold_gain":0.0,"event_name":"Mushrooms","player_choice":"Healed and dodged fight","floor":14.0,"gold_loss":0.0,"damage_taken":0.0,"cards_obtained":["Parasite"]}],"is_beta":false,"boss_relics":[{"not_picked":["Calling Bell","Cursed Key"],"picked":"FrozenCore"}],"items_purged_floors":[],"is_endless":false,"potions_floor_spawned":[1,3,10],"killed_by":"Chosen","ascension_level":0}}