{"host":"ml2ro5l6hu6y0pll","time":1612481366,"event":{"mods":["AchievementEnabler","BaseMod","Colored Map","Colored Powertips","Custom Start","Googly Eyes","Minty Spire (QoL Compilation)","Quick Restart","Rare Cards Sparkle","Relic Stats","StSLib","everything is the same but u backflip on backflip"],"gold_per_floor":[116,128,138,150,150,179,14,40,40,65,65,65,84,102,102,176,176,190,206,131,46,80,80,111,123,135,176,203,56,81,81,81,158,158,175,193,209,225,447,482,482,482,506,524,536,536,567,585,585,585,585],"floor_reached":52,"language":"ENG","playtime":3256,"items_purged":["Skim"],"score":2034,"play_id":"d4fa4fbd-13a1-45d3-9da0-1c155aa65cca","local_time":"20210204232926","is_ascension_mode":true,"campfire_choices":[{"data":"Genetic Algorithm","floor":11,"key":"SMITH"},{"data":"Defragment","floor":15,"key":"SMITH"},{"data":"Defragment","floor":23,"key":"SMITH"},{"data":"Rainbow","floor":25,"key":"SMITH"},{"data":"Barrage","floor":32,"key":"SMITH"},{"floor":41,"key":"REST"},{"floor":46,"key":"REST"},{"floor":49,"key":"REST"}],"circlet_count":0,"master_deck":["Hologram","Leap","Rip and Tear","Sunder+1","Defragment+1","Rainbow+1","White Noise","Dualcast","Cold Snap","Doom and Gloom","Core Surge","Go for the Eyes","Sweeping Beam","Cold Snap","Sweeping Beam","Glacier","Genetic Algorithm+1","Ball Lightning","Coolheaded","Turbo+1","Defragment+1","Barrage+1","Reboot","Creative AI+1"],"relics":["Cracked Core","OrangePellets","Shuriken","Lantern","Anchor","Lee\u0027s Waffle","Potion Belt","Bottled Lightning","Ice Cream","Inserter","Ornamental Fan","Red Mask","MawBank","Smiling Mask","Pantograph","Busted Crown","Strawberry","Dream Catcher","White Beast Statue"],"acts_visited":["Exordium","TheCity","TheBeyond"],"potions_floor_usage":[4,6,24,24,30,33,37,37],"damage_taken":[{"damage":0,"enemies":"Cultist","floor":1,"turns":2},{"damage":9,"enemies":"Jaw Worm","floor":2,"turns":2},{"damage":0,"enemies":"2 Louse","floor":3,"turns":1},{"damage":23,"enemies":"Exordium Thugs","floor":4,"turns":3},{"damage":2,"enemies":"Lagavulin","floor":6,"turns":7},{"damage":24,"enemies":"3 Sentries","floor":8,"turns":4},{"damage":0,"enemies":"Lagavulin","floor":10,"turns":6},{"damage":0,"enemies":"3 Louse","floor":13,"turns":3},{"damage":0,"enemies":"2 Fungi Beasts","floor":14,"turns":2},{"damage":13,"enemies":"The Guardian","floor":16,"turns":13},{"damage":12,"enemies":"3 Byrds","floor":18,"turns":6},{"damage":0,"enemies":"Chosen","floor":19,"turns":4},{"damage":0,"enemies":"Masked Bandits","floor":22,"turns":4},{"damage":20,"enemies":"Book of Stabbing","floor":24,"turns":5},{"damage":20,"enemies":"Slavers","floor":27,"turns":6},{"damage":0,"enemies":"Snake Plant","floor":28,"turns":5},{"damage":0,"enemies":"Book of Stabbing","floor":30,"turns":6},{"damage":24,"enemies":"Automaton","floor":33,"turns":10},{"damage":0,"enemies":"3 Shapes","floor":35,"turns":3},{"damage":0,"enemies":"3 Darklings","floor":36,"turns":5},{"damage":18,"enemies":"Jaw Worm Horde","floor":37,"turns":4},{"damage":25,"enemies":"Writhing Mass","floor":38,"turns":7},{"damage":14,"enemies":"Reptomancer","floor":40,"turns":7},{"damage":24,"enemies":"Transient","floor":44,"turns":6},{"damage":0,"enemies":"Maw","floor":45,"turns":8},{"damage":24,"enemies":"Nemesis","floor":47,"turns":9},{"damage":0,"enemies":"Writhing Mass","floor":48,"turns":6},{"damage":31,"enemies":"Donu and Deca","floor":50,"turns":10},{"damage":33,"enemies":"Awakened One","floor":51,"turns":14}],"seed_played":"-8878362532354343750","potions_obtained":[{"floor":2,"key":"EntropicBrew"},{"floor":10,"key":"Weak Potion"},{"floor":13,"key":"DistilledChaos"},{"floor":18,"key":"BlessingOfTheForge"},{"floor":22,"key":"LiquidBronze"},{"floor":28,"key":"Block Potion"},{"floor":30,"key":"SkillPotion"},{"floor":36,"key":"Swift Potion"},{"floor":38,"key":"GamblersBrew"},{"floor":47,"key":"Weak Potion"}],"is_trial":true,"path_per_floor":["M","M","M","M","?","E","$","E","T","E","R","?","M","M","R","B",null,"M","M","?","?","?","R","E","R","T","E","M","$","E","?","R","B",null,"M","M","M","M","?","E","R","?","T","M","M","R","E","M","R","B","B",null],"character_chosen":"DEFECT","items_purchased":["Lee\u0027s Waffle","EssenceOfDarkness"],"campfire_rested":3,"item_purchase_floors":[7,29],"current_hp_per_floor":[64,55,55,32,32,30,78,54,54,54,54,78,78,78,78,65,75,63,63,63,63,63,63,43,43,43,23,23,23,23,23,23,24,65,65,65,47,22,22,15,40,40,40,16,16,41,17,17,42,36,28],"gold":585,"neow_bonus":"","is_daily":false,"chose_seed":false,"campfire_upgraded":5,"win_rate":0.0,"timestamp":1612481366,"path_taken":["M","?","M","?","?","E","$","E","T","E","R","?","M","M","R","BOSS","M","M","?","?","?","R","E","R","T","E","M","$","E","?","R","BOSS","M","?","M","M","?","E","R","?","T","M","M","R","E","M","R","BOSS","BOSS"],"items_purchased_type":["Relic","Potion"],"build_version":"2020-12-22","purchased_purges":1,"victory":true,"max_hp_per_floor":[71,71,71,71,71,71,78,78,78,78,78,78,78,78,78,78,78,78,78,78,78,78,78,78,78,78,78,78,78,78,78,78,78,78,78,78,78,78,78,85,85,85,85,85,85,85,85,85,85,85,85],"relic_stats":{"OrangePellets":[11],"Lee\u0027s Waffle":48,"Dream Catcher":2,"Inserter":[62],"Busted Crown":22,"counters":[29,168],"Shuriken":[45],"Ornamental Fan":[148],"Pantograph":75,"MawBank":60,"Smiling Mask":25,"obtain_stats":[{"Potion Belt":8,"Ice Cream":10,"Lantern":0,"Lee\u0027s Waffle":7,"Inserter":17,"MawBank":24,"Smiling Mask":27,"White Beast Statue":47,"OrangePellets":0,"Anchor":6,"Dream Catcher":43,"Busted Crown":34,"Shuriken":0,"Ornamental Fan":21,"Pantograph":30,"Strawberry":40,"Red Mask":22,"Bottled Lightning":9,"Cracked Core":0},{"Potion Belt":6,"Ice Cream":7,"Lantern":0,"Lee\u0027s Waffle":5,"Inserter":10,"MawBank":14,"Smiling Mask":15,"White Beast Statue":26,"OrangePellets":0,"Anchor":5,"Dream Catcher":23,"Busted Crown":18,"Shuriken":0,"Ornamental Fan":12,"Pantograph":17,"Strawberry":23,"Red Mask":13,"Bottled Lightning":6,"Cracked Core":0},{"Potion Belt":19,"Ice Cream":25,"Lantern":0,"Lee\u0027s Waffle":15,"Inserter":43,"MawBank":62,"Smiling Mask":68,"White Beast Statue":138,"OrangePellets":0,"Anchor":15,"Dream Catcher":115,"Busted Crown":89,"Shuriken":0,"Ornamental Fan":53,"Pantograph":79,"Strawberry":115,"Red Mask":57,"Bottled Lightning":19,"Cracked Core":0}]},"card_choices":[{"not_picked":["Redo","Heatsinks"],"picked":"Cold Snap","floor":1},{"not_picked":["Chill","Rebound"],"picked":"Sweeping Beam","floor":2},{"not_picked":["Cold Snap","Barrage"],"picked":"Glacier","floor":3},{"not_picked":["Beam Cell","All For One"],"picked":"Genetic Algorithm","floor":4},{"not_picked":["Beam Cell","Leap"],"picked":"Ball Lightning","floor":6},{"not_picked":["Gash","Leap","Hello World"],"picked":"SKIP","floor":8},{"not_picked":["Chill","Rip and Tear","Reboot"],"picked":"SKIP","floor":10},{"not_picked":["Conserve Battery","Turbo"],"picked":"Coolheaded","floor":13},{"not_picked":["Coolheaded","Beam Cell","Sunder"],"picked":"SKIP","floor":14},{"not_picked":["Compile Driver","Go for the Eyes"],"picked":"Turbo+1","floor":18},{"not_picked":["Conserve Battery","Chill"],"picked":"Defragment","floor":19},{"not_picked":["Rebound","Steam","Double Energy+1"],"picked":"SKIP","floor":24},{"not_picked":["Barrage","Skim","Compile Driver"],"picked":"SKIP","floor":27},{"not_picked":["Sweeping Beam","Coolheaded"],"picked":"Barrage","floor":28},{"not_picked":["Beam Cell","Leap","Conserve Battery"],"picked":"SKIP","floor":30},{"not_picked":["Hyperbeam","Machine Learning"],"picked":"Creative AI","floor":33},{"not_picked":["Self Repair"],"picked":"SKIP","floor":35},{"not_picked":["Rip and Tear+1"],"picked":"SKIP","floor":36},{"not_picked":["Compile Driver"],"picked":"SKIP","floor":37},{"not_picked":["Barrage"],"picked":"SKIP","floor":38},{"not_picked":["Ball Lightning+1"],"picked":"SKIP","floor":40},{"not_picked":["Reinforced Body+1"],"picked":"SKIP","floor":44},{"not_picked":["Ball Lightning"],"picked":"SKIP","floor":45},{"not_picked":["Lockon+1"],"picked":"SKIP","floor":47},{"not_picked":["Leap"],"picked":"SKIP","floor":48}],"player_experience":916293,"relics_obtained":[{"floor":6,"key":"Anchor"},{"floor":8,"key":"Potion Belt"},{"floor":9,"key":"Bottled Lightning"},{"floor":10,"key":"Ice Cream"},{"floor":22,"key":"Red Mask"},{"floor":24,"key":"MawBank"},{"floor":27,"key":"Smiling Mask"},{"floor":30,"key":"Pantograph"},{"floor":40,"key":"Strawberry"},{"floor":43,"key":"Dream Catcher"},{"floor":47,"key":"White Beast Statue"}],"event_choices":[{"damage_healed":0,"gold_gain":0,"player_choice":"Grow","damage_taken":0,"max_hp_gain":0,"max_hp_loss":0,"event_name":"Living Wall","floor":5,"gold_loss":0,"cards_upgraded":["Sunder"]},{"damage_healed":24,"gold_gain":0,"player_choice":"Full Heal","damage_taken":0,"max_hp_gain":0,"max_hp_loss":0,"event_name":"Wheel of Change","floor":12,"gold_loss":0},{"cards_removed":["Redo"],"damage_healed":0,"gold_gain":0,"player_choice":"Gave Gold","damage_taken":0,"max_hp_gain":0,"max_hp_loss":0,"event_name":"Beggar","floor":20,"gold_loss":75},{"damage_healed":0,"gold_gain":0,"player_choice":"Obtained Relic","damage_taken":0,"relics_obtained":["Ornamental Fan"],"max_hp_gain":0,"max_hp_loss":0,"event_name":"Addict","floor":21,"gold_loss":85},{"damage_healed":0,"gold_gain":0,"player_choice":"Fought Bandits","damage_taken":0,"max_hp_gain":0,"max_hp_loss":0,"event_name":"Masked Bandits","floor":22,"gold_loss":0},{"damage_healed":0,"gold_gain":0,"player_choice":"1 cards matched","damage_taken":0,"max_hp_gain":0,"max_hp_loss":0,"event_name":"Match and Keep!","floor":31,"gold_loss":0,"cards_obtained":["Reboot"]},{"damage_healed":0,"gold_gain":222,"player_choice":"Wore Mask","damage_taken":0,"max_hp_gain":0,"max_hp_loss":0,"event_name":"Tomb of Lord Red Mask","floor":39,"gold_loss":0},{"damage_healed":0,"gold_gain":0,"player_choice":"Upgraded","damage_taken":0,"max_hp_gain":0,"max_hp_loss":0,"event_name":"Upgrade Shrine","floor":42,"gold_loss":0,"cards_upgraded":["Creative AI"]}],"is_beta":false,"boss_relics":[{"not_picked":["SacredBark","Sozu"],"picked":"Inserter"},{"not_picked":["Pandora\u0027s Box","FrozenCore"],"picked":"Busted Crown"}],"items_purged_floors":[29],"is_endless":false,"potions_floor_spawned":[2,10,13,18,19,22,28,30,36,38,47,48],"ascension_level":20}}