{"host":"v0byp44r5syn346h","time":1612453781,"event":{"mods":["2.2 Compatiblity","AchievementEnabler","Act Like it!","AlwaysNeverKeys","Aspiration","BaseMod","Bestiary","Better Altar","Better Match","Better Note","Better Sensory Stone","Better Skull","Better Third Choice","Better Vampires","BetterRewards","Card Filter","Colored Map","Colored Powertips","Conspire","Defuse TimeMaze Blight","Displayed Cursed Tome","Downfall","Friendly Minions","Gremlin Skip","Halation","Hallownest","Highlight Path","Hubris","Infinite Spire","Minty Spire (QoL Compilation)","Monster B Gone","Pale of the Ancients","Quarter Circle Forward PUNCH!","Quick Restart","Random Character Button","Rare Cards Sparkle","Relic Filter","Relic Stats","Reliquary","Reorder Act Four","Replay The Spire","Reworked Bosses","Shop Mod","Spicy Shops","Spikes Relics","StSLib","SuperFastMode","The Blue Laboratory","The Construct","Thieving Mod","Trackpad","Unknown Chances","egg"],"gold_per_floor":[118,118,118,137,137,137,150,150,150,150,168,196,211,230,230,309,309,324,324,199,199,216,242,257,290,313,313,67,81,100,127,127,206,206,217,228,254,254,274,304,304,335,335,350,366,396,396,407,407,407,407],"floor_reached":50,"language":"ENG","playtime":1948,"items_purged":["Strike_P","Strike_P","Strike_P"],"score":1796,"play_id":"1a97ce4b-b8cc-4a8c-a476-77d4219fe98a","local_time":"20210204164941","is_ascension_mode":true,"campfire_choices":[{"data":"Eruption","floor":6,"key":"SMITH"},{"data":"WheelKick+1","floor":8,"key":"SMITH"},{"data":"Vigilance","floor":10,"key":"SMITH"},{"data":"Scrawl","floor":15,"key":"SMITH"},{"data":"Wallop","floor":27,"key":"SMITH"},{"data":"MasterReality","floor":32,"key":"SMITH"},{"data":"ConjureBlade","floor":41,"key":"SMITH"},{"data":"ThirdEye+1","floor":49,"key":"SMITH"}],"circlet_count":0,"master_deck":["AscendersBane","Defend_P+1","Defend_P+1","Eruption+1","Vigilance+1","WheelKick+2","Scrawl+1","CarveReality+1","BattleHymn+1","Languid","Wallop+1","MasterReality+1","CutThroughFate","LessonLearned+1","Evaluate","CutThroughFate+1","FlurryOfBlows","ReplayTheSpireMod:Exploit Weakness+1","Escape Plan+1","Finisher+1","ConjureBlade+1","Replay:ManipulateFuture","EmptyBody+1","Study+1","Replay:ManipulateFuture+1","ThirdEye+2","ClearTheMind+1","Replay:Cycle+1","Crescendo"],"relics":["PureWater","Ginger","halation:TrafficLight","conspire:InfiniteJournal","bronze:BronzeIdol","Anchor","Ring of Peace","Ring of Misfortune","Onion Ring","Yang","aspiration:Lifesprig","aspiration:RandomNobGenerator","qcfpunch:Red_Beret","Rawhide","Ancient Tea Set","HandDrill","ExplosiveVial","halation:LettersToHer","Honey Jar","Replay:Baseball","reliquary:BallBearing","infinitespire:Bottled Soul","aspiration:StickyExplosives_weak","trackpad:AdjectivePendant"],"acts_visited":["Exordium","Hallownest:Greenpath","Hallownest:CityofTears"],"potions_floor_usage":[37,48,50,50],"damage_taken":[{"damage":10,"enemies":"Hallownest:2_Tiktiks_and_1_Crawlid","floor":1,"turns":4},{"damage":0,"enemies":"Hallownest:2_MossCreeps","floor":4,"turns":3},{"damage":0,"enemies":"2_ Uuma","floor":7,"turns":1},{"damage":0,"enemies":"Hallownest:Wandering_and_Horned","floor":11,"turns":3},{"damage":0,"enemies":"Hallownest:eliteMossKnight","floor":12,"turns":2},{"damage":0,"enemies":"Hallownest:Guard_and_Warrior","floor":13,"turns":3},{"damage":0,"enemies":"Hallownest:monsterFoolEater","floor":14,"turns":2},{"damage":0,"enemies":"Hallownest:BossBrokenVessel","floor":16,"turns":4},{"damage":9,"enemies":"Hallownest:3_Youths","floor":18,"turns":4},{"damage":0,"enemies":"Hallownest:2_Mistakes","floor":22,"turns":2},{"damage":0,"enemies":"Hallownest:Nosk","floor":23,"turns":3},{"damage":0,"enemies":"Hallownest:3_Mistakes","floor":24,"turns":3},{"damage":3,"enemies":"Hallownest:eliteWatcherKnight","floor":25,"turns":7},{"damage":0,"enemies":"Hallownest:Warrior_and_Youth","floor":29,"turns":2},{"damage":0,"enemies":"Hallownest:2_Flukemon","floor":30,"turns":3},{"damage":0,"enemies":"Hallownest:eliteSoulWarrior","floor":31,"turns":2},{"damage":0,"enemies":"Hallownest:BossSoulMaster","floor":33,"turns":2},{"damage":0,"enemies":"Hallownest:3_Siblings","floor":35,"turns":2},{"damage":0,"enemies":"Hallownest:2_Littles","floor":36,"turns":1},{"damage":0,"enemies":"conspire:MimicChest","floor":37,"turns":2},{"damage":0,"enemies":"Hallownest:2_Wing_and_1_Kings","floor":39,"turns":2},{"damage":0,"enemies":"Nightmare","floor":40,"turns":3},{"damage":0,"enemies":"Hallownest:StalkingDevout","floor":42,"turns":2},{"damage":29,"enemies":"Hallownest:2_Wandering_and_1_Horned","floor":44,"turns":5},{"damage":18,"enemies":"Hallownest:Shield_Sturdy","floor":45,"turns":8},{"damage":0,"enemies":"Hallownest:eliteHiveKnight","floor":46,"turns":1},{"damage":0,"enemies":"Hallownest:Slobbering_and_Violent","floor":48,"turns":1},{"damage":20,"enemies":"Hallownest:BossHollowKnight","floor":50,"turns":3}],"seed_played":"208173982082862721","potions_obtained":[{"floor":1,"key":"Dexterity Potion"},{"floor":4,"key":"Flashbang"},{"floor":25,"key":"Cursed Concoction"},{"floor":36,"key":"blueLaboratory:CorrosionFlask"},{"floor":39,"key":"blueLaboratory:TrueEctoplasm"},{"floor":44,"key":"blueLaboratory:FruitPunch"},{"floor":46,"key":"blueLaboratory:BottleOfVodka"},{"floor":48,"key":"blueLaboratory:EmptyBottle"}],"is_trial":false,"path_per_floor":["M","?","$","M","T","R","M","R","T","R","M","E","M","M","R","B",null,"M","?","?","?","M","E","M","E","T","R","$","M","M","E","R","B",null,"M","M","?","?","M","NM","R","E","T","M","M","E","?","M","R","B"],"character_chosen":"WATCHER","items_purchased":["WheelKick+1","Ginger","halation:TrafficLight","Scrawl","CarveReality","bronze:BronzeIdol","Anchor","BattleHymn","HandDrill","ExplosiveVial"],"campfire_rested":0,"item_purchase_floors":[0,0,0,0,0,0,0,0,28,28],"current_hp_per_floor":[9,9,9,9,9,9,9,9,9,9,9,9,9,9,9,9,53,44,44,44,44,44,44,44,41,41,41,41,41,41,41,41,41,61,61,61,61,61,61,61,61,61,61,32,14,14,14,16,16,0,0],"gold":407,"neow_bonus":"","is_daily":false,"chose_seed":false,"campfire_upgraded":8,"win_rate":0.0,"timestamp":1612453781,"path_taken":["M","?","?","M","?","R","M","R","T","R","M","E","M","?","R","BOSS","M","?","?","?","M","E","M","E","T","R","?","M","?","E","R","BOSS","M","M","?","?","M","NM","R","E","T","?","M","E","?","M","R","BOSS"],"items_purchased_type":["Card","Relic","Relic","Card","Card","Relic","Relic","Card","Relic","Relic"],"build_version":"2020-12-22","purchased_purges":3,"victory":false,"max_hp_per_floor":[68,68,68,68,68,68,68,68,68,68,68,68,68,68,68,68,68,68,68,68,68,68,68,68,68,68,68,68,68,68,68,68,68,68,68,68,68,68,68,68,68,68,68,68,68,68,68,70,70,70,70],"relic_stats":{"counters":[94,360],"Yang":[232],"HandDrill":[24],"Ginger":[91],"obtain_stats":[{"champ:DuelingGlove":0,"reliquary:FeatherDuster":2,"trackpad:Mousetrap":14,"Hallownest:UnbreakableCardRelic":22,"Vajra":32,"halation:Komachan":29,"qcfpunch:Red_Beret":23,"Whetstone":0,"Ginger":0,"AdjustmentMirror":10,"Boot":20,"trackpad:SneckoScepter":0,"conspire:SeveredTorchhead":17,"Replay:Ringing Soul":27,"halation:PrussianBluePaint":25,"Honey Jar":34,"HandDrill":58,"Kunai":5,"trackpad:AdjectivePendant":46,"MerchantsRug":39,"paleoftheancients:KeyRelic":50,"construct:RocketBooster":0,"hubris:DuctTape":29,"ReplayTheSpireMod:SealedPack":17,"conspire:Boomerang":0,"Guardian:PocketSentry":0,"Akabeko":58,"hubris:Zylophone":9,"paleoftheancients:Timepiece":50,"Replay:Baseball":37,"qcfpunch:Broken_Tusk":28,"Hallownest:BankAccountRelic":13,"qcfpunch:School_Backpack":29,"Bronze Scales":43,"Onion Ring":5,"reliquary:BallBearing":40,"hubris:TenFootPole":0,"StrikeDummy":0,"paleoftheancients:SoulOfTheShowman":52,"Hallownest:StagBellRelic1":4,"Lantern":25,"aspiration:Lifesprig":12,"reliquary:SilkGlove":0,"sneckomod:BlankCard":9,"trackpad:PetRock":25,"Painkiller Herb":34,"halation:TrafficLight":0,"Yang":9,"Rawhide":25,"Juzu Bracelet":0,"Incense Burner":6,"Ancient Tea Set":26,"Pet Ghost":14,"qcfpunch:Wild_Herbs_Ointment":11,"conspire:InfiniteJournal":0,"aspiration:StickyExplosives_weak":43,"trackpad:Coffee":17,"CogitoBucket":0,"hubris:Backtick":0,"TheAbacus":39,"trackpad:RapidFire":10,"infinitespire:Bottled Soul":42,"Pantograph":58,"Ring of Peace":2,"reliquary:Buckler":58,"hubris:FunFungus":0,"halation:Toothbrush":26,"Chemical X":0,"halation:LettersToHer":31,"trackpad:GuardianSpirit":2,"Gremlin Food":6,"Lee\u0027s Waffle":7,"BargainBundle":0,"ReplayTheSpireMod:Ninjato":58,"Guide Book":0,"Damaru":12,"champ:DeflectingBracers":0,"PreservedInsect":26,"aspiration:HummingbirdHeart":0,"aspiration:RandomNobGenerator":17,"Odd Mushroom":10,"reliquary:RosewoodLute":14,"Frozen Egg 2":45,"bronze:BronzeIdol":0,"Anchor":0,"Ring of Misfortune":2,"ExplosiveVial":28,"Durian":0,"SpikesRelics:DaevaFist":25,"PureWater":0,"hubris:NiceRug":58},{"champ:DuelingGlove":13,"reliquary:FeatherDuster":15,"trackpad:Mousetrap":20,"Hallownest:UnbreakableCardRelic":23,"Vajra":50,"halation:Komachan":26,"qcfpunch:Red_Beret":24,"Whetstone":28,"Ginger":66,"AdjustmentMirror":7,"Boot":22,"trackpad:SneckoScepter":28,"conspire:SeveredTorchhead":40,"Replay:Ringing Soul":25,"halation:PrussianBluePaint":24,"Honey Jar":83,"HandDrill":65,"Kunai":31,"trackpad:AdjectivePendant":92,"MerchantsRug":54,"paleoftheancients:KeyRelic":61,"construct:RocketBooster":13,"hubris:DuctTape":26,"ReplayTheSpireMod:SealedPack":11,"conspire:Boomerang":13,"Guardian:PocketSentry":28,"Akabeko":65,"hubris:Zylophone":5,"paleoftheancients:Timepiece":61,"Replay:Baseball":86,"qcfpunch:Broken_Tusk":26,"Hallownest:BankAccountRelic":20,"qcfpunch:School_Backpack":48,"Bronze Scales":55,"Onion Ring":68,"reliquary:BallBearing":88,"hubris:TenFootPole":13,"StrikeDummy":13,"paleoftheancients:SoulOfTheShowman":63,"Hallownest:StagBellRelic1":16,"Lantern":24,"aspiration:Lifesprig":71,"reliquary:SilkGlove":13,"sneckomod:BlankCard":19,"trackpad:PetRock":24,"Painkiller Herb":51,"halation:TrafficLight":66,"Yang":69,"Rawhide":79,"Juzu Bracelet":13,"Incense Burner":18,"Ancient Tea Set":79,"Pet Ghost":10,"qcfpunch:Wild_Herbs_Ointment":8,"conspire:InfiniteJournal":66,"aspiration:StickyExplosives_weak":89,"trackpad:Coffee":21,"CogitoBucket":0,"hubris:Backtick":13,"TheAbacus":54,"trackpad:RapidFire":35,"infinitespire:Bottled Soul":89,"Pantograph":65,"Ring of Peace":67,"reliquary:Buckler":65,"hubris:FunFungus":28,"halation:Toothbrush":46,"Chemical X":13,"halation:LettersToHer":82,"trackpad:GuardianSpirit":2,"Gremlin Food":5,"Lee\u0027s Waffle":5,"BargainBundle":13,"ReplayTheSpireMod:Ninjato":65,"Guide Book":13,"Damaru":37,"champ:DeflectingBracers":13,"PreservedInsect":24,"aspiration:HummingbirdHeart":28,"aspiration:RandomNobGenerator":74,"Odd Mushroom":19,"reliquary:RosewoodLute":39,"Frozen Egg 2":57,"bronze:BronzeIdol":66,"Anchor":66,"Ring of Misfortune":67,"ExplosiveVial":79,"Durian":13,"SpikesRelics:DaevaFist":46,"PureWater":0,"hubris:NiceRug":65},{"champ:DuelingGlove":76,"reliquary:FeatherDuster":82,"trackpad:Mousetrap":95,"Hallownest:UnbreakableCardRelic":106,"Vajra":222,"halation:Komachan":120,"qcfpunch:Red_Beret":110,"Whetstone":123,"Ginger":280,"AdjustmentMirror":33,"Boot":104,"trackpad:SneckoScepter":123,"conspire:SeveredTorchhead":183,"Replay:Ringing Soul":116,"halation:PrussianBluePaint":110,"Honey Jar":330,"HandDrill":272,"Kunai":136,"trackpad:AdjectivePendant":356,"MerchantsRug":242,"paleoftheancients:KeyRelic":258,"construct:RocketBooster":76,"hubris:DuctTape":120,"ReplayTheSpireMod:SealedPack":73,"conspire:Boomerang":76,"Guardian:PocketSentry":123,"Akabeko":272,"hubris:Zylophone":23,"paleoftheancients:Timepiece":258,"Replay:Baseball":335,"qcfpunch:Broken_Tusk":120,"Hallownest:BankAccountRelic":95,"qcfpunch:School_Backpack":216,"Bronze Scales":244,"Onion Ring":287,"reliquary:BallBearing":340,"hubris:TenFootPole":76,"StrikeDummy":76,"paleoftheancients:SoulOfTheShowman":264,"Hallownest:StagBellRelic1":85,"Lantern":110,"aspiration:Lifesprig":293,"reliquary:SilkGlove":76,"sneckomod:BlankCard":93,"trackpad:PetRock":110,"Painkiller Herb":231,"halation:TrafficLight":280,"Yang":288,"Rawhide":321,"Juzu Bracelet":76,"Incense Burner":89,"Ancient Tea Set":321,"Pet Ghost":62,"qcfpunch:Wild_Herbs_Ointment":40,"conspire:InfiniteJournal":280,"aspiration:StickyExplosives_weak":342,"trackpad:Coffee":101,"CogitoBucket":0,"hubris:Backtick":76,"TheAbacus":242,"trackpad:RapidFire":161,"infinitespire:Bottled Soul":342,"Pantograph":272,"Ring of Peace":284,"reliquary:Buckler":272,"hubris:FunFungus":123,"halation:Toothbrush":207,"Chemical X":76,"halation:LettersToHer":328,"trackpad:GuardianSpirit":8,"Gremlin Food":23,"Lee\u0027s Waffle":23,"BargainBundle":76,"ReplayTheSpireMod:Ninjato":272,"Guide Book":76,"Damaru":172,"champ:DeflectingBracers":76,"PreservedInsect":110,"aspiration:HummingbirdHeart":123,"aspiration:RandomNobGenerator":302,"Odd Mushroom":93,"reliquary:RosewoodLute":181,"Frozen Egg 2":249,"bronze:BronzeIdol":280,"Anchor":280,"Ring of Misfortune":284,"ExplosiveVial":321,"Durian":76,"SpikesRelics:DaevaFist":207,"PureWater":0,"hubris:NiceRug":272}]},"card_choices":[{"not_picked":["Prostrate","Crescendo","FollowUp"],"picked":"SKIP","floor":1},{"not_picked":["WreathOfFlame","Replay:AtTheReady","EmptyBody"],"picked":"SKIP","floor":4},{"not_picked":["Replay:AtTheReady","WindmillStrike","Replay:Battleflow"],"picked":"SKIP","floor":7},{"not_picked":["CrushJoints","Worship","EmptyBody"],"picked":"SKIP","floor":11},{"not_picked":["CutThroughFate","Adaptation"],"picked":"Wallop","floor":12},{"not_picked":["EmptyBody","Crescendo","BattleHymn"],"picked":"SKIP","floor":13},{"not_picked":["FlyingSleeves","Replay:Anticipation","FlurryOfBlows"],"picked":"SKIP","floor":14},{"not_picked":["Ragnarok","SpiritShield"],"picked":"MasterReality","floor":16},{"not_picked":["Weave","Protect","Evaluate"],"picked":"SKIP","floor":18},{"not_picked":["Replay:BluntJabs","WaveOfTheHand","Prostrate"],"picked":"SKIP","floor":22},{"not_picked":["FollowUp","Wireheading","Sanctity"],"picked":"SKIP","floor":23},{"not_picked":["Sanctity","FlyingSleeves+1"],"picked":"CutThroughFate","floor":24},{"not_picked":["Prostrate","CrushJoints","Crescendo"],"picked":"SKIP","floor":25},{"not_picked":["EmptyFist","ForeignInfluence","Replay:AtTheReady"],"picked":"SKIP","floor":29},{"not_picked":["InnerPeace+1","EmptyFist","WaveOfTheHand"],"picked":"SKIP","floor":30},{"not_picked":["Crescendo+1","EmptyFist","FollowUp"],"picked":"SKIP","floor":31},{"not_picked":["Vault","Blasphemy"],"picked":"LessonLearned","floor":33},{"not_picked":["Crescendo+1","EmptyBody","Replay:Vibes+1"],"picked":"Evaluate","floor":35},{"not_picked":["Protect","ClearTheMind","ThirdEye"],"picked":"CutThroughFate","floor":36},{"not_picked":["Meditate","Replay:AtTheReady","Replay:ManipulateFuture"],"picked":"FlurryOfBlows","floor":37},{"not_picked":["BowlingBash","FlyingSleeves","Crescendo"],"picked":"ConjureBlade","floor":39},{"not_picked":["FollowUp","EmptyFist+1","BowlingBash"],"picked":"Replay:ManipulateFuture","floor":40},{"not_picked":["Replay:Battleflow+1","Meditate","PathToVictory+1"],"picked":"EmptyBody","floor":42},{"not_picked":["EmptyFist+1","ClearTheMind","CrushJoints+1"],"picked":"Study","floor":44},{"not_picked":["BowlingBash","Vengeance+1","EmptyMind"],"picked":"Replay:ManipulateFuture+1","floor":45},{"not_picked":["FollowUp","PathToVictory","JustLucky+1"],"picked":"ThirdEye+1","floor":46},{"not_picked":["Protect+1","ThirdEye+1","Prostrate+1"],"picked":"ClearTheMind+1","floor":47},{"not_picked":["Meditate+1","SignatureMove+1","Replay:Vibes+1"],"picked":"Replay:Cycle+1","floor":47},{"not_picked":["Protect+1","JustLucky","ThirdEye"],"picked":"Crescendo","floor":48}],"player_experience":867095,"relics_obtained":[{"floor":2,"key":"Ring of Peace"},{"floor":2,"key":"Ring of Misfortune"},{"floor":5,"key":"Onion Ring"},{"floor":9,"key":"Yang"},{"floor":12,"key":"aspiration:Lifesprig"},{"floor":23,"key":"qcfpunch:Red_Beret"},{"floor":25,"key":"Rawhide"},{"floor":26,"key":"Ancient Tea Set"},{"floor":31,"key":"halation:LettersToHer"},{"floor":37,"key":"Replay:Baseball"},{"floor":40,"key":"reliquary:BallBearing"},{"floor":42,"key":"infinitespire:Bottled Soul"},{"floor":43,"key":"halation:LettersToHer"},{"floor":43,"key":"aspiration:StickyExplosives_weak"},{"floor":46,"key":"trackpad:AdjectivePendant"}],"event_choices":[{"damage_healed":0,"gold_gain":0,"player_choice":"2","damage_taken":0,"max_hp_gain":0,"max_hp_loss":0,"event_name":"betterMatch:BetterMatch","floor":20,"gold_loss":0,"cards_obtained":["betterMatch:CommonCard"]},{"damage_healed":0,"gold_gain":0,"player_choice":"2","damage_taken":0,"max_hp_gain":0,"max_hp_loss":0,"event_name":"betterMatch:BetterMatch","floor":47,"gold_loss":0,"cards_obtained":["betterMatch:CommonCard","betterMatch:UncommonCard"]}],"is_beta":false,"boss_relics":[{"not_picked":["reliquary:WritOfMandamus","hubris:Stopwatch"],"picked":"aspiration:RandomNobGenerator"},{"not_picked":["reliquary:KinkedSpring","Replay:Ancient Bell"],"picked":"Honey Jar"}],"items_purged_floors":[0,0,0],"is_endless":false,"potions_floor_spawned":[1,4,14,16,23,25,29,33,36,39,44,46,48],"killed_by":"Hallownest:BossHollowKnight","ascension_level":16}}