{"host":"l8n56n8abrvcftzc","time":1612404026,"event":{"mods":["Aspiration","BaseMod","Better Note","Better Third Choice","Colored Map","DeckTracker","Googly Eyes","Highlight Path","Hubris","Minty Spire (QoL Compilation)","Permanent Neow","Relic Stats","Replay The Spire","StSLib","SuperFastMode","Uncapped"],"gold_per_floor":[117,117,128,128,53,53,79,79,104,104,130,30,64,76,76,171,171,183,183,183,183,6,40,40,40,64,89,107,140,160,171,171,271,271,290,290,290,290,290,323,337,337,390,416,416,433,446,4,4,4,4,4,4,29,29],"floor_reached":56,"language":"ENG","playtime":3552,"items_purged":["Defend_G","Defend_G","Strike_G+1"],"score":1627,"play_id":"eb6a1533-1df0-4028-b6c5-e168fb8917e3","local_time":"20210203180026","is_ascension_mode":false,"campfire_choices":[{"data":"Backflip","floor":6.0,"key":"SMITH"},{"floor":10.0,"key":"RECALL"},{"floor":15.0,"key":"REST"},{"data":"Sadistic Nature","floor":25.0,"key":"SMITH"},{"data":"Envenom","floor":32.0,"key":"SMITH"},{"data":"1","floor":49,"key":"LIFT"},{"data":"2","floor":52,"key":"LIFT"}],"circlet_count":0,"master_deck":["Strike_G+1","Strike_G+1","Strike_G+1","Defend_G+1","Defend_G+1","Survivor+1","Neutralize+1","Backflip+1","Escape Plan+1","Backflip+1","Fluid Movement+1","Envenom+1","CurseOfTheBell","Sadistic Nature+1","Blade Dance+1","Well Laid Plans+1","Footwork+1","Blade Dance+1","Dagger Spray+1","Noxious Fumes+1","Panache","Specialist","Riddle With Holes","Accuracy+1"],"relics":["Ring of the Snake","ReplayTheSpireMod:Lightbulb","Mummified Hand","Regal Pillow","Calling Bell","War Paint","hubris:CrystalStatue","Girya","hubris:BottledHeart","Replay:WaspNest","aspiration:RitualStick","Anchor","hubris:BottledRain","Du-Vu Doll","HoveringKite","Mark of the Bloom","Paper Crane","hubris:AncientText","Bag of Marbles","Iron Hammer"],"acts_visited":["Exordium","TheCity","TheBeyond","TheEnding"],"potions_floor_usage":[46,54,55,55],"damage_taken":[{"damage":7.0,"enemies":"Small Slimes","floor":1.0,"turns":3.0},{"damage":0.0,"enemies":"Cultist","floor":3.0,"turns":5.0},{"damage":16.0,"enemies":"3 Sentries","floor":7.0,"turns":13.0},{"damage":11.0,"enemies":"Replay:BlueRogue","floor":11.0,"turns":7.0},{"damage":25.0,"enemies":"Lagavulin","floor":13.0,"turns":7.0},{"damage":0.0,"enemies":"Jaw Worm","floor":14.0,"turns":5.0},{"damage":19.0,"enemies":"The Guardian","floor":16.0,"turns":17.0},{"damage":0.0,"enemies":"3 Byrds","floor":18.0,"turns":7.0},{"damage":0.0,"enemies":"Gremlin Leader","floor":23.0,"turns":7.0},{"damage":0.0,"enemies":"Slavers","floor":27.0,"turns":6.0},{"damage":0.0,"enemies":"2 Thieves","floor":28.0,"turns":3.0},{"damage":0.0,"enemies":"Replay:Snechameleon","floor":29.0,"turns":3.0},{"damage":0.0,"enemies":"Chosen and Byrds","floor":30.0,"turns":4.0},{"damage":0.0,"enemies":"3 Cultists","floor":31.0,"turns":4.0},{"damage":0.0,"enemies":"hubris:MusketHawk","floor":33.0,"turns":6.0},{"damage":0.0,"enemies":"3 Shapes","floor":35.0,"turns":4.0},{"damage":0.0,"enemies":"R_Hoarder","floor":40.0,"turns":5.0},{"damage":0.0,"enemies":"3 Darklings","floor":41.0,"turns":2.0},{"damage":0.0,"enemies":"Nemesis","floor":44.0,"turns":5.0},{"damage":0,"enemies":"Writhing Mass","floor":46,"turns":4},{"damage":0,"enemies":"Sphere and 2 Shapes","floor":47,"turns":4},{"damage":0,"enemies":"Donu and Deca","floor":50,"turns":5},{"damage":0,"enemies":"Shield and Spear","floor":54,"turns":3},{"damage":0,"enemies":"The Heart","floor":55,"turns":5}],"seed_played":"5569188722000819001","potions_obtained":[{"floor":7.0,"key":"Energy Potion"},{"floor":13.0,"key":"PowerPotion"},{"floor":14.0,"key":"Fruit Juice"},{"floor":28.0,"key":"Languid Potion"},{"floor":29.0,"key":"FearPotion"},{"floor":30.0,"key":"AttackPotion"},{"floor":33.0,"key":"SteroidPotion"},{"floor":41.0,"key":"DuplicationPotion"},{"floor":47,"key":"DistilledChaos"}],"is_trial":false,"path_per_floor":["M","?","M","?","$","R","E","?","T","R","E","$","E","M","R","B",null,"M","?","?","?","$","E","?","R","T","E","M","E","M","M","R","B",null,"M","?","?","?","?","E","M","?","T","E","?","M","M","$","R","B",null,"R","$","E","B",null],"character_chosen":"THE_SILENT","items_purchased":["Sadistic Nature","Panache","Specialist","Riddle With Holes"],"campfire_rested":1,"item_purchase_floors":[22,48,48,48],"current_hp_per_floor":[63,63,63,56,56,56,40,40,40,40,29,29,4,9,46,27,75,75,75,1,1,1,1,1,1,1,1,1,1,1,1,1,1,1,1,1,1,1,1,1,1,1,1,1,1,1,1,1,1,1,1,1,1,1,1],"gold":29,"neow_bonus":"UPGRADE_CARD","is_daily":false,"chose_seed":false,"campfire_upgraded":3,"win_rate":0.0,"timestamp":1612404026,"path_taken":["M","?","?","?","$","R","E","?","T","R","E","?","E","M","R","BOSS","M","?","?","?","$","E","?","R","T","E","?","E","M","?","R","BOSS","M","?","?","?","?","E","?","?","T","E","?","M","M","$","R","BOSS","R","$","E","BOSS"],"items_purchased_type":["Card","Card","Card","Card"],"build_version":"2020-12-22","purchased_purges":3,"victory":true,"max_hp_per_floor":[70,70,70,70,70,70,70,70,70,70,70,70,70,75,75,75,75,75,75,1,1,1,1,1,1,1,1,1,1,1,1,1,1,1,1,1,1,1,1,1,1,1,1,1,1,1,1,1,1,1,1,1,1,1,1],"relic_stats":{"Regal Pillow":15,"Mark of the Bloom":5,"counters":[24,134],"Mummified Hand":[81],"HoveringKite":[9],"War Paint":["Defend_G","Backflip"],"obtain_stats":[{"Girya":17,"Regal Pillow":13,"Mark of the Bloom":38,"hubris:CrystalStatue":17,"HoveringKite":34,"Replay:WaspNest":23,"War Paint":17,"Paper Crane":40,"aspiration:RitualStick":24,"Calling Bell":17,"Du-Vu Doll":29,"Anchor":26,"Mummified Hand":11,"hubris:BottledHeart":20,"Iron Hammer":54,"Bag of Marbles":44,"ReplayTheSpireMod:Lightbulb":7,"hubris:AncientText":43,"Ring of the Snake":0,"hubris:BottledRain":27},{"Girya":7,"Regal Pillow":5,"Mark of the Bloom":16,"hubris:CrystalStatue":7,"HoveringKite":15,"Replay:WaspNest":9,"War Paint":7,"Paper Crane":17,"aspiration:RitualStick":9,"Calling Bell":7,"Du-Vu Doll":12,"Anchor":9,"Mummified Hand":4,"hubris:BottledHeart":8,"Iron Hammer":23,"Bag of Marbles":19,"ReplayTheSpireMod:Lightbulb":3,"hubris:AncientText":18,"Ring of the Snake":0,"hubris:BottledRain":10},{"Girya":57,"Regal Pillow":35,"Mark of the Bloom":101,"hubris:CrystalStatue":57,"HoveringKite":97,"Replay:WaspNest":71,"War Paint":57,"Paper Crane":106,"aspiration:RitualStick":71,"Calling Bell":57,"Du-Vu Doll":83,"Anchor":71,"Mummified Hand":28,"hubris:BottledHeart":64,"Iron Hammer":129,"Bag of Marbles":113,"ReplayTheSpireMod:Lightbulb":21,"hubris:AncientText":108,"Ring of the Snake":0,"hubris:BottledRain":77}],"aspiration:RitualStick":[0],"Ring of the Snake":[48]},"card_choices":[{"not_picked":["Poisoned Stab","Backstab"],"picked":"Backflip","floor":1.0},{"not_picked":["Well Laid Plans","Poisoned Stab"],"picked":"Escape Plan","floor":3.0},{"not_picked":["Dagger Throw","Outmaneuver","Eviscerate"],"picked":"SKIP","floor":7.0},{"not_picked":["Riddle With Holes","Bane"],"picked":"Backflip","floor":11.0},{"not_picked":["Dash","hubris:SlightOfHand","Deflect"],"picked":"SKIP","floor":13.0},{"not_picked":["Dodge and Roll","hubris:Counter"],"picked":"Fluid Movement","floor":14.0},{"not_picked":["Phantasmal Killer","Poison Darts"],"picked":"Envenom","floor":16.0},{"not_picked":["Catalyst","Sneak Up","Poisoned Stab"],"picked":"SKIP","floor":18.0},{"not_picked":["Expertise","Slice+1","Eviscerate+1"],"picked":"SKIP","floor":23.0},{"not_picked":["Outmaneuver+1","hubris:Sniper","Expertise"],"picked":"SKIP","floor":27.0},{"not_picked":["Sucker Punch","Dash"],"picked":"Blade Dance","floor":28.0},{"not_picked":["Slice","Dodge and Roll","Quick Slash"],"picked":"SKIP","floor":29.0},{"not_picked":["Underhanded Strike","Atom Bomb","Poisoned Stab"],"picked":"SKIP","floor":30.0},{"not_picked":["Endless Agony","Deflect"],"picked":"Well Laid Plans","floor":31.0},{"not_picked":["Toxin Wave","Deflect"],"picked":"Footwork+1","floor":35.0},{"not_picked":["Escape Plan+1","Quick Slash+1"],"picked":"Dagger Spray+1","floor":40.0},{"not_picked":["Well Laid Plans","Flying Knee+1","Calculated Gamble+1"],"picked":"SKIP","floor":41.0},{"not_picked":["Dagger Throw+1","Leg Sweep+1","Dodge and Roll"],"picked":"SKIP","floor":44.0},{"not_picked":["Endless Agony","Slice+1"],"picked":"Noxious Fumes+1","floor":46},{"not_picked":["Poisoned Stab+1","Quick Slash","All Out Attack"],"picked":"SKIP","floor":47},{"not_picked":["PiercingWail+1","Dagger Spray+1"],"picked":"Accuracy+1","floor":54}],"player_experience":784808,"relics_obtained":[{"floor":7.0,"key":"ReplayTheSpireMod:Lightbulb"},{"floor":11.0,"key":"Mummified Hand"},{"floor":13.0,"key":"Regal Pillow"},{"floor":17.0,"key":"War Paint"},{"floor":17.0,"key":"hubris:CrystalStatue"},{"floor":17.0,"key":"Girya"},{"floor":23.0,"key":"Replay:WaspNest"},{"floor":26.0,"key":"Anchor"},{"floor":27.0,"key":"hubris:BottledRain"},{"floor":29.0,"key":"Du-Vu Doll"},{"floor":40.0,"key":"Paper Crane"},{"floor":43.0,"key":"hubris:AncientText"},{"floor":44.0,"key":"Bag of Marbles"},{"floor":54,"key":"Iron Hammer"}],"event_choices":[{"damage_healed":0.0,"max_hp_gain":0.0,"max_hp_loss":0.0,"gold_gain":0.0,"event_name":"The Woman in Blue","player_choice":"Bought 0 Potions","floor":2.0,"gold_loss":0.0,"damage_taken":0.0},{"cards_removed":["Defend_G"],"damage_healed":0.0,"max_hp_gain":0.0,"max_hp_loss":0.0,"gold_gain":0.0,"event_name":"Golden Wing","player_choice":"Card Removal","floor":4.0,"gold_loss":0.0,"damage_taken":7.0},{"damage_healed":0.0,"max_hp_gain":0.0,"max_hp_loss":0.0,"gold_gain":0.0,"event_name":"betterThird:BetterSerpent","player_choice":"Ignored","floor":8.0,"gold_loss":0.0,"damage_taken":79.0},{"cards_removed":["Strike_G"],"damage_healed":0.0,"max_hp_gain":0.0,"max_hp_loss":0.0,"gold_gain":0.0,"event_name":"betterNote:BetterNote","player_choice":"Give","floor":19.0,"gold_loss":0.0,"damage_taken":0.0,"cards_obtained":["Strike_G"]},{"cards_removed":["Strike_G"],"damage_healed":0.0,"max_hp_gain":0.0,"max_hp_loss":0.0,"gold_gain":0.0,"event_name":"betterThird:BetterWriting","player_choice":"Elegance","floor":21.0,"gold_loss":0.0,"damage_taken":0.0},{"damage_healed":0.0,"max_hp_gain":0.0,"max_hp_loss":0.0,"gold_gain":0.0,"event_name":"MindBloom","player_choice":"Upgrade","floor":38.0,"gold_loss":0.0,"damage_taken":0.0,"cards_upgraded":["Strike_G","Strike_G","Strike_G","Strike_G","Defend_G","Survivor","Escape Plan","Fluid Movement","Blade Dance","Well Laid Plans","Blade Dance"],"relics_obtained":["Mark of the Bloom"]},{"damage_healed":0.0,"max_hp_gain":0.0,"max_hp_loss":0.0,"gold_gain":0.0,"event_name":"Upgrade Shrine","player_choice":"Ignored","floor":39.0,"gold_loss":0.0,"damage_taken":0.0},{"damage_healed":0.0,"max_hp_gain":0.0,"max_hp_loss":0.0,"gold_gain":0.0,"event_name":"Tomb of Lord Red Mask","player_choice":"Ignored","floor":42.0,"gold_loss":0.0,"damage_taken":0.0},{"damage_healed":0.0,"max_hp_gain":0.0,"max_hp_loss":0.0,"gold_gain":0.0,"event_name":"Accursed Blacksmith","player_choice":"Ignored","floor":45.0,"gold_loss":0.0,"damage_taken":0.0}],"is_beta":false,"boss_relics":[{"not_picked":["aspiration:DefectSkillbook","Runic Dome"],"picked":"Calling Bell"},{"not_picked":["hubris:BlackHole","ChewingGum"],"picked":"HoveringKite"}],"items_purged_floors":[5,12,48],"is_endless":false,"potions_floor_spawned":[7,13,14,28,29,30,33,41,44,47],"ascension_level":0}}