{"host":"vyjryxuuuxkt43k4","time":1612402144,"event":{"mods":["AchievementEnabler","BaseMod","Colored Map","DeckTracker","Keyboard Shortcuts","Minty Spire (QoL Compilation)","Permanent Neow","Quick Restart","Rare Cards Sparkle","Relic Stats","StSLib","SuperFastMode","everything is the same but u backflip on backflip"],"gold_per_floor":[211,21,21,21,33,58,58,71,96,46,46,56,84,184,184,184,184],"floor_reached":16,"language":"KOR","playtime":1278,"items_purged":["Strike_B"],"score":167,"play_id":"63240519-f2c0-4ea7-a93b-4ff433cf7066","local_time":"20210204102904","is_ascension_mode":true,"campfire_choices":[{"floor":7,"key":"REST"},{"data":"Coolheaded","floor":11,"key":"SMITH"},{"data":"Turbo","floor":15,"key":"SMITH"}],"circlet_count":0,"master_deck":["AscendersBane","Strike_B+1","Strike_B","Strike_B","Defend_B","Defend_B","Defend_B","Defend_B","Zap","Dualcast+1","Sweeping Beam+1","Coolheaded+1","Cold Snap","Auto Shields","Turbo+1","Skim","Chill"],"relics":["Cracked Core","Centennial Puzzle","Smiling Mask","Boot","Calipers"],"acts_visited":["Exordium"],"potions_floor_usage":[13],"damage_taken":[{"damage":7,"enemies":"2 Louse","floor":1,"turns":3},{"damage":5,"enemies":"Jaw Worm","floor":5,"turns":3},{"damage":32,"enemies":"Gremlin Nob","floor":6,"turns":5},{"damage":0,"enemies":"Cultist","floor":8,"turns":2},{"damage":0,"enemies":"Large Slime","floor":12,"turns":5},{"damage":4,"enemies":"Lagavulin","floor":13,"turns":6},{"damage":39,"enemies":"The Guardian","floor":16,"turns":13}],"seed_played":"1744019250138604579","potions_obtained":[{"floor":8,"key":"DuplicationPotion"},{"floor":12,"key":"EssenceOfSteel"}],"is_trial":false,"path_per_floor":["M","$","?","?","M","E","R","M","T","$","R","M","E","?","R","B"],"character_chosen":"DEFECT","items_purchased":["Coolheaded","Centennial Puzzle"],"campfire_rested":1,"item_purchase_floors":[2,2],"current_hp_per_floor":[61,61,46,46,41,9,31,31,31,31,31,31,27,27,27,0,0],"gold":184,"neow_bonus":"HUNDRED_GOLD","is_daily":false,"chose_seed":false,"campfire_upgraded":2,"win_rate":0.0,"timestamp":1612402144,"path_taken":["M","$","?","?","M","E","R","M","T","$","R","M","E","?","R","BOSS"],"items_purchased_type":["Card","Relic"],"build_version":"2020-12-22","purchased_purges":1,"victory":false,"max_hp_per_floor":[75,75,75,75,75,75,75,75,75,75,75,75,75,75,75,75,75],"relic_stats":{"Centennial Puzzle":[12],"counters":[7,37],"Smiling Mask":25,"Boot":[10],"obtain_stats":[{"Centennial Puzzle":2,"Calipers":13,"Cracked Core":0,"Smiling Mask":6,"Boot":9},{"Centennial Puzzle":1,"Calipers":6,"Cracked Core":0,"Smiling Mask":3,"Boot":4},{"Centennial Puzzle":3,"Calipers":24,"Cracked Core":0,"Smiling Mask":11,"Boot":13}]},"card_choices":[{"not_picked":["Beam Cell","Rebound"],"picked":"Sweeping Beam","floor":1},{"not_picked":["Ball Lightning","Leap"],"picked":"Cold Snap","floor":5},{"not_picked":["Barrage","Steam Power"],"picked":"Auto Shields","floor":6},{"not_picked":["Melter","Go for the Eyes"],"picked":"Turbo","floor":8},{"not_picked":["Static Discharge","Machine Learning"],"picked":"Skim","floor":12},{"not_picked":["Sweeping Beam","Genetic Algorithm"],"picked":"Chill","floor":13}],"player_experience":683825,"relics_obtained":[{"floor":6,"key":"Smiling Mask"},{"floor":9,"key":"Boot"},{"floor":13,"key":"Calipers"}],"event_choices":[{"damage_healed":0,"gold_gain":0,"player_choice":"Entered Light","damage_taken":15,"max_hp_gain":0,"max_hp_loss":0,"event_name":"Shining Light","floor":3,"gold_loss":0,"cards_upgraded":["Sweeping Beam","Strike_B"]},{"damage_healed":0,"gold_gain":0,"player_choice":"Grow","damage_taken":0,"max_hp_gain":0,"max_hp_loss":0,"event_name":"Living Wall","floor":4,"gold_loss":0,"cards_upgraded":["Dualcast"]},{"damage_healed":0,"gold_gain":100,"player_choice":"Pray","damage_taken":0,"max_hp_gain":0,"max_hp_loss":0,"event_name":"Golden Shrine","floor":14,"gold_loss":0}],"is_beta":false,"boss_relics":[],"items_purged_floors":[10],"is_endless":false,"potions_floor_spawned":[8,12],"killed_by":"The Guardian","ascension_level":11}}