{"host":"2qyxu97h6u4ukicb","time":1612479218,"event":{"mods":["AchievementEnabler","BaseMod","BetterRewards","Colored Map","Colored Powertips","Minty Spire (QoL Compilation)","Replay The Spire","Shop Mod","StSLib"],"gold_per_floor":[113,288,288,305,324,324,21,48,48,66,66,66,66,82,82,82,82],"floor_reached":16,"language":"ENG","playtime":827,"items_purged":[],"score":99,"play_id":"2b6b1af2-716f-4b1f-9524-a78e7a294e77","local_time":"20210204165338","is_ascension_mode":false,"campfire_choices":[{"data":"FollowUp","floor":6,"key":"SMITH"},{"floor":13,"key":"REST"},{"data":"Vigilance","floor":15,"key":"SMITH"}],"circlet_count":0,"master_deck":["Strike_P","Strike_P","Strike_P","Strike_P","Defend_P","Defend_P","Defend_P","Defend_P","Eruption+1","Vigilance+1","FollowUp+1","FollowUp+1","FlyingSleeves"],"relics":["PureWater","Spirit Poop","Boot","MerchantsRug","Meat on the Bone"],"acts_visited":["Exordium"],"potions_floor_usage":[10],"damage_taken":[{"damage":0,"enemies":"Small Slimes","floor":1,"turns":4},{"damage":17,"enemies":"Jaw Worm","floor":4,"turns":2},{"damage":0,"enemies":"Cultist","floor":5,"turns":2},{"damage":18,"enemies":"Replay:BlueRogue","floor":8,"turns":3},{"damage":15,"enemies":"Lots of Slimes","floor":10,"turns":4},{"damage":0,"enemies":"2 Fungi Beasts","floor":14,"turns":1},{"damage":58,"enemies":"The Guardian","floor":16,"turns":9}],"seed_played":"6048419710902266537","potions_obtained":[{"floor":4,"key":"SpeedPotion"}],"is_trial":false,"path_per_floor":["M","?","?","M","M","R","$","E","T","M","$","?","R","M","R_BF","B"],"character_chosen":"WATCHER","items_purchased":["Boot","MerchantsRug"],"campfire_rested":1,"item_purchase_floors":[7,7],"current_hp_per_floor":[72,72,72,55,55,55,55,37,37,34,34,34,55,55,55,0,0],"gold":82,"neow_bonus":"UPGRADE_CARD","is_daily":false,"chose_seed":false,"campfire_upgraded":2,"win_rate":0.0,"timestamp":1612479218,"path_taken":["M","?","?","M","?","R","?","E","T","M","$","?","R","M","R_BF","BOSS"],"items_purchased_type":["Relic","Relic"],"build_version":"2020-12-22","purchased_purges":0,"victory":false,"max_hp_per_floor":[72,72,72,72,72,72,72,72,72,72,72,72,72,72,72,72,72],"card_choices":[{"not_picked":["PathToVictory","DeceiveReality","CutThroughFate"],"picked":"SKIP","floor":1},{"not_picked":["Nirvana","BowlingBash"],"picked":"FollowUp","floor":4},{"not_picked":["Vengeance","Protect"],"picked":"FollowUp","floor":5},{"not_picked":["Replay:Battleflow","JustLucky"],"picked":"FlyingSleeves","floor":8},{"not_picked":["Replay:AtTheReady","Replay:DivineShield","Collect"],"picked":"SKIP","floor":10},{"not_picked":["EmptyFist","BowlingBash","ClearTheMind"],"picked":"SKIP","floor":14}],"player_experience":779650,"relics_obtained":[{"floor":8,"key":"Meat on the Bone"}],"event_choices":[{"damage_healed":0,"gold_gain":175,"player_choice":"AGREE","damage_taken":0,"max_hp_gain":0,"max_hp_loss":0,"event_name":"Liars Game","floor":2,"gold_loss":0,"cards_obtained":["Doubt"]},{"cards_removed":["Doubt"],"damage_healed":0,"gold_gain":0,"player_choice":"Offered Curse","damage_taken":0,"relics_obtained":["Spirit Poop"],"max_hp_gain":0,"max_hp_loss":0,"event_name":"Bonfire Elementals","floor":3,"gold_loss":0},{"damage_healed":0,"gold_gain":0,"player_choice":"Grow","damage_taken":0,"max_hp_gain":0,"max_hp_loss":0,"event_name":"Living Wall","floor":12,"gold_loss":0,"cards_upgraded":["FollowUp"]}],"is_beta":false,"boss_relics":[],"items_purged_floors":[],"is_endless":false,"potions_floor_spawned":[4],"killed_by":"The Guardian","ascension_level":0}}