{"host":"w8xisjf5mgmfjvmt","time":1612418502,"event":{"mods":["BaseMod","BetterRewards","Challenge The Spire","Conspire","Energized Spire","Filter the Spire","Minty Spire (QoL Compilation)","Quarter Circle Forward PUNCH!","Quick Restart","Relic Filter Mod","Relic Stats","Reliquary","Replay The Spire","Shop Mod","Spicy Shops","StSLib","¡¾ÒÅÎï¿¨ÅÆ¡¿REMEMod","óô»ðÖ¸ÄÏ"],"gold_per_floor":[113,131,131,154,154,189,189,39,39,73,91,126,126,51,51,140,152,177,203,229,256,282,294,341,353,365,377,399,441,466,125,125,201,201,217,228,246,117,117,151,163,191,218,232,260,260,275,286,286,286,286,286,286,23,49,49],"floor_reached":57,"language":"ZHS","playtime":2808,"items_purged":["Meteor Strike","Mayhem","Dualcast","Injury"],"score":2383,"play_id":"03a7d9e6-75ef-4c2a-abd8-d194f0990ca7","local_time":"20210204140142","is_ascension_mode":true,"campfire_choices":[{"floor":7.0,"key":"REST"},{"data":"Defragment","floor":13.0,"key":"SMITH"},{"floor":15.0,"key":"DIG"},{"data":"Defragment","floor":23.0,"key":"SMITH"},{"data":"Echo Form","floor":27.0,"key":"SMITH"},{"data":"Chaos","floor":32.0,"key":"SMITH"},{"data":"Hologram","floor":46.0,"key":"SMITH"},{"floor":49.0,"key":"RECALL"},{"data":"Amplify","floor":53.0,"key":"SMITH"}],"circlet_count":0,"master_deck":["AscendersBane","Zap","ReplayTheSpireMod:Omega Cannon","Barrage","Echo Form+1","Streamline+1","Defragment+1","Amplify+1","Conserve Battery","Ball Lightning+1","Hologram+1","Defragment+1","Glacier","Conserve Battery","Compile Driver","Turbo","Melter","Chill+1","Chaos+1","Meteor Strike","Bandage Up","Creative AI+1","Panic Button","Double Energy","Echo Form+1","Coolheaded","Recycle","Master of Strategy","Capacitor+1","Biased Cognition+1","ReplayTheSpireMod:Dual Polarity+1"],"relics":["REME_ComplimentaryCards","Pandora\u0027s Box","Iron Hammer","qcfpunch:Red_Gi","Eternal Feather","White Beast Statue","MawBank","Snecko Heart","Prayer Wheel","Counterbalance","Darkstone Periapt","Prayer Wheel","Frozen Egg 2","Membership Card","conspire:TreasureMap","Painkiller Herb","ReplayTheSpireMod:ShopPack","Replay:Rubber Ducky","PreservedInsect","Emotion Chip","ClockworkSouvenir","Bottled Tornado","Bottled Lightning"],"acts_visited":["Exordium","TheCity","TheBeyond","TheEnding"],"potions_floor_usage":[56,56,56],"damage_taken":[{"damage":0.0,"enemies":"Cultist","floor":1.0,"turns":2.0},{"damage":5.0,"enemies":"Jaw Worm","floor":2.0,"turns":2.0},{"damage":23.0,"enemies":"3 Sentries","floor":6.0,"turns":4.0},{"damage":5.0,"enemies":"Lagavulin","floor":10.0,"turns":6.0},{"damage":0.0,"enemies":"Small Slimes","floor":11.0,"turns":3.0},{"damage":0.0,"enemies":"Gremlin Nob","floor":12.0,"turns":3.0},{"damage":19.0,"enemies":"Slime Boss","floor":16.0,"turns":6.0},{"damage":1.0,"enemies":"2 Thieves","floor":18.0,"turns":2.0},{"damage":0.0,"enemies":"Spheric Guardian","floor":19.0,"turns":1.0},{"damage":11.0,"enemies":"Shelled Parasite and Fungi","floor":20.0,"turns":6.0},{"damage":24.0,"enemies":"Snake Plant","floor":21.0,"turns":5.0},{"damage":9.0,"enemies":"Chosen and Byrds","floor":22.0,"turns":5.0},{"damage":20.0,"enemies":"Slavers","floor":24.0,"turns":4.0},{"damage":47.0,"enemies":"Shelled Parasite and Fungi","floor":28.0,"turns":5.0},{"damage":0.0,"enemies":"REME_1_Revenger","floor":29.0,"turns":4.0},{"damage":5.0,"enemies":"Centurion and Healer","floor":30.0,"turns":6.0},{"damage":16.0,"enemies":"Champ","floor":33.0,"turns":8.0},{"damage":0.0,"enemies":"3 Shapes","floor":35.0,"turns":3.0},{"damage":31.0,"enemies":"3 Darklings","floor":36.0,"turns":3.0},{"damage":17.0,"enemies":"Maw","floor":37.0,"turns":6.0},{"damage":17.0,"enemies":"R_Hoarder","floor":40.0,"turns":7.0},{"damage":0.0,"enemies":"Transient","floor":41.0,"turns":6.0},{"damage":27.0,"enemies":"Reptomancer","floor":42.0,"turns":5.0},{"damage":3.0,"enemies":"Jaw Worm Horde","floor":44.0,"turns":7.0},{"damage":5.0,"enemies":"Nemesis","floor":45.0,"turns":9.0},{"damage":5.0,"enemies":"Writhing Mass","floor":47.0,"turns":6.0},{"damage":0.0,"enemies":"3 Darklings","floor":48.0,"turns":5.0},{"damage":5.0,"enemies":"Replay:Hell Engine","floor":50.0,"turns":9.0},{"damage":12.0,"enemies":"Awakened One","floor":51.0,"turns":12.0},{"damage":39,"enemies":"Shield and Spear","floor":55,"turns":9},{"damage":10,"enemies":"The Heart","floor":56,"turns":6}],"seed_played":"4735436138542458752","potions_obtained":[{"floor":6.0,"key":"Adrenaline Potion"},{"floor":12.0,"key":"Weak Potion"},{"floor":16.0,"key":"Venom Potion"},{"floor":22.0,"key":"GamblersBrew"},{"floor":24.0,"key":"SkillPotion"},{"floor":28.0,"key":"SkillPotion"},{"floor":29.0,"key":"AttackPotion"},{"floor":30.0,"key":"conspire:TimeTravelPotion"},{"floor":35.0,"key":"Block Potion"},{"floor":36.0,"key":"Swift Potion"},{"floor":37.0,"key":"DuplicationPotion"},{"floor":42.0,"key":"Swift Potion"},{"floor":48.0,"key":"Elixir"}],"is_trial":false,"path_per_floor":["M","M","?","T","?","E","R","$","T","E","M","E","R","$","R","B",null,"M","M","M","M","M","R","E","?","T","R","M","E","M","$","R","B",null,"?","?","?","T","?","E","?","E","T","?","E","T","?","?","T","B","B",null,"T","T","E","B",null],"character_chosen":"DEFECT","items_purchased":["Defragment","Membership Card","Bandage Up","conspire:TreasureMap","ReplayTheSpireMod:ShopPack","ClockworkSouvenir","Bottled Tornado","PowerPotion"],"campfire_rested":1,"item_purchase_floors":[8,31,31,31,38,54,54,54],"current_hp_per_floor":[64,59,38,38,38,15,36,36,36,31,31,31,40,40,49,30,61,60,60,49,25,16,28,8,81,81,81,34,34,29,29,41,31,69,77,77,64,64,64,55,59,40,40,41,44,62,63,71,81,81,81,81,81,87,56,52],"gold":49,"neow_bonus":"BOSS_RELIC","is_daily":false,"chose_seed":false,"campfire_upgraded":6,"win_rate":0.0,"timestamp":1612418502,"path_taken":["M","M","?","?","?","E","R","?","T","E","M","E","R","$","R","BOSS","M","M","?","?","M","R","E","?","T","R","M","E","?","$","R","BOSS","?","?","?","T","?","E","?","E","T","?","E","T","?","?","T","BOSS","BOSS","T","T","E","BOSS"],"items_purchased_type":["Card","Relic","Card","Relic","Relic","Relic","Relic","Potion"],"build_version":"2020-12-22","purchased_purges":4,"victory":true,"max_hp_per_floor":[71,71,71,71,71,71,71,71,71,71,71,71,71,71,71,71,71,71,71,71,71,71,71,71,81,81,81,81,81,81,81,81,81,81,81,81,81,81,81,81,81,81,81,81,81,81,81,81,81,81,81,81,81,87,87,87],"relic_stats":{"Darkstone Periapt":6,"Emotion Chip":[24,6,9,2,7],"counters":[31,165],"Pandora\u0027s Box":["ReplayTheSpireMod:Omega Cannon","Multi-Cast","Barrage","Meteor Strike","Echo Form","Streamline","Defragment","Amplify"],"Eternal Feather":70,"Prayer Wheel":12,"PreservedInsect":127,"MawBank":192,"obtain_stats":[{"Darkstone Periapt":26,"conspire:TreasureMap":31,"Snecko Heart":17,"Counterbalance":24,"Eternal Feather":10,"Painkiller Herb":34,"PreservedInsect":42,"Frozen Egg 2":29,"Bottled Tornado":54,"MawBank":15,"White Beast Statue":12,"reliquary:FerryPass":4,"Replay:Rubber Ducky":40,"ClockworkSouvenir":54,"Emotion Chip":45,"qcfpunch:Red_Gi":9,"Pandora\u0027s Box":0,"Prayer Wheel":20,"Iron Hammer":6,"Membership Card":31,"Bottled Lightning":55,"Cracked Core":0,"REME_ComplimentaryCards":0,"ReplayTheSpireMod:ShopPack":38},{"Darkstone Periapt":13,"conspire:TreasureMap":16,"Snecko Heart":7,"Counterbalance":13,"Eternal Feather":4,"Painkiller Herb":17,"PreservedInsect":23,"Frozen Egg 2":15,"Bottled Tornado":29,"MawBank":6,"White Beast Statue":6,"reliquary:FerryPass":2,"Replay:Rubber Ducky":21,"ClockworkSouvenir":29,"Emotion Chip":25,"qcfpunch:Red_Gi":3,"Pandora\u0027s Box":0,"Prayer Wheel":10,"Iron Hammer":3,"Membership Card":16,"Bottled Lightning":30,"Cracked Core":0,"REME_ComplimentaryCards":0,"ReplayTheSpireMod:ShopPack":20},{"Darkstone Periapt":49,"conspire:TreasureMap":64,"Snecko Heart":26,"Counterbalance":49,"Eternal Feather":14,"Painkiller Herb":72,"PreservedInsect":102,"Frozen Egg 2":58,"Bottled Tornado":150,"MawBank":20,"White Beast Statue":20,"reliquary:FerryPass":4,"Replay:Rubber Ducky":91,"ClockworkSouvenir":150,"Emotion Chip":118,"qcfpunch:Red_Gi":8,"Pandora\u0027s Box":0,"Prayer Wheel":31,"Iron Hammer":8,"Membership Card":64,"Bottled Lightning":159,"Cracked Core":0,"REME_ComplimentaryCards":0,"ReplayTheSpireMod:ShopPack":84}]},"card_choices":[{"not_picked":["Redo","Stack"],"picked":"Conserve Battery","floor":1.0},{"not_picked":["Panic Button","REME_DataAnalysis"],"picked":"Ball Lightning","floor":2.0},{"not_picked":["REME_ForAll","FIFO Queue"],"picked":"Hologram","floor":6.0},{"not_picked":["Barrage","Recycle"],"picked":"Glacier","floor":10.0},{"not_picked":["Ball Lightning","Go for the Eyes"],"picked":"Conserve Battery","floor":11.0},{"not_picked":["Hologram","Conserve Battery","Crystallizer"],"picked":"SKIP","floor":12.0},{"not_picked":["Core Surge","Amplify"],"picked":"ReplayTheSpireMod:Fabricate Wheel","floor":16.0},{"not_picked":["Cold Snap","Sweeping Beam+1"],"picked":"Compile Driver","floor":18.0},{"not_picked":["Cold Snap","Streamline","Stack"],"picked":"SKIP","floor":19.0},{"not_picked":["Rebound","Ball Lightning"],"picked":"Turbo","floor":20.0},{"not_picked":["Streamline","Panic Button","Hologram"],"picked":"SKIP","floor":20.0},{"not_picked":["Steam","Panic Button"],"picked":"Melter","floor":21.0},{"not_picked":["Compile Driver","Redo","Sweeping Beam"],"picked":"SKIP","floor":21.0},{"not_picked":["Thunder Strike","Conserve Battery","Stack+1"],"picked":"SKIP","floor":22.0},{"not_picked":["Lockon","Hologram","Sweeping Beam"],"picked":"SKIP","floor":22.0},{"not_picked":["Panic Button","Rebound","Static Discharge"],"picked":"SKIP","floor":24.0},{"not_picked":["Hologram","Coolheaded"],"picked":"Chill+1","floor":28.0},{"not_picked":["Melter","ReplayTheSpireMod:Dual Polarity"],"picked":"Chaos","floor":28.0},{"not_picked":["Barrage","Time Bomb","FTL"],"picked":"SKIP","floor":28.0},{"not_picked":["Stack","Streamline+1","ReplayTheSpireMod:System Scan"],"picked":"SKIP","floor":29.0},{"not_picked":["Stack","Streamline+1","ReplayTheSpireMod:System Scan"],"picked":"SKIP","floor":29.0},{"not_picked":["BasicCrystalCard","Hologram+1"],"picked":"Meteor Strike","floor":30.0},{"not_picked":["Rebound","Auto Shields+1","Barrage"],"picked":"SKIP","floor":30.0},{"not_picked":["Rebound","Loop+1","Sunder"],"picked":"SKIP","floor":30.0},{"not_picked":["Core Surge","Amplify"],"picked":"Creative AI+1","floor":33.0},{"not_picked":["Beam Cell","Hologram+1"],"picked":"Panic Button","floor":35.0},{"not_picked":["Time Bomb","Barrage"],"picked":"Double Energy","floor":35.0},{"not_picked":["Rebound","Stack+1","REME_Whirling"],"picked":"SKIP","floor":35.0},{"not_picked":["ReplayGash","Coolheaded"],"picked":"Echo Form+1","floor":36.0},{"not_picked":["Cold Snap","Tempest","ReplayTheSpireMod:Reroute Power"],"picked":"SKIP","floor":36.0},{"not_picked":["Leap","Rebound+1","BootSequence+1"],"picked":"SKIP","floor":36.0},{"not_picked":["Stack","Hello World+1"],"picked":"Coolheaded","floor":37.0},{"not_picked":["Storm+1","Scrape"],"picked":"Recycle","floor":37.0},{"not_picked":["Leap+1","Turbo","Steam+1"],"picked":"SKIP","floor":37.0},{"not_picked":["Secret Weapon","Metamorphosis"],"picked":"Master of Strategy","floor":38.0},{"not_picked":["Beam Cell","Conserve Battery","Sunder"],"picked":"SKIP","floor":40.0},{"not_picked":["ReplayGash+1","Turbo","Sweeping Beam","Lockon"],"picked":"Capacitor+1","floor":41.0},{"not_picked":["Gash","Rebound","Auto Shields","Steam+1","Go for the Eyes"],"picked":"SKIP","floor":41.0},{"not_picked":["Gash+1","Electrodynamics+1","Compile Driver","Leap","Redo"],"picked":"SKIP","floor":41.0},{"not_picked":["Recycle+1","Hologram+1"],"picked":"Biased Cognition+1","floor":42.0},{"not_picked":["Gash","Conserve Battery+1","Turbo+1"],"picked":"SKIP","floor":44.0},{"not_picked":["Compile Driver","Ball Lightning","Rebound+1"],"picked":"SKIP","floor":44.0},{"not_picked":["All For One","Rebound","Aggregate"],"picked":"SKIP","floor":44.0},{"not_picked":["Recycle+1","Sunder+1","Genetic Algorithm+1"],"picked":"SKIP","floor":45.0},{"not_picked":["Steam+1","Leap"],"picked":"ReplayTheSpireMod:Dual Polarity+1","floor":47.0},{"not_picked":["Hello World+1","Rebound","Blizzard"],"picked":"SKIP","floor":47.0},{"not_picked":["Storm+1","Conserve Battery","Hologram+1"],"picked":"SKIP","floor":47.0},{"not_picked":["Static Discharge+1","conspire:Rain","Crystallizer+1"],"picked":"SKIP","floor":48.0},{"not_picked":["REME_Whirling","REME_SelfUpgrade+1","Sunder+1"],"picked":"SKIP","floor":48.0},{"not_picked":["Redo+1","Compile Driver+1","Rebound"],"picked":"SKIP","floor":48.0},{"not_picked":["Scrape","Sunder+1","Turbo","Blizzard","Loop+1"],"picked":"SKIP","floor":55}],"player_experience":1270632,"relics_obtained":[{"floor":4.0,"key":"reliquary:FerryPass"},{"floor":6.0,"key":"Iron Hammer"},{"floor":9.0,"key":"qcfpunch:Red_Gi"},{"floor":10.0,"key":"Eternal Feather"},{"floor":12.0,"key":"White Beast Statue"},{"floor":15.0,"key":"MawBank"},{"floor":24.0,"key":"Counterbalance"},{"floor":26.0,"key":"Darkstone Periapt"},{"floor":29.0,"key":"Frozen Egg 2"},{"floor":40.0,"key":"Replay:Rubber Ducky"},{"floor":42.0,"key":"PreservedInsect"},{"floor":45.0,"key":"Emotion Chip"},{"floor":55,"key":"Bottled Lightning"}],"event_choices":[{"damage_healed":0.0,"max_hp_gain":0.0,"max_hp_loss":0.0,"gold_gain":0.0,"event_name":"Shining Light","player_choice":"Entered Light","floor":3.0,"gold_loss":0.0,"damage_taken":21.0,"cards_upgraded":["Streamline","Ball Lightning"]},{"cards_removed":["Multi-Cast"],"damage_healed":63.0,"max_hp_gain":10.0,"max_hp_loss":0.0,"gold_gain":0.0,"event_name":"Bonfire Elementals","player_choice":"Offered Rare","floor":25.0,"gold_loss":0.0,"damage_taken":0.0},{"damage_healed":0.0,"max_hp_gain":0.0,"max_hp_loss":0.0,"gold_gain":0.0,"event_name":"SecretPortal","player_choice":"Ignored","floor":39.0,"gold_loss":0.0,"damage_taken":0.0}],"is_beta":false,"boss_relics":[{"not_picked":["SacredBark","energizedSpire:OldTV"],"picked":"Snecko Heart"},{"not_picked":["Honey Jar","REME_ChargedStone"],"picked":"Painkiller Herb"}],"items_purged_floors":[14,31,38,54],"is_endless":false,"potions_floor_spawned":[6,12,16,18,19,20,21,22,24,28,29,30,33,35,36,37,40,41,42,44,45,47,48,55],"ascension_level":20}}