{"host":"utqe55yv0jihe4d6","time":1612412551,"event":{"mods":["2.2 Compatiblity","AchievementEnabler","BaseMod","Block Reminder","Colored Map","Colored Powertips","Minty Spire (QoL Compilation)","Quick Restart","Rare Cards Sparkle","Relic Stats","SuperFastMode"],"gold_per_floor":[113,131,142,159,159,159,187,187,187,187,220,232,232,251,251,251,251],"floor_reached":16,"language":"ENG","playtime":277,"items_purged":[],"score":224,"play_id":"a198266e-4da5-4c3a-9f0a-90b8b6df594b","local_time":"20210203232231","is_ascension_mode":true,"campfire_choices":[{"data":"Neutralize","floor":6.0,"key":"SMITH"},{"floor":10.0,"key":"REST"},{"floor":13,"key":"REST"},{"data":"Corpse Explosion","floor":15,"key":"SMITH"}],"circlet_count":0,"master_deck":["AscendersBane","Strike_G","Strike_G","Strike_G","Strike_G","Strike_G","Defend_G+1","Defend_G","Defend_G","Defend_G","Defend_G","Survivor+1","Neutralize+1","Dagger Spray","Corpse Explosion+1","Poisoned Stab","Bane","Calculated Gamble","Dash+1","Sucker Punch+1","Bouncing Flask"],"relics":["Ring of the Snake","NeowsBlessing","Tiny Chest","Molten Egg 2","Calipers"],"acts_visited":["Exordium"],"potions_floor_usage":[11,11],"damage_taken":[{"damage":0.0,"enemies":"Cultist","floor":1.0,"turns":1.0},{"damage":0.0,"enemies":"Jaw Worm","floor":2.0,"turns":1.0},{"damage":0.0,"enemies":"2 Louse","floor":3.0,"turns":1.0},{"damage":9.0,"enemies":"Red Slaver","floor":4.0,"turns":4.0},{"damage":27.0,"enemies":"3 Sentries","floor":7.0,"turns":3.0},{"damage":7,"enemies":"Lagavulin","floor":11,"turns":6},{"damage":1,"enemies":"3 Louse","floor":12,"turns":3},{"damage":0,"enemies":"Looter","floor":14,"turns":3},{"damage":48,"enemies":"Slime Boss","floor":16,"turns":8}],"seed_played":"-3200321248720354126","potions_obtained":[{"floor":4.0,"key":"Swift Potion"},{"floor":7.0,"key":"PowerPotion"},{"floor":8.0,"key":"BlessingOfTheForge"},{"floor":12,"key":"FearPotion"},{"floor":14,"key":"Swift Potion"}],"is_trial":false,"path_per_floor":["M","M","M","M","?","R","E","?","T","R","E","M","R","M","R","B"],"character_chosen":"THE_SILENT","items_purchased":[],"campfire_rested":2,"item_purchase_floors":[],"current_hp_per_floor":[59,59,59,50,30,30,3,3,3,22,15,14,33,33,33,0,0],"gold":251,"neow_bonus":"THREE_ENEMY_KILL","is_daily":false,"chose_seed":false,"campfire_upgraded":2,"win_rate":0.0,"timestamp":1612412551,"path_taken":["M","M","M","?","?","R","E","?","T","R","E","M","R","M","R","BOSS"],"items_purchased_type":[],"build_version":"2020-12-22","purchased_purges":0,"victory":false,"max_hp_per_floor":[66,66,66,66,66,66,66,66,66,66,66,66,66,66,66,66,66],"relic_stats":{"counters":[9,30],"Tiny Chest":0,"obtain_stats":[{"Calipers":11,"NeowsBlessing":0,"Tiny Chest":7,"Molten Egg 2":9,"Ring of the Snake":0},{"Calipers":6,"NeowsBlessing":0,"Tiny Chest":5,"Molten Egg 2":5,"Ring of the Snake":0},{"Calipers":16,"NeowsBlessing":0,"Tiny Chest":10,"Molten Egg 2":10,"Ring of the Snake":0}],"Ring of the Snake":[18]},"card_choices":[{"not_picked":["Bane","Deadly Poison"],"picked":"Dagger Spray","floor":1.0},{"not_picked":["Acrobatics","Dagger Spray"],"picked":"Corpse Explosion","floor":2.0},{"not_picked":["Leg Sweep","Underhanded Strike"],"picked":"Poisoned Stab","floor":3.0},{"not_picked":["Underhanded Strike","Deflect"],"picked":"Bane","floor":4.0},{"not_picked":["Blade Dance","Dagger Spray"],"picked":"Calculated Gamble","floor":7.0},{"not_picked":["Acrobatics","Reflex"],"picked":"Dash+1","floor":11},{"not_picked":["Backstab+1","Blur"],"picked":"Sucker Punch+1","floor":12},{"not_picked":["Calculated Gamble","Quick Slash+1"],"picked":"Bouncing Flask","floor":14}],"player_experience":3015744,"relics_obtained":[{"floor":7.0,"key":"Tiny Chest"},{"floor":9.0,"key":"Molten Egg 2"},{"floor":11,"key":"Calipers"}],"event_choices":[{"damage_healed":0.0,"max_hp_gain":0.0,"max_hp_loss":0.0,"gold_gain":0.0,"event_name":"Shining Light","player_choice":"Entered Light","floor":5.0,"gold_loss":0.0,"damage_taken":20.0,"cards_upgraded":["Survivor","Defend_G"]},{"damage_healed":0.0,"max_hp_gain":0.0,"max_hp_loss":0.0,"gold_gain":0.0,"event_name":"Lab","player_choice":"Got Potions","floor":8.0,"gold_loss":0.0,"damage_taken":0.0}],"is_beta":false,"boss_relics":[],"items_purged_floors":[],"is_endless":false,"potions_floor_spawned":[4,7,12,14],"killed_by":"Slime Boss","ascension_level":20}}