{"host":"8vrmceg1p8ljousa","time":1612475830,"event":{"mods":["BaseMod","Highlight Path","Minty Spire (QoL Compilation)","StSLib","The Cursed","The Necromancer","The Poker Player"],"gold_per_floor":[118,129,102,102,102,134,134,146,170,170,202,202,215,225,225,327,327,343,52,232,55,55,55,127,127,427,442,442,357,4,103,103,208,208,225,280,280,290,290,324,324,242,242,242,277,294,310,310,310,310,310,310,159,193,193,193],"floor_reached":55,"language":"ENG","playtime":2269,"items_purged":["TheCursedMod:Strike_TheCursed","TheCursedMod:Strike_TheCursed","TheCursedMod:Strike_TheCursed"],"score":752,"play_id":"e9e839c3-753f-42ee-a26b-51efbb2c425d","local_time":"20210204235710","is_ascension_mode":false,"campfire_choices":[{"data":"TheCursedMod:DarkBarrier","floor":10,"key":"SMITH"},{"data":"TheCursedMod:CleanUpWorkshop","floor":12,"key":"SMITH"},{"data":"TheCursedMod:CursedMace","floor":15,"key":"SMITH"},{"floor":25,"key":"REST"},{"data":"TheCursedMod:LuckyCharm","floor":28,"key":"SMITH"},{"floor":32,"key":"REST"},{"floor":41,"key":"REST"},{"floor":49,"key":"RECALL"},{"floor":52,"key":"REST"}],"circlet_count":0,"master_deck":["TheCursedMod:Defend_TheCursed","TheCursedMod:Defend_TheCursed","TheCursedMod:Defend_TheCursed","TheCursedMod:Defend_TheCursed","TheCursedMod:CursedWand","TheCursedMod:CleanUpWorkshop+1","TheCursedMod:Dregs","TheCursedMod:CursedShiv","TheCursedMod:RapidMovement","TheCursedMod:SmokeScreen","TheCursedMod:StunningStrike","TheCursedMod:DarkBarrier+1","TheCursedMod:WearCloak","TheCursedMod:ReleasedStrength","TheCursedMod:CursedMace+1","TheCursedMod:VoidForm","TheCursedMod:LuckyCharm+1","TheCursedMod:HellfireBreathing","TheCursedMod:CursedArmor","TheCursedMod:HellsGateOpen","TheCursedMod:CursedShiv+1","TheCursedMod:SpitefulPlan","TheCursedMod:ShockAndAwe+1","TheCursedMod:CursedRelics+1","TheCursedMod:Grudge","Dark Shackles","Parasite","Writhe","TheCursedMod:WearCloak+1"],"relics":["TheCursedMod:BlackMagic101","NeowsBlessing","Bag of Preparation","Juzu Bracelet","Strawberry","Gremlin Horn","Sozu","PreservedInsect","Enchiridion","Molten Egg 2","Old Coin","Lantern","Orrery","Fusion Hammer","TheCursedMod:SoulVessel","White Beast Statue","Eternal Feather","Art of War","Pen Nib","TheCursedMod:MagicCandle"],"acts_visited":["Exordium","TheCity","TheBeyond","TheEnding"],"potions_floor_usage":[36],"damage_taken":[{"damage":0,"enemies":"Small Slimes","floor":1,"turns":1},{"damage":0,"enemies":"2 Louse","floor":2,"turns":1},{"damage":0,"enemies":"Gremlin Nob","floor":6,"turns":1},{"damage":0,"enemies":"Cultist","floor":8,"turns":3},{"damage":35,"enemies":"3 Sentries","floor":11,"turns":15},{"damage":2,"enemies":"Looter","floor":13,"turns":4},{"damage":5,"enemies":"Exordium Wildlife","floor":14,"turns":4},{"damage":27,"enemies":"Hexaghost","floor":16,"turns":13},{"damage":20,"enemies":"3 Byrds","floor":18,"turns":7},{"damage":8,"enemies":"Spheric Guardian","floor":27,"turns":5},{"damage":16,"enemies":"Automaton","floor":33,"turns":9},{"damage":0,"enemies":"Orb Walker","floor":35,"turns":4},{"damage":11,"enemies":"2 Orb Walkers","floor":36,"turns":4},{"damage":23,"enemies":"3 Shapes","floor":38,"turns":4},{"damage":9,"enemies":"Reptomancer","floor":40,"turns":4},{"damage":3,"enemies":"Giant Head","floor":45,"turns":6},{"damage":0,"enemies":"Writhing Mass","floor":46,"turns":7},{"damage":1,"enemies":"Transient","floor":47,"turns":5},{"damage":29,"enemies":"Donu and Deca","floor":50,"turns":8},{"damage":3,"enemies":"Shield and Spear","floor":54,"turns":5},{"damage":89,"enemies":"The Heart","floor":55,"turns":5}],"seed_played":"-6660041538075859313","potions_obtained":[{"floor":6,"key":"Ancient Potion"},{"floor":8,"key":"Explosive Potion"}],"is_trial":false,"path_per_floor":["M","M","$","?","?","E","?","M","T","R","E","R","M","M","R","B",null,"M","$","?","$","?","?","T","R","T","M","R","?","$","?","R","B",null,"M","?","?","M","?","E","R","$","T","T","E","M","M","?","R","B",null,"R","$","E","B"],"character_chosen":"THE_CURSED","items_purchased":["TheCursedMod:SmokeScreen","PreservedInsect","TheCursedMod:LuckyCharm","TheCursedMod:HellfireBreathing","TheCursedMod:HellsGateOpen","Orrery","Dark Shackles","Pen Nib"],"campfire_rested":4,"item_purchase_floors":[3,19,19,21,30,30,42,53],"current_hp_per_floor":[75,75,75,75,75,75,75,75,82,82,47,47,45,40,40,13,82,62,62,43,43,43,27,27,51,51,43,43,43,43,43,67,51,82,82,71,71,52,52,46,70,70,70,70,74,78,82,82,82,62,82,82,82,82,0,0],"gold":193,"neow_bonus":"THREE_ENEMY_KILL","is_daily":false,"chose_seed":false,"campfire_upgraded":4,"win_rate":0.0,"timestamp":1612475830,"path_taken":["M","M","$","?","?","E","?","M","T","R","E","R","M","M","R","BOSS","M","$","?","$","?","?","?","R","T","M","R","?","?","?","R","BOSS","M","?","?","M","?","E","R","$","T","?","E","M","M","?","R","BOSS","R","$","E","BOSS"],"items_purchased_type":["Card","Relic","Card","Card","Card","Relic","Card","Relic"],"build_version":"2020-12-22","purchased_purges":3,"victory":false,"max_hp_per_floor":[75,75,75,75,75,75,75,75,82,82,82,82,82,82,82,82,82,82,82,82,82,82,82,82,82,82,82,82,82,82,82,82,82,82,82,82,82,82,82,82,82,82,82,82,82,82,82,82,82,82,82,82,82,82,82,82],"card_choices":[{"not_picked":["TheCursedMod:RavingStaff","TheCursedMod:StingEye"],"picked":"TheCursedMod:CursedShiv","floor":1},{"not_picked":["TheCursedMod:CursedShiv","TheCursedMod:Torture"],"picked":"TheCursedMod:RapidMovement","floor":2},{"not_picked":["TheCursedMod:EmpowerCircles","TheCursedMod:Stretching"],"picked":"TheCursedMod:DarkBarrier","floor":6},{"not_picked":["TheCursedMod:Torture","TheCursedMod:SmokeScreen"],"picked":"TheCursedMod:WearCloak","floor":8},{"not_picked":["TheCursedMod:SoulCrush","TheCursedMod:BloodBarrier"],"picked":"TheCursedMod:ReleasedStrength","floor":11},{"not_picked":["TheCursedMod:BlessingInDisguise","TheCursedMod:CursedAmulet"],"picked":"TheCursedMod:CursedMace","floor":13},{"not_picked":["TheCursedMod:Torture","TheCursedMod:CircleOfCorruption","TheCursedMod:WearCloak"],"picked":"SKIP","floor":14},{"not_picked":["TheCursedMod:ParallelWorld","TheCursedMod:DemonicPact"],"picked":"TheCursedMod:VoidForm","floor":16},{"not_picked":["TheCursedMod:RavingStaff","TheCursedMod:RapidMovement"],"picked":"TheCursedMod:Evocation","floor":18},{"not_picked":["TheCursedMod:LuckyCharm","TheCursedMod:Obscuration+1"],"picked":"TheCursedMod:CursedArmor","floor":27},{"not_picked":["TheCursedMod:AbyssShockwave+1","TheCursedMod:Stretching"],"picked":"TheCursedMod:CursedShiv+1","floor":30},{"not_picked":["TheCursedMod:Mangle+1","TheCursedMod:BlessingInDisguise"],"picked":"TheCursedMod:SpitefulPlan","floor":30},{"not_picked":["TheCursedMod:RapidMovement+1","TheCursedMod:RavingStaff+1"],"picked":"TheCursedMod:ShockAndAwe+1","floor":30},{"not_picked":["TheCursedMod:AntiAging","TheCursedMod:DemonSword+1"],"picked":"TheCursedMod:CursedRelics+1","floor":33},{"not_picked":["TheCursedMod:Torture","TheCursedMod:RavingStaff+1","TheCursedMod:SpitefulStrike+1"],"picked":"SKIP","floor":35},{"not_picked":["TheCursedMod:CursedShiv+1","TheCursedMod:SpitefulStrike+1"],"picked":"TheCursedMod:Grudge","floor":38},{"not_picked":["TheCursedMod:AshesToAshes","TheCursedMod:Obscuration","TheCursedMod:StunningStrike+1"],"picked":"SKIP","floor":40},{"not_picked":["TheCursedMod:Torture+1","TheCursedMod:RapidMovement","TheCursedMod:FuryStrike+1"],"picked":"SKIP","floor":45},{"not_picked":["TheCursedMod:SurpriseAttack+1","TheCursedMod:TacticalStrike+1","TheCursedMod:CursedBlade+1"],"picked":"SKIP","floor":46},{"not_picked":["TheCursedMod:CircleOfWindfury","TheCursedMod:CursedShiv+1","TheCursedMod:SmokeScreen"],"picked":"SKIP","floor":47},{"not_picked":["TheCursedMod:SpitefulStrike+1","TheCursedMod:TroublousMinions"],"picked":"TheCursedMod:WearCloak+1","floor":54}],"player_experience":70696,"relics_obtained":[{"floor":6,"key":"Bag of Preparation"},{"floor":9,"key":"Strawberry"},{"floor":11,"key":"Gremlin Horn"},{"floor":23,"key":"Enchiridion"},{"floor":24,"key":"Molten Egg 2"},{"floor":26,"key":"Old Coin"},{"floor":36,"key":"TheCursedMod:SoulVessel"},{"floor":40,"key":"White Beast Statue"},{"floor":44,"key":"Eternal Feather"},{"floor":45,"key":"Art of War"},{"floor":54,"key":"TheCursedMod:MagicCandle"}],"event_choices":[{"damage_healed":0,"gold_gain":0,"player_choice":"Ignored","damage_taken":0,"max_hp_gain":0,"max_hp_loss":0,"event_name":"Golden Idol","floor":4,"gold_loss":0},{"damage_healed":0,"gold_gain":0,"cards_transformed":["TheCursedMod:Strike_TheCursed"],"player_choice":"Change","damage_taken":0,"max_hp_gain":0,"max_hp_loss":0,"event_name":"Living Wall","floor":5,"gold_loss":0,"cards_obtained":["TheCursedMod:StunningStrike"]},{"damage_healed":0,"gold_gain":0,"player_choice":"Searched \u00271\u0027 times","damage_taken":0,"relics_obtained":["Juzu Bracelet"],"max_hp_gain":0,"max_hp_loss":0,"event_name":"Dead Adventurer","floor":7,"gold_loss":0},{"damage_healed":0,"gold_gain":180,"player_choice":"GOLD GOLD ","damage_taken":19,"max_hp_gain":0,"max_hp_loss":0,"event_name":"Knowing Skull","floor":20,"potions_obtained":[],"gold_loss":0,"cards_obtained":[]},{"damage_healed":0,"gold_gain":0,"player_choice":"Ignored","damage_taken":0,"max_hp_gain":0,"max_hp_loss":0,"event_name":"Vampires","floor":22,"gold_loss":0},{"damage_healed":0,"gold_gain":0,"player_choice":"Obtained Book","damage_taken":16,"max_hp_gain":0,"max_hp_loss":0,"event_name":"Cursed Tome","floor":23,"gold_loss":0},{"damage_healed":0,"gold_gain":0,"player_choice":"Obtained Relic","damage_taken":0,"relics_obtained":["Lantern"],"max_hp_gain":0,"max_hp_loss":0,"event_name":"Addict","floor":29,"gold_loss":85},{"damage_healed":0,"gold_gain":99,"player_choice":"Stole From Cult","damage_taken":0,"max_hp_gain":0,"max_hp_loss":0,"event_name":"Nest","floor":31,"gold_loss":0},{"damage_healed":0,"gold_gain":0,"player_choice":"Fight","damage_taken":0,"max_hp_gain":0,"max_hp_loss":0,"event_name":"Mysterious Sphere","floor":36,"gold_loss":0},{"cards_removed":["TheCursedMod:Evocation"],"damage_healed":0,"gold_gain":0,"player_choice":"Purged","damage_taken":0,"max_hp_gain":0,"max_hp_loss":0,"event_name":"Purifier","floor":37,"gold_loss":0},{"damage_healed":0,"gold_gain":0,"player_choice":"Ignored","damage_taken":0,"max_hp_gain":0,"max_hp_loss":0,"event_name":"Tomb of Lord Red Mask","floor":39,"gold_loss":0},{"damage_healed":21,"gold_gain":0,"player_choice":"Writhe","damage_taken":0,"max_hp_gain":0,"max_hp_loss":0,"event_name":"Winding Halls","floor":48,"gold_loss":0,"cards_obtained":["Writhe"]}],"is_beta":false,"boss_relics":[{"not_picked":["Busted Crown","TheCursedMod:BlackMagicAdvanced"],"picked":"Sozu"},{"not_picked":["Empty Cage","Snecko Eye"],"picked":"Fusion Hammer"}],"items_purged_floors":[19,21,30],"is_endless":false,"potions_floor_spawned":[6,8,18,33,36,38,45,46,47,54],"killed_by":"The Heart","ascension_level":0}}