{"host":"8d3fefv2347kqkpz","time":1612424730,"event":{"mods":["AchievementEnabler","Act Like it!","Aspiration","BaseMod","Better Vampires","Colored Map","Colored Powertips","Conspire","GifTheSpireLib","Highlight Path","Hubris","Mimic Mod","Minty Spire (QoL Compilation)","Quick Restart","Rare Cards Sparkle","Relic Stats","Replay The Spire","Spicy Shops","StSLib","The Jungle","Waifu the Spire"],"gold_per_floor":[118,118,118,118,129,129,159,159,196,231,231,248,258,258,258],"floor_reached":14,"language":"ZHS","playtime":364,"items_purged":[],"score":179,"play_id":"cad03f1a-71b9-4a59-9b2f-afa624301417","local_time":"20210204154530","is_ascension_mode":true,"campfire_choices":[{"data":"Bash","floor":6,"key":"SMITH"},{"data":"Heavy Blade","floor":8,"key":"SMITH"},{"data":"Searing Blow","floor":11,"key":"SMITH"}],"circlet_count":0,"master_deck":["conspire:GhostlyStrike","conspire:GhostlyStrike","conspire:GhostlyStrike","conspire:GhostlyStrike","conspire:GhostlyStrike","conspire:GhostlyDefend","conspire:GhostlyDefend","conspire:GhostlyDefend","conspire:GhostlyDefend","Bash+1","Rupture+1","Heavy Blade+1","Dual Wield","Searing Blow+1","Iron Wave"],"relics":["Burning Blood","NeowsBlessing","hubris:Towel","Replay:Wax Seal","Omamori","ReplayTheSpireMod:Lightbulb","King of Hearts"],"acts_visited":["Exordium"],"potions_floor_usage":[9,14,14],"damage_taken":[{"damage":0,"enemies":"Jaw Worm","floor":1,"turns":1},{"damage":0,"enemies":"2 Louse","floor":5,"turns":1},{"damage":0,"enemies":"3 Sentries","floor":7,"turns":2},{"damage":8,"enemies":"Small Slimes","floor":9,"turns":8},{"damage":36,"enemies":"Gremlin Nob","floor":10,"turns":5},{"damage":7,"enemies":"Small Slimes","floor":12,"turns":3},{"damage":21,"enemies":"Exordium Thugs","floor":13,"turns":5},{"damage":44,"enemies":"Lagavulin","floor":14,"turns":8}],"seed_played":"-9047909556912723697","potions_obtained":[{"floor":1,"key":"Cursed Concoction"},{"floor":5,"key":"SpeedPotion"},{"floor":10,"key":"SteroidPotion"},{"floor":13,"key":"Flashbang"}],"is_trial":false,"path_per_floor":["M","?","?","?","M","R","E","R","MIM","E","R","M","M","E"],"character_chosen":"IRONCLAD","items_purchased":[],"campfire_rested":0,"item_purchase_floors":[],"current_hp_per_floor":[80,80,80,80,80,80,80,80,78,48,48,47,32,0,0],"gold":258,"neow_bonus":"THREE_ENEMY_KILL","is_daily":false,"chose_seed":false,"campfire_upgraded":3,"win_rate":0.0,"timestamp":1612424730,"path_taken":["M","?","?","?","?","R","E","R","MIM","E","R","M","M","E"],"items_purchased_type":[],"build_version":"2020-12-22","purchased_purges":0,"victory":false,"max_hp_per_floor":[80,80,80,80,80,80,80,80,80,80,80,80,80,80,80],"relic_stats":{"counters":[8,33],"obtain_stats":[{"NeowsBlessing":0,"King of Hearts":10,"Omamori":9,"hubris:Towel":3,"Replay:Wax Seal":7,"ReplayTheSpireMod:Lightbulb":9,"Burning Blood":0},{"NeowsBlessing":0,"King of Hearts":5,"Omamori":4,"hubris:Towel":1,"Replay:Wax Seal":3,"ReplayTheSpireMod:Lightbulb":4,"Burning Blood":0},{"NeowsBlessing":0,"King of Hearts":17,"Omamori":12,"hubris:Towel":1,"Replay:Wax Seal":4,"ReplayTheSpireMod:Lightbulb":12,"Burning Blood":0}],"Burning Blood":24},"card_choices":[{"not_picked":["Disarm","Warcry"],"picked":"Rupture","floor":1},{"not_picked":["Intimidate","ReplayTheSpireMod:Corrosion Curse","Thunderclap"],"picked":"SKIP","floor":5},{"not_picked":["Second Wind","Clash"],"picked":"Heavy Blade","floor":7},{"not_picked":["Shrug It Off","Barricade"],"picked":"Dual Wield","floor":9},{"not_picked":["Thunderclap","Battle Trance"],"picked":"Searing Blow","floor":10},{"not_picked":["Anger","Disarm"],"picked":"Iron Wave","floor":12},{"not_picked":["Thunderclap","Sentinel","Twin Strike"],"picked":"SKIP","floor":13}],"player_experience":245735,"relics_obtained":[{"floor":7,"key":"Replay:Wax Seal"},{"floor":9,"key":"Omamori"},{"floor":9,"key":"ReplayTheSpireMod:Lightbulb"},{"floor":10,"key":"King of Hearts"}],"event_choices":[{"damage_healed":0,"gold_gain":0,"player_choice":"Agree","damage_taken":0,"max_hp_gain":0,"max_hp_loss":0,"event_name":"conspire:LoneGhost","floor":2,"gold_loss":0},{"damage_healed":0,"gold_gain":0,"player_choice":"Forge","damage_taken":0,"max_hp_gain":0,"max_hp_loss":0,"event_name":"Accursed Blacksmith","floor":4,"gold_loss":0,"cards_upgraded":["Rupture"]}],"is_beta":false,"boss_relics":[],"items_purged_floors":[],"is_endless":false,"potions_floor_spawned":[1,5,10,13],"killed_by":"Lagavulin","ascension_level":1}}