{"host":"j4tm1fhkymdbe3p9","time":1612479776,"event":{"mods":["A Magickal Journey","BaseMod","Better Third Choice","BetterRewards","Chen","Downfall","Hermit","Hubris","Infinite Spire","Koishi","Luminous","Marisa????????","Mimic Mod","Minty Spire (QoL Compilation)","Reimu??????","Remilia??????","Replay The Spire","Shade Mod","Shop Mod","StSLib","The Administrix","The Animator","The Blackbeard","The Bladedancer","The Construct","The Cursed","The Disciple","The Druid","The Exalted","The Gatherer","The Hierophant","The Mystic","The Necromancer","The Runesmith","The Servant 0.9.4","The Spell Scribe","TheSwordswoman","??????REMEMod"],"gold_per_floor":[218,275,275,227,238,238,269,269,269,285,313,327,340,351,351,456,456,672,856,463,463,463],"floor_reached":21,"language":"ENG","playtime":3621,"items_purged":[],"score":216,"play_id":"b9f9c653-6be3-4528-8902-ce57eb35e5a6","local_time":"20210204180256","is_ascension_mode":false,"campfire_choices":[{"data":"hermit:Ricochet","floor":6,"key":"SMITH"},{"data":"hermit:Snapshot","floor":8,"key":"SMITH"},{"floor":15,"key":"REST"}],"circlet_count":0,"master_deck":["hermit:Strike_Hermit","hermit:Strike_Hermit","hermit:Strike_Hermit","hermit:Strike_Hermit","hermit:Defend_Hermit","hermit:Defend_Hermit","hermit:Defend_Hermit","hermit:Defend_Hermit","hermit:Snapshot+1","hermit:Covet","hermit:DeadMansHand","hermit:GhostlyPresence","hermit:Ricochet+1","hermit:TrackingShot","hermit:HighNoon","TheCursedMod:Dregs","CommonCold"],"relics":["hermit:Momento","REME_ComplimentaryCards","Pen Nib","White Beast Statue","hubris:MedicalManual","REME_DemonsWealth","Darkstone Periapt","Medical Kit"],"acts_visited":["Exordium","TheCity"],"potions_floor_usage":[11,13,16,16,16,21],"damage_taken":[{"damage":0,"enemies":"2 Louse","floor":1,"turns":2},{"damage":1,"enemies":"Jaw Worm","floor":5,"turns":3},{"damage":22,"enemies":"Lagavulin","floor":7,"turns":8},{"damage":1,"enemies":"Cultist","floor":10,"turns":3},{"damage":0,"enemies":"Gremlin Nob","floor":11,"turns":3},{"damage":11,"enemies":"2 Fungi Beasts","floor":12,"turns":4},{"damage":12,"enemies":"Exordium Thugs","floor":13,"turns":3},{"damage":0,"enemies":"Looter","floor":14,"turns":2},{"damage":44,"enemies":"Slime Boss","floor":16,"turns":10},{"damage":40,"enemies":"Spheric Guardian","floor":18,"turns":6},{"damage":22,"enemies":"2 Thieves","floor":19,"turns":4},{"damage":15,"enemies":"Snake Plant","floor":21,"turns":1}],"seed_played":"-6086602378610790430","potions_obtained":[{"floor":5,"key":"bronze:BurnAndBuffPotion"},{"floor":7,"key":"Languid Potion"},{"floor":10,"key":"Regen Potion"},{"floor":11,"key":"Fire Potion"},{"floor":12,"key":"Swift Potion"},{"floor":13,"key":"Energy Potion"},{"floor":14,"key":"Adrenaline Potion"},{"floor":16,"key":"sneckomod:MuddlingPotion"},{"floor":18,"key":"hermit:Tonic"},{"floor":19,"key":"Fire Potion"}],"is_trial":false,"path_per_floor":["M","?","?","$","M","R","E","R","T","M","E","M","M","M","R","B",null,"M","M","$","M"],"character_chosen":"HERMIT","items_purchased":["hermit:Ricochet","Darkstone Periapt","Medical Kit"],"campfire_rested":1,"item_purchase_floors":[4,20,20],"current_hp_per_floor":[75,75,75,75,74,74,52,52,52,51,60,49,37,37,59,15,75,35,13,13,0,0],"gold":463,"neow_bonus":"HUNDRED_GOLD","is_daily":false,"chose_seed":false,"campfire_upgraded":2,"win_rate":0.0,"timestamp":1612479776,"path_taken":["M","?","?","$","M","R","E","R","T","M","E","M","M","M","R","BOSS","M","M","$","M"],"items_purchased_type":["Card","Relic","Relic"],"build_version":"2020-12-22","purchased_purges":0,"victory":false,"max_hp_per_floor":[75,75,75,75,75,75,75,75,75,75,75,75,75,75,75,75,75,75,75,75,75,75],"card_choices":[{"not_picked":["hermit:TakeCover","hermit:Glare"],"picked":"hermit:DeadMansHand","floor":1},{"not_picked":["hermit:BodyArmor","hermit:Midnight"],"picked":"hermit:TrackingShot","floor":5},{"not_picked":["hermit:BodyArmor","hermit:Misfire","hermit:Spite"],"picked":"SKIP","floor":7},{"not_picked":["hermit:Snipe","hermit:Spite","hermit:BodyArmor"],"picked":"SKIP","floor":10},{"not_picked":["hermit:LuckOfTheDraw","hermit:Coalescence","hermit:ItchyTrigger"],"picked":"SKIP","floor":11},{"not_picked":["hermit:Roulette","hermit:Dive","hermit:CalledShot"],"picked":"SKIP","floor":12},{"not_picked":["hermit:ItchyTrigger","hermit:OverwhelmingPower","hermit:Dive"],"picked":"SKIP","floor":13},{"not_picked":["hermit:FlashPowder","hermit:Snipe","hermit:TrackingShot"],"picked":"SKIP","floor":14},{"not_picked":["hermit:Reprieve","hermit:Gambit"],"picked":"hermit:HighNoon","floor":16},{"not_picked":["hermit:ItchyTrigger","hermit:Ricochet","hermit:Manifest"],"picked":"TheCursedMod:Dregs","floor":18},{"not_picked":["hermit:LoneWolf+1","hermit:Grudge+1","hermit:CalledShot"],"picked":"CommonCold","floor":19}],"player_experience":605819,"relics_obtained":[{"floor":7,"key":"Pen Nib"},{"floor":9,"key":"White Beast Statue"},{"floor":11,"key":"hubris:MedicalManual"}],"event_choices":[{"damage_healed":0,"gold_gain":57,"player_choice":"Gained Gold","damage_taken":0,"max_hp_gain":0,"max_hp_loss":0,"event_name":"Golden Wing","floor":2,"gold_loss":0}],"is_beta":false,"boss_relics":[{"not_picked":["REME_LowDesire","Sozu"],"picked":"REME_DemonsWealth"}],"items_purged_floors":[],"is_endless":false,"potions_floor_spawned":[5,7,10,11,12,13,14,16,18,19],"killed_by":"Snake Plant","ascension_level":0}}