{"host":"c3lc60y5x60jlt1y","time":1612441287,"event":{"mods":["AchievementEnabler","BaseMod","Bestiary","Colored Map","Minty Spire (QoL Compilation)","Quick Restart","StSLib","ojb\u0027s Info Mod"],"gold_per_floor":[113,128,53,65,76,76,104,124,124,140,174,174,174,184,184,262,262,276,82,92,12,12,38,49,75,75,93,103,103,119,147,147,219,219,233,248,248,25,25,51,51,51,133,133,157,171,202,212,212,212,212,212,212,19,46,46,46],"floor_reached":56,"language":"ENG","playtime":67741,"items_purged":["Defend_P","Strike_P"],"score":2008,"play_id":"e743ef89-488a-4061-9ef6-412eb44c8e74","local_time":"20210204142127","is_ascension_mode":true,"campfire_choices":[{"data":"Eruption","floor":6.0,"key":"SMITH"},{"data":"Adaptation","floor":13.0,"key":"SMITH"},{"floor":15.0,"key":"REST"},{"floor":32.0,"key":"REST"},{"floor":42.0,"key":"REST"},{"floor":44.0,"key":"RECALL"},{"floor":49.0,"key":"REST"},{"data":"Devotion","floor":53.0,"key":"SMITH"}],"circlet_count":0,"master_deck":["AscendersBane","Strike_P+1","Strike_P+1","Defend_P+1","Eruption+1","Vigilance+1","ThirdEye+1","FearNoEvil+1","Halt","FlurryOfBlows+1","Blasphemy","Adaptation+1","Indignation+1","Scrawl+1","Meditate","LessonLearned","Vault+1","CutThroughFate","InnerPeace+1","EmptyMind+1","Meditate+1","MentalFortress+1","Sanctity+1","Devotion+1","PanicButton+1","Flash of Steel","Alpha","SashWhip","FlurryOfBlows"],"relics":["Runic Pyramid","Gambling Chip","Pear","VioletLotus","Nloth\u0027s Gift","Lantern","Akabeko","Gremlin Horn","War Paint","SlaversCollar","Strange Spoon","Regal Pillow","Ancient Tea Set","Ice Cream"],"acts_visited":["Exordium","TheCity","TheBeyond","TheEnding"],"potions_floor_usage":[],"damage_taken":[{"damage":5.0,"enemies":"2 Louse","floor":1.0,"turns":3.0},{"damage":3.0,"enemies":"Cultist","floor":2.0,"turns":4.0},{"damage":2.0,"enemies":"Jaw Worm","floor":4.0,"turns":2.0},{"damage":19.0,"enemies":"Exordium Wildlife","floor":5.0,"turns":5.0},{"damage":7.0,"enemies":"Lagavulin","floor":7.0,"turns":5.0},{"damage":0.0,"enemies":"Large Slime","floor":8.0,"turns":4.0},{"damage":0.0,"enemies":"Looter","floor":10.0,"turns":3.0},{"damage":16.0,"enemies":"3 Sentries","floor":11.0,"turns":10.0},{"damage":5.0,"enemies":"Exordium Thugs","floor":14.0,"turns":3.0},{"damage":1.0,"enemies":"The Guardian","floor":16.0,"turns":11.0},{"damage":18.0,"enemies":"Chosen","floor":18.0,"turns":4.0},{"damage":8.0,"enemies":"Spheric Guardian","floor":20.0,"turns":6.0},{"damage":10.0,"enemies":"Book of Stabbing","floor":23.0,"turns":3.0},{"damage":0.0,"enemies":"Cultist and Chosen","floor":24.0,"turns":5.0},{"damage":1.0,"enemies":"Slavers","floor":25.0,"turns":4.0},{"damage":0.0,"enemies":"Snecko","floor":27.0,"turns":3.0},{"damage":0.0,"enemies":"Centurion and Healer","floor":28.0,"turns":2.0},{"damage":0.0,"enemies":"Chosen and Byrds","floor":30.0,"turns":2.0},{"damage":0.0,"enemies":"Book of Stabbing","floor":31.0,"turns":2.0},{"damage":53.0,"enemies":"Automaton","floor":33.0,"turns":11.0},{"damage":10.0,"enemies":"Orb Walker","floor":35.0,"turns":2.0},{"damage":11.0,"enemies":"3 Darklings","floor":36.0,"turns":3.0},{"damage":2.0,"enemies":"Giant Head","floor":40.0,"turns":6.0},{"damage":0.0,"enemies":"Jaw Worm Horde","floor":46.0,"turns":5.0},{"damage":21.0,"enemies":"Nemesis","floor":47.0,"turns":4.0},{"damage":2.0,"enemies":"Maw","floor":48.0,"turns":6.0},{"damage":13.0,"enemies":"Donu and Deca","floor":50.0,"turns":6.0},{"damage":32.0,"enemies":"Time Eater","floor":51.0,"turns":9.0},{"damage":42.0,"enemies":"Shield and Spear","floor":55.0,"turns":7.0},{"damage":222,"enemies":"The Heart","floor":56,"turns":9}],"seed_played":"-3641454983843412535","potions_obtained":[{"floor":1.0,"key":"SkillPotion"},{"floor":2.0,"key":"EssenceOfSteel"},{"floor":7.0,"key":"CultistPotion"},{"floor":11.0,"key":"Strength Potion"},{"floor":23.0,"key":"Fruit Juice"},{"floor":25.0,"key":"FairyPotion"},{"floor":27.0,"key":"Strength Potion"},{"floor":40.0,"key":"Explosive Potion"}],"is_trial":false,"path_per_floor":["M","M","?","M","M","R","E","M","T","M","E","?","R","M","R","B",null,"M","$","M","$","?","E","M","E","T","M","M","?","M","E","R","B",null,"M","M","?","$","?","E","?","R","T","R","T","M","E","M","R","B","B",null,"R","$","E","B"],"character_chosen":"WATCHER","items_purchased":["Vault","Strange Spoon","SkillPotion","FairyPotion","SashWhip","FlurryOfBlows"],"campfire_rested":4,"item_purchase_floors":[19,38,38,54,54,54],"current_hp_per_floor":[56,53,53,51,32,32,25,25,25,25,19,19,19,14,37,36,68,50,50,42,42,42,32,32,36,36,36,36,36,36,36,60,7,64,54,43,43,43,43,41,31,70,70,70,70,70,49,47,83,70,38,72,72,72,30,0,0],"gold":46,"neow_bonus":"BOSS_RELIC","is_daily":false,"chose_seed":false,"campfire_upgraded":3,"win_rate":0.0,"timestamp":1612441287,"path_taken":["M","M","?","M","M","R","E","M","T","M","E","?","R","M","R","BOSS","M","$","M","?","?","E","M","E","T","M","?","?","M","E","R","BOSS","M","M","?","$","?","E","?","R","T","R","?","?","E","M","R","BOSS","BOSS","R","$","E","BOSS"],"items_purchased_type":["Card","Relic","Potion","Potion","Card","Card"],"build_version":"2020-12-22","purchased_purges":2,"victory":false,"max_hp_per_floor":[68,68,68,68,68,68,68,68,68,68,78,78,78,78,78,78,78,78,78,78,78,78,78,78,83,83,83,83,83,83,83,83,83,83,83,83,83,83,83,83,83,83,83,83,83,83,83,83,83,83,83,83,83,83,83,83,83],"card_choices":[{"not_picked":["ForeignInfluence","Protect"],"picked":"ThirdEye","floor":1.0},{"not_picked":["EmptyFist","Crescendo"],"picked":"FearNoEvil","floor":2.0},{"not_picked":["Evaluate","Fasting2"],"picked":"Halt","floor":4.0},{"not_picked":["Nirvana","Crescendo"],"picked":"FlurryOfBlows","floor":5.0},{"not_picked":["EmptyFist","FlurryOfBlows"],"picked":"Blasphemy","floor":7.0},{"not_picked":["Conclude","PathToVictory"],"picked":"Adaptation","floor":8.0},{"not_picked":["Halt","FlurryOfBlows"],"picked":"Indignation","floor":10.0},{"not_picked":["EmptyMind","EmptyFist"],"picked":"Scrawl","floor":11.0},{"not_picked":["Worship","Protect"],"picked":"Meditate","floor":14.0},{"not_picked":["Blasphemy","Establishment"],"picked":"LessonLearned","floor":16.0},{"not_picked":["Evaluate","EmptyFist"],"picked":"CrushJoints","floor":18.0},{"not_picked":["Perseverance","Evaluate"],"picked":"CutThroughFate","floor":20.0},{"not_picked":["CarveReality","Conclude","Crescendo"],"picked":"SKIP","floor":23.0},{"not_picked":["JustLucky","Halt"],"picked":"InnerPeace","floor":24.0},{"not_picked":["BowlingBash","Swivel"],"picked":"EmptyMind","floor":25.0},{"not_picked":["MasterReality","LikeWater"],"picked":"Meditate","floor":27.0},{"not_picked":["Fasting2","FlyingSleeves+1"],"picked":"MentalFortress","floor":28.0},{"not_picked":["FlyingSleeves","Vengeance"],"picked":"Sanctity","floor":30.0},{"not_picked":["Worship","Blasphemy","EmptyBody"],"picked":"SKIP","floor":31.0},{"not_picked":["LessonLearned","Alpha"],"picked":"Devotion","floor":33.0},{"not_picked":["BowlingBash+1","FlyingSleeves","FollowUp"],"picked":"SKIP","floor":35.0},{"not_picked":["Conclude","EmptyBody","Protect"],"picked":"SKIP","floor":36.0},{"not_picked":["Adaptation","Collect","ConjureBlade"],"picked":"SKIP","floor":40.0},{"not_picked":["Forethought","Madness"],"picked":"PanicButton","floor":41.0},{"not_picked":["Swift Strike","Good Instincts"],"picked":"Flash of Steel","floor":41.0},{"not_picked":["Protect","Vengeance","Halt"],"picked":"SKIP","floor":46.0},{"not_picked":["InnerPeace+1","EmptyMind+1"],"picked":"Alpha","floor":47.0},{"not_picked":["Protect+1","Nirvana","Indignation+1"],"picked":"SKIP","floor":48.0},{"not_picked":["ForeignInfluence","Consecrate+1","Establishment"],"picked":"SKIP","floor":55.0}],"player_experience":9007656,"relics_obtained":[{"floor":7.0,"key":"Gambling Chip"},{"floor":9.0,"key":"The Courier"},{"floor":11.0,"key":"Pear"},{"floor":23.0,"key":"Lantern"},{"floor":25.0,"key":"Akabeko"},{"floor":26.0,"key":"Gremlin Horn"},{"floor":31.0,"key":"War Paint"},{"floor":40.0,"key":"Regal Pillow"},{"floor":45.0,"key":"Ancient Tea Set"},{"floor":55.0,"key":"Ice Cream"}],"event_choices":[{"cards_removed":["Strike_P"],"damage_healed":0.0,"max_hp_gain":0.0,"max_hp_loss":0.0,"gold_gain":0.0,"event_name":"The Cleric","player_choice":"Card Removal","floor":3.0,"gold_loss":75.0,"damage_taken":0.0},{"cards_removed":["Defend_P"],"damage_healed":0.0,"max_hp_gain":0.0,"max_hp_loss":0.0,"gold_gain":0.0,"event_name":"Purifier","player_choice":"Purged","floor":12.0,"gold_loss":0.0,"damage_taken":0.0},{"damage_healed":0.0,"max_hp_gain":0.0,"max_hp_loss":0.0,"gold_gain":0.0,"event_name":"N\u0027loth","player_choice":"Traded Relic","floor":22.0,"relics_lost":["The Courier"],"gold_loss":0.0,"damage_taken":0.0,"relics_obtained":["Nloth\u0027s Gift"]},{"cards_removed":["Defend_P"],"damage_healed":0.0,"max_hp_gain":0.0,"max_hp_loss":0.0,"gold_gain":0.0,"event_name":"Back to Basics","player_choice":"Elegance","floor":29.0,"gold_loss":0.0,"damage_taken":0.0},{"damage_healed":0.0,"max_hp_gain":0.0,"max_hp_loss":0.0,"gold_gain":0.0,"event_name":"Tomb of Lord Red Mask","player_choice":"Ignored","floor":37.0,"gold_loss":0.0,"damage_taken":0.0},{"cards_removed":["CrushJoints"],"damage_healed":0.0,"max_hp_gain":0.0,"max_hp_loss":0.0,"gold_gain":0.0,"event_name":"Falling","player_choice":"Removed Attack","floor":39.0,"gold_loss":0.0,"damage_taken":0.0},{"damage_healed":0.0,"max_hp_gain":0.0,"max_hp_loss":0.0,"gold_gain":0.0,"event_name":"SensoryStone","player_choice":"Memory 3","floor":41.0,"gold_loss":0.0,"damage_taken":10.0}],"is_beta":false,"boss_relics":[{"not_picked":["Ectoplasm","SacredBark"],"picked":"VioletLotus"},{"not_picked":["Velvet Choker","Cursed Key"],"picked":"SlaversCollar"}],"items_purged_floors":[19,21],"is_endless":false,"potions_floor_spawned":[1,2,7,11,16,20,23,25,27,33,40,55],"killed_by":"The Heart","ascension_level":20}}