{"host":"gf8hyl7jhl0is674","time":1612462552,"event":{"mods":["2.2 Compatiblity","Act Like it!","Aspiration","BaseMod","CapriCore","Chen","Colored Map","Gensokyo","Hallownest","Jorbs\u0027s Wanderer Trilogy","Koishi","Marisa????????","Minty Spire (QoL Compilation)","Onozuka Komachi Mod","Permanent Neow","Reimu??????","StSLib","The Administrix","The Blue Laboratory","The Immortal","The Jungle","The Servant 0.9.4","Waifu the Spire","Yakumo Yukari mod"],"gold_per_floor":[111,186,202,53,153,182,197,231,255,275,275,300,300,312,312,413,413,423,438,438,208,308,308,343,343,367,367,400,420,420,448,448,544,544,560,560,500,277,277,277,277],"floor_reached":40,"language":"ENG","playtime":2258,"items_purged":["Strike_P"],"score":483,"play_id":"45c25f69-73e0-481d-9eb8-8e90a7fe9fbe","local_time":"20210204111552","is_ascension_mode":false,"campfire_choices":[{"data":"EmptyFist","floor":11,"key":"SMITH"},{"floor":13,"key":"REST"},{"floor":15,"key":"RECALL"},{"data":"LessonLearned","floor":23,"key":"SMITH"},{"data":"Worship","floor":25,"key":"SMITH"},{"data":"Eruption","floor":32,"key":"SMITH"}],"circlet_count":0,"master_deck":["Eruption+1","Vigilance","Worship+1","EmptyFist+1","Wireheading+1","Evaluate+1","CrushJoints+1","FlyingSleeves+1","LessonLearned+1","ReachHeaven","Nirvana+1","DeusExMachina","ConjureBlade","Alpha","Wireheading","FollowUp","Ragnarok","Fasting2","Tantrum","Gensokyo:CustomPotion","Gensokyo:ScrapIron","Gensokyo:SlitMouthedWoman"],"relics":["PureWater","aspiration:Nostalgia","MokouMod:PhoenixFeather","Oddly Smooth Stone","aspiration:DSix","Bottled Flame","Kunai","Philosopher\u0027s Stone","theJungle:BirthdayCakeSlice","Strawberry","Bag of Marbles","aspiration:HiddenCompartment","HornCleat","Blue Candle","Potion Belt","Pandora\u0027s Box","Gensokyo:EmptyGrave"],"acts_visited":["Exordium","Exordium","Gensokyo:Gensokyoest"],"potions_floor_usage":[8,8,16,33,33,33,40],"damage_taken":[{"damage":0,"enemies":"Small Slimes","floor":1,"turns":2},{"damage":4,"enemies":"Jaw Worm","floor":3,"turns":3},{"damage":21,"enemies":"3 Sentries","floor":6,"turns":9},{"damage":0,"enemies":"Cultist","floor":7,"turns":2},{"damage":13,"enemies":"Gremlin Nob","floor":8,"turns":4},{"damage":1,"enemies":"Looter","floor":10,"turns":4},{"damage":14,"enemies":"Lagavulin","floor":12,"turns":5},{"damage":1,"enemies":"3 Louse","floor":14,"turns":2},{"damage":21,"enemies":"The Guardian","floor":16,"turns":16},{"damage":3,"enemies":"theJungle:GiantWrat","floor":18,"turns":5},{"damage":19,"enemies":"theJungle:Flameango_and_Byrd","floor":19,"turns":5},{"damage":0,"enemies":"theJungle:MamaSnecko","floor":24,"turns":4},{"damage":3,"enemies":"theJungle:Cassacara","floor":28,"turns":5},{"damage":2,"enemies":"theJungle:SlimyTreeVines","floor":29,"turns":4},{"damage":10,"enemies":"theJungle:2_Phrogs","floor":31,"turns":7},{"damage":57,"enemies":"theJungle:TotemBoss","floor":33,"turns":12},{"damage":18,"enemies":"Gensokyo:AncientGuardian","floor":35,"turns":5},{"damage":45,"enemies":"Gensokyo:Kasen","floor":40,"turns":4}],"seed_played":"-1581635638472993836","potions_obtained":[{"floor":1,"key":"Fire Potion"},{"floor":7,"key":"blueLaboratory:FrostheartPotion"},{"floor":12,"key":"blueLaboratory:BottledHope"},{"floor":14,"key":"Block Potion"},{"floor":16,"key":"SpeedPotion"},{"floor":24,"key":"blueLaboratory:NullPotion"},{"floor":31,"key":"blueLaboratory:ImpenetrablePotion"},{"floor":35,"key":"Explosive Potion"}],"is_trial":false,"path_per_floor":["M","?","M","$","?","E","M","E","T","M","R","E","R","M","R","B",null,"M","M","?","$","?","R","E","R","T","T","E","M","?","E","R","B",null,"M","?","?","COS","?","E"],"character_chosen":"WATCHER","items_purchased":["Oddly Smooth Stone","Strawberry"],"campfire_rested":1,"item_purchase_floors":[4,21],"current_hp_per_floor":[72,61,57,57,57,36,36,23,23,22,22,8,29,28,28,7,72,69,50,55,62,57,57,57,57,57,57,54,57,84,74,74,17,84,66,54,54,54,54,9,9],"gold":277,"neow_bonus":"NOSTALGIA","is_daily":false,"chose_seed":false,"campfire_upgraded":4,"win_rate":0.0,"timestamp":1612462552,"path_taken":["M","?","M","$","?","E","M","E","T","M","R","E","R","?","R","BOSS","M","M","?","$","?","R","E","R","T","?","E","M","?","E","R","BOSS","M","?","?","COS","?","E"],"items_purchased_type":["Relic","Relic"],"build_version":"2020-12-22","purchased_purges":1,"victory":false,"max_hp_per_floor":[72,72,72,72,72,72,72,72,72,72,72,72,72,72,72,72,72,72,72,77,84,84,84,84,84,84,84,84,84,84,84,84,84,84,84,84,84,84,78,78,78],"card_choices":[{"not_picked":["Consecrate","EmptyBody"],"picked":"Worship","floor":1},{"not_picked":["ThirdEye","Crescendo"],"picked":"EmptyFist","floor":3},{"not_picked":["LikeWater","Devotion"],"picked":"Wireheading","floor":6},{"not_picked":["Consecrate","EmptyFist"],"picked":"Evaluate","floor":7},{"not_picked":["Blasphemy","Halt","Evaluate"],"picked":"SKIP","floor":8},{"not_picked":["EmptyMind","EmptyBody"],"picked":"CrushJoints","floor":10},{"not_picked":["Worship","Devotion"],"picked":"FlyingSleeves","floor":12},{"not_picked":["FearNoEvil","InnerPeace","Crescendo"],"picked":"SKIP","floor":14},{"not_picked":["Judgement","Establishment"],"picked":"LessonLearned","floor":16},{"not_picked":["PathToVictory","ClearTheMind"],"picked":"ReachHeaven","floor":18},{"not_picked":["ForeignInfluence+1","PathToVictory"],"picked":"Nirvana+1","floor":19},{"not_picked":["Halt","BowlingBash+1","Consecrate+1"],"picked":"SKIP","floor":24},{"not_picked":["Study+1","Evaluate","CutThroughFate"],"picked":"SKIP","floor":28},{"not_picked":["ClearTheMind","Crescendo+1","BowlingBash"],"picked":"SKIP","floor":29},{"not_picked":["TalkToTheHand+1","Indignation+1","WaveOfTheHand"],"picked":"SKIP","floor":31},{"not_picked":["Wish","Vault"],"picked":"DeusExMachina","floor":33},{"not_picked":["EmptyBody+1","JustLucky","TalkToTheHand+1"],"picked":"SKIP","floor":35}],"player_experience":413543,"relics_obtained":[{"floor":6,"key":"aspiration:DSix"},{"floor":8,"key":"Bottled Flame"},{"floor":12,"key":"Kunai"},{"floor":24,"key":"Bag of Marbles"},{"floor":26,"key":"aspiration:HiddenCompartment"},{"floor":27,"key":"HornCleat"},{"floor":28,"key":"Blue Candle"},{"floor":31,"key":"Potion Belt"}],"event_choices":[{"damage_healed":0,"gold_gain":75,"player_choice":"Gather Gold","damage_taken":11,"max_hp_gain":0,"max_hp_loss":0,"event_name":"World of Goop","floor":2,"gold_loss":0},{"damage_healed":0,"gold_gain":100,"player_choice":"Gold","damage_taken":0,"max_hp_gain":0,"max_hp_loss":0,"event_name":"Wheel of Change","floor":5,"gold_loss":0},{"damage_healed":27,"gold_gain":0,"player_choice":"Full Heal","damage_taken":0,"max_hp_gain":0,"max_hp_loss":0,"event_name":"Wheel of Change","floor":30,"gold_loss":0}],"is_beta":false,"boss_relics":[{"not_picked":["RedLine:ReiMu","aspiration:PoetsPen_weak"],"picked":"Philosopher\u0027s Stone"},{"not_picked":["Velvet Choker","aspiration:MarisaSkillbook"],"picked":"Pandora\u0027s Box"}],"items_purged_floors":[21],"is_endless":false,"potions_floor_spawned":[1,7,12,14,16,24,28,31,35],"killed_by":"Gensokyo:Kasen","ascension_level":0}}