{"host":"jrulf9qy88x3vk31","time":1612457043,"event":{"mods":["BaseMod","Block Reminder","Colored Map","Colored Powertips","DeckTracker","GifTheSpireLib","Googly Eyes","Minty Spire (QoL Compilation)","Permanent Neow","Quick Restart","Rare Cards Sparkle","Relic Stats","StSLib","everything is the same but u backflip on backflip"],"gold_per_floor":[117,135,135,149,224,224,259,1,1,11,22,22,22,81,93,200,212,241,253,355,379,170,205,215,250,250,270,270,286,286,286],"floor_reached":30,"language":"ENG","playtime":2591,"items_purged":["Strike_P","Study"],"score":338,"play_id":"ef4b0201-b670-437d-bcc3-42e445b2f999","local_time":"20210205004403","is_ascension_mode":true,"campfire_choices":[{"data":"JustLucky","floor":6,"key":"SMITH"},{"data":"EmptyBody","floor":12,"key":"SMITH"},{"floor":15,"key":"REST"},{"floor":28,"key":"REST"}],"circlet_count":0,"master_deck":["Eruption","Vigilance","CutThroughFate+1","Consecrate","JustLucky+1","EmptyBody+1","Worship","CarveReality","BattleHymn","FollowUp+1","EmptyFist","LessonLearned","SpiritShield+1","DeceiveReality","CrushJoints+1","Vengeance","Vault","Vault","Prostrate+1","FearNoEvil+1","BowlingBash+1","SpiritShield","MasterReality","Wish","Nirvana","FlurryOfBlows"],"relics":["PureWater","Lizard Tail","CloakClasp","MawBank","Pandora\u0027s Box","Boot","Yang","Akabeko"],"acts_visited":["Exordium","TheCity"],"potions_floor_usage":[16,25,27],"damage_taken":[{"damage":4,"enemies":"Cultist","floor":1,"turns":4},{"damage":1,"enemies":"2 Louse","floor":2,"turns":2},{"damage":0,"enemies":"Jaw Worm","floor":4,"turns":4},{"damage":32,"enemies":"3 Sentries","floor":7,"turns":4},{"damage":0,"enemies":"3 Louse","floor":10,"turns":2},{"damage":0,"enemies":"Looter","floor":11,"turns":2},{"damage":10,"enemies":"Lagavulin Event","floor":14,"turns":5},{"damage":12,"enemies":"The Guardian","floor":16,"turns":10},{"damage":0,"enemies":"Chosen","floor":18,"turns":6},{"damage":0,"enemies":"3 Byrds","floor":21,"turns":8},{"damage":39,"enemies":"Gremlin Leader","floor":23,"turns":7},{"damage":19,"enemies":"Centurion and Healer","floor":24,"turns":8},{"damage":16,"enemies":"Book of Stabbing","floor":25,"turns":5},{"damage":0,"enemies":"Cultist and Chosen","floor":27,"turns":8},{"damage":27,"enemies":"Snake Plant","floor":29,"turns":5},{"damage":22,"enemies":"Gremlin Leader","floor":30,"turns":3}],"seed_played":"680960354364181361","potions_obtained":[{"floor":1,"key":"LiquidMemories"},{"floor":11,"key":"Ancient Potion"},{"floor":16,"key":"LiquidMemories"},{"floor":18,"key":"Explosive Potion"},{"floor":24,"key":"PowerPotion"},{"floor":25,"key":"Regen Potion"}],"is_trial":false,"path_per_floor":["M","M","?","M","?","R","E","$","T","M","M","R","?","?","R","B",null,"M","?","?","M","$","E","M","E","T","M","R","M","E"],"character_chosen":"WATCHER","items_purchased":["Worship","CarveReality","BattleHymn","BowlingBash","SpiritShield"],"campfire_rested":2,"item_purchase_floors":[8,8,8,22,22],"current_hp_per_floor":[68,67,67,67,56,56,24,24,24,24,24,24,24,14,35,23,60,60,60,48,48,48,9,27,11,11,26,47,20,0,0],"gold":286,"neow_bonus":"REMOVE_CARD","is_daily":false,"chose_seed":false,"campfire_upgraded":2,"win_rate":0.0,"timestamp":1612457043,"path_taken":["M","M","?","M","?","R","E","$","T","M","M","R","?","?","R","BOSS","M","?","?","?","$","E","M","E","T","M","R","M","E"],"items_purchased_type":["Card","Card","Card","Card","Card"],"build_version":"2020-12-22","purchased_purges":2,"victory":false,"max_hp_per_floor":[72,72,72,72,72,72,72,72,72,72,72,72,72,72,72,72,72,72,72,72,72,72,72,72,72,72,72,72,72,72,72],"relic_stats":{"Lizard Tail":36,"counters":[16,83],"Pandora\u0027s Box":["DeceiveReality","Study","CrushJoints","Vengeance","Vault","Vault"],"Yang":[26],"CloakClasp":[254],"MawBank":96,"Boot":[6],"obtain_stats":[{"Lizard Tail":7,"Pandora\u0027s Box":17,"Yang":25,"CloakClasp":9,"PureWater":0,"MawBank":14,"Boot":23,"Akabeko":26},{"Lizard Tail":4,"Pandora\u0027s Box":8,"Yang":13,"CloakClasp":4,"PureWater":0,"MawBank":7,"Boot":11,"Akabeko":13},{"Lizard Tail":14,"Pandora\u0027s Box":33,"Yang":67,"CloakClasp":14,"PureWater":0,"MawBank":23,"Boot":54,"Akabeko":67}]},"card_choices":[{"not_picked":["ForeignInfluence","FollowUp"],"picked":"CutThroughFate","floor":1},{"not_picked":["ClearTheMind","SignatureMove"],"picked":"Consecrate","floor":2},{"not_picked":["FlyingSleeves","Study"],"picked":"JustLucky","floor":4},{"not_picked":["Halt","Judgement"],"picked":"EmptyBody","floor":7},{"not_picked":["FlurryOfBlows","BattleHymn"],"picked":"FollowUp","floor":10},{"not_picked":["CarveReality","PathToVictory"],"picked":"EmptyFist","floor":11},{"not_picked":["JustLucky","Pray"],"picked":"LessonLearned","floor":14},{"not_picked":["Judgement","Alpha"],"picked":"SpiritShield","floor":16},{"not_picked":["BowlingBash","CrushJoints"],"picked":"Prostrate+1","floor":18},{"not_picked":["Consecrate","Worship+1"],"picked":"FearNoEvil","floor":21},{"not_picked":["Adaptation","ThirdEye+1","EmptyFist"],"picked":"SKIP","floor":23},{"not_picked":["BowlingBash","MentalFortress"],"picked":"MasterReality","floor":24},{"not_picked":["ClearTheMind+1","PathToVictory"],"picked":"Wish","floor":25},{"not_picked":["PathToVictory","Vengeance"],"picked":"Nirvana","floor":27},{"not_picked":["SignatureMove","FollowUp+1","FlurryOfBlows"],"picked":"SKIP","floor":29},{"not_picked":["SignatureMove","FollowUp+1"],"picked":"FlurryOfBlows","floor":29}],"player_experience":743937,"relics_obtained":[{"floor":7,"key":"Lizard Tail"},{"floor":9,"key":"CloakClasp"},{"floor":14,"key":"MawBank"},{"floor":23,"key":"Boot"},{"floor":25,"key":"Yang"},{"floor":26,"key":"Akabeko"}],"event_choices":[{"damage_healed":0,"gold_gain":0,"player_choice":"Ignored","damage_taken":0,"max_hp_gain":0,"max_hp_loss":0,"event_name":"Liars Game","floor":3,"gold_loss":0},{"damage_healed":0,"gold_gain":75,"player_choice":"Gather Gold","damage_taken":11,"max_hp_gain":0,"max_hp_loss":0,"event_name":"World of Goop","floor":5,"gold_loss":0},{"damage_healed":0,"gold_gain":0,"player_choice":"Ignored","damage_taken":0,"max_hp_gain":0,"max_hp_loss":0,"event_name":"Golden Wing","floor":13,"gold_loss":0},{"damage_healed":0,"gold_gain":0,"player_choice":"Searched \u00271\u0027 times","damage_taken":0,"max_hp_gain":0,"max_hp_loss":0,"event_name":"Dead Adventurer","floor":14,"gold_loss":0},{"damage_healed":0,"gold_gain":0,"player_choice":"Ignored","damage_taken":0,"max_hp_gain":0,"max_hp_loss":0,"event_name":"The Mausoleum","floor":19,"gold_loss":0},{"damage_healed":0,"gold_gain":90,"player_choice":"GOLD ","damage_taken":12,"max_hp_gain":0,"max_hp_loss":0,"event_name":"Knowing Skull","floor":20,"potions_obtained":[],"gold_loss":0,"cards_obtained":[]}],"is_beta":false,"boss_relics":[{"not_picked":["Empty Cage","Runic Pyramid"],"picked":"Pandora\u0027s Box"}],"items_purged_floors":[8,22],"is_endless":false,"potions_floor_spawned":[1,11,16,18,24,25],"killed_by":"Gremlin Leader","ascension_level":5}}