{"host":"vp4kanoy3sgrizh7","time":1612428644,"event":{"mods":["100% Spire Juice","ATMod(阿瑾Mod)","Act Like it!","Arknights","BaseMod","Downfall","Gensokyo","GungeonMod","Hermit","Lobotomy","LobotomyExtend","Minty Spire (QoL Compilation)","MostiFishMod","Replay The Spire","RumiaBox-露米娅的神秘盒子","Shop Mod","StSLib","[IsaacMod]以撒尖塔","noobMod","【功能Mod】聪明的最终Boss","【遗物卡牌】REMEMod"],"gold_per_floor":[114,128,128,58,74,105,105,139,139,139,39,53,0,17,17,122,122,136,146,146,57,69,102,102,152,177,177,177,177,28,53,53,202,202,321,321,96,184,223,223,378,442,469,588,218,274,316,406,406,531,531,531,531,0,128,168],"floor_reached":57,"language":"ZHS","playtime":3228,"items_purged":["ats:Defend","AT_ShrugMaster+1","ats:Defend","ats:Defend+1"],"score":1646,"play_id":"9208e90e-f5ca-4705-a0b1-8530ccc903ad","local_time":"20210204165043","is_ascension_mode":true,"campfire_choices":[{"data":"MostiFishMod:404NotFound","floor":7.0,"key":"SMITH"},{"data":"ats:Sword Rain","floor":15.0,"key":"SMITH"},{"data":"ats:Shadow Assault","floor":24.0,"key":"SMITH"},{"floor":29,"key":"RECALL"},{"data":"ats:Fractured Body","floor":32,"key":"SMITH"},{"data":"Gensokyo:MissMary","floor":40,"key":"SMITH"},{"data":"ats:Roar Of Ursus","floor":49,"key":"SMITH"},{"data":"ats:Assault Order","floor":53,"key":"SMITH"}],"circlet_count":0,"master_deck":["Mercenary","BodiesMountain","LongBird","WhiteNight","ApocalypseBird","PunishingBird","BigBird","HereticApostle","Funeral","ats:Strike C","ats:Strike G","ats:Armor Crushing Shot","ats:Emotion Absorption+1","ats:Hammer On","ats:Fractured Body+1","MostiFishMod:404NotFound+1","ats:Wolf Pack","ats:Closed Bolt Burst Fire","ats:Sword Rain+1","ats:Shadow Assault+1","ats:Calcification","ats:True Silver Slash","ats:Hammer On+1","ats:Leaping Hammer","ats:Soul Rend","ats:Assault Order+1","ats:Serious Mode+1","ats:Sword Rain+1","ats:Roar Of Ursus+1","ats:Sword Rain+1"],"relics":["ats:Sanity Plus","DaveBox","ice","HushsDoor","AT_ATBox","REME_ComplimentaryCards","ShadowXiaoBlade","MaYiHuaBei","CogitoBucket","RabbitCall","SynthV:TestCard","LetterFromLob","ats:Originium","RedMistMask","ats:Ability Aura","DemoMod:BlueGuonStone","AspirationHeart","REME_CardOfGreed","SolemnVow_r","ats:Spiritual Recovery","Lamp_r","BehaviorAdjustment","Logging_r","Happy Flower","ats:Military Tradition","Letter Opener","Centennial Puzzle","Ccalipers","Twilight","MerchantsRug","AT_MibuBalloonWealth","DeathAngel","PatriotShield","Justitia_r","DemoMod:GlassGuonStoneRelic","AtMidnight","AT_EbonyIvory","WantedRequest","TheSmile_r","Vajra","CrimsonScar_r","Potion Belt","Habit","Darkstone Periapt","ats:Gyao","ZombieArmy"],"acts_visited":["Gensokyo:Gensokyo","Gensokyo:Gensokyoer","Gensokyo:Gensokyoest","TheEnding"],"potions_floor_usage":[34],"damage_taken":[{"damage":3.0,"enemies":"Gensokyo:2_Kodama","floor":1.0,"turns":3.0},{"damage":0.0,"enemies":"Gensokyo:Python","floor":2.0,"turns":2.0},{"damage":11.0,"enemies":"Gensokyo:Gryphon","floor":5.0,"turns":3.0},{"damage":15.0,"enemies":"Gensokyo:Aya","floor":6.0,"turns":4.0},{"damage":1.0,"enemies":"Gensokyo:Mamizou","floor":8.0,"turns":5.0},{"damage":0.0,"enemies":"Gensokyo:LivingMonolith","floor":12.0,"turns":1.0},{"damage":14.0,"enemies":"Gensokyo:3_Kodama","floor":14.0,"turns":3.0},{"damage":30.0,"enemies":"Gensokyo:Yukari","floor":16.0,"turns":6.0},{"damage":3.0,"enemies":"Gensokyo:Chomper","floor":18.0,"turns":3.0},{"damage":5.0,"enemies":"Gensokyo:3_Dogs","floor":19.0,"turns":4.0},{"damage":23.0,"enemies":"Gensokyo:Chomper_and_Gloop","floor":22.0,"turns":3.0},{"damage":13.0,"enemies":"Gensokyo:Reisen","floor":23.0,"turns":4.0},{"damage":43.0,"enemies":"Hiden Room Battle","floor":25.0,"turns":2.0},{"damage":38,"enemies":"Gensokyo:Tenshi","floor":28,"turns":4},{"damage":55,"enemies":"Gensokyo:Slime_Group","floor":31,"turns":6},{"damage":4,"enemies":"Gensokyo:Eternal_Rivals","floor":33,"turns":4},{"damage":0,"enemies":"Gensokyo:3_Bats","floor":35,"turns":3},{"damage":0,"enemies":"Gensokyo:3_Boulders","floor":38,"turns":1},{"damage":0,"enemies":"Gensokyo:Sharpion","floor":39,"turns":2},{"damage":4,"enemies":"Gensokyo:Kasen","floor":41,"turns":4},{"damage":0,"enemies":"Gensokyo:AtlasGolem","floor":42,"turns":2},{"damage":0,"enemies":"Gensokyo:4_Bats","floor":44,"turns":2},{"damage":0,"enemies":"Gensokyo:Marisa","floor":46,"turns":2},{"damage":0,"enemies":"Gensokyo:SeedOfUnknown","floor":47,"turns":3},{"damage":4,"enemies":"Gensokyo:3_Boulders","floor":48,"turns":3},{"damage":0,"enemies":"Gensokyo:Yuyuko","floor":50,"turns":1},{"damage":0,"enemies":"Shield and Spear","floor":55,"turns":1},{"damage":0,"enemies":"The Heart","floor":56,"turns":2}],"seed_played":"-8309841115035253267","potions_obtained":[{"floor":1.0,"key":"Explosive Potion"},{"floor":2.0,"key":"Venom Potion"},{"floor":14.0,"key":"CultistPotion"},{"floor":31,"key":"EssenceOfSteel"},{"floor":33,"key":"REME_GoldPotion"},{"floor":38,"key":"Energy Potion"},{"floor":39,"key":"Regen Potion"},{"floor":42,"key":"Swift Potion"},{"floor":44,"key":"SpeedPotion"},{"floor":46,"key":"BlessingOfTheForge"},{"floor":48,"key":"Fire Potion"},{"floor":55,"key":"DistilledChaos"}],"is_trial":false,"path_per_floor":["M","M","?","?","M","E","R","E","T","?","?","M","COS","M","R","B",null,"M","M","?","COS","M","E","R","?","T","?","E","R","$","M","R","B",null,"M","?","$","M","M","R","E","M","T","M","$","E","M","M","R","B",null,null,"R","$","E","B",null],"character_chosen":"DOCTOR_CLASS","items_purchased":["MerchantsRug","AT_EbonyIvory","ats:Roar Of Ursus","Habit","ats:Gyao","ZombieArmy"],"campfire_rested":0,"item_purchase_floors":[30,37,45,45,54,54],"current_hp_per_floor":[69,69,69,69,60,45,45,48,48,41,41,51,51,45,45,19,82,82,82,82,82,66,60,60,82,82,74,64,64,64,36,36,74,74,74,74,74,74,74,74,74,74,74,74,74,74,74,74,74,74,74,74,74,74,74,74],"gold":168,"neow_bonus":"","is_daily":false,"chose_seed":false,"campfire_upgraded":7,"win_rate":0.0,"timestamp":1612428643,"path_taken":["M","M","?","?","M","E","R","E","T","?","?","M","COS","M","R","BOSS","M","M","?","COS","M","E","R","?","T","?","E","R","$","?","R","BOSS","M","?","$","M","M","R","E","M","T","M","$","E","M","M","R","BOSS","R","$","E","BOSS"],"items_purchased_type":["Relic","Relic","Card","Relic","Relic","Relic"],"build_version":"2020-12-22","purchased_purges":4,"victory":true,"max_hp_per_floor":[72,72,72,72,72,72,72,72,72,72,72,82,82,82,82,82,82,82,82,82,82,82,82,82,82,82,74,74,74,74,74,74,74,74,74,74,74,74,74,74,74,74,74,74,74,74,74,74,74,74,74,74,74,74,74,74],"card_choices":[{"not_picked":[],"picked":"Bomb","floor":0.0},{"not_picked":["CrumblingArmor","MeatLantern","SpiderBud"],"picked":"Singing Bowl","floor":1.0},{"not_picked":["UniverseFragment","ShyLook"],"picked":"QueenOfHatred","floor":1.0},{"not_picked":["ats:Demon Strength","ats:Support Order"],"picked":"ats:Hammer On","floor":1.0},{"not_picked":["BigBadWolf","Wellcheers"],"picked":"PunishingBird","floor":2.0},{"not_picked":["ats:Leaping Hammer","ats:Cat Scratch","ats:Thermite Blade","ats:Hammer On"],"picked":"ats:Fractured Body","floor":2.0},{"not_picked":["Bloodbath","Porccubus","Murderer"],"picked":"Singing Bowl","floor":5.0},{"not_picked":["ats:Curse Doll","ats:Magnetic Hammer","ats:Explosion Area Strengthen","ats:Healing Strengthening","ats:Powerful Strike"],"picked":"SKIP","floor":5.0},{"not_picked":["OldLady","OSAHOGD","Murderer"],"picked":"Singing Bowl","floor":6.0},{"not_picked":["Wellcheers","WallGazer"],"picked":"DespairKnight","floor":6.0},{"not_picked":["ats:Shell Defense","ats:Collapsing Strike","ats:Curse Doll","ats:Automatic Cover","ats:Flexible Camouflage"],"picked":"SKIP","floor":6.0},{"not_picked":["ats:Shell Defense","ats:Collapsing Strike","ats:Curse Doll","ats:Automatic Cover","ats:Flexible Camouflage"],"picked":"SKIP","floor":6.0},{"not_picked":["ats:Shell Defense","ats:Collapsing Strike","ats:Curse Doll","ats:Automatic Cover","ats:Flexible Camouflage"],"picked":"SKIP","floor":6.0},{"not_picked":["Laetitia","SingingMachine","OSAHOGD"],"picked":"Singing Bowl","floor":8.0},{"not_picked":["ats:Support Order","ats:Flexible Camouflage","ats:Flame Of Heaven","ats:Defend Order"],"picked":"ats:Wolf Pack","floor":8.0},{"not_picked":["ShyLook","BeautyBeast","MHz"],"picked":"Singing Bowl","floor":12.0},{"not_picked":["ats:Assault Order","ats:Ignite","ats:Blood Oath","ats:Beaten Up"],"picked":"ats:Closed Bolt Burst Fire","floor":12.0},{"not_picked":["Laetitia","VoidDream","FieryBird"],"picked":"Singing Bowl","floor":14.0},{"not_picked":["Scarecrow","BigBadWolf"],"picked":"Funeral","floor":14.0},{"not_picked":["ats:Assault Order","ats:Healing Drone","ats:Ambush","ats:Explosion Area Strengthen"],"picked":"ats:Sword Rain","floor":14.0},{"not_picked":["Wellcheers","GalaxyChild","FairyFestival"],"picked":"Singing Bowl","floor":16.0},{"not_picked":["Yin","Freischutz"],"picked":"BigBird","floor":16.0},{"not_picked":["ats:Durian","ats:True Silver Slash","ats:Fractured Body","ats:Soul Rend"],"picked":"ats:Shadow Assault","floor":16.0},{"not_picked":["BigBadWolf","MeatLantern","Scarecrow"],"picked":"Singing Bowl","floor":18.0},{"not_picked":["ats:Flexible Camouflage","ats:Very Hot Blade","ats:Hammer On","ats:Directed Diagnosis","ats:Spore Proliferation"],"picked":"SKIP","floor":18.0},{"not_picked":["UniverseFragment","Bloodbath","BeautyBeast"],"picked":"Singing Bowl","floor":19.0},{"not_picked":["ats:Closed Bolt Burst Fire+1","ats:Blood Oath","ats:Consecutive Shot Auto","ats:Thorns"],"picked":"ats:Calcification","floor":19.0},{"not_picked":["OSAHOGD","ShyLook","BeautyBeast"],"picked":"Singing Bowl","floor":22.0},{"not_picked":["LaLuna","Murderer"],"picked":"Woodsman","floor":22.0},{"not_picked":["ats:Leaping Hammer","ats:Sunburst","ats:Steam Pump","ats:Sashimi Platter"],"picked":"ats:Cat Scratch","floor":22.0},{"not_picked":["RedShoes","Variant"],"picked":"BodiesMountain","floor":23.0},{"not_picked":["ats:Composite Medical Shells+1","ats:Cat Scratch","ats:Charging Defense","ats:Sword Rain"],"picked":"ats:True Silver Slash","floor":23.0},{"not_picked":["GreedKing","NakedNest","QueenBee"],"picked":"Singing Bowl","floor":25.0},{"not_picked":["OSAHOGD","MeatLantern"],"picked":"LongBird","floor":25.0},{"not_picked":["ats:Absolute Focus+1","ats:Soul Absorption","ats:Cat Scratch","ats:Charging Defense"],"picked":"ats:Hammer On+1","floor":25.0},{"not_picked":["Gensokyo:Apocalypse","Gensokyo:Kunekune","Gensokyo:SlitMouthedWoman","Gensokyo:SpontaneousHumanCombustion"],"picked":"Gensokyo:MissMary","floor":27.0},{"not_picked":["Bloodbath","OSAHOGD"],"picked":"WhiteNight","floor":28},{"not_picked":["Bloodbath","Murderer","Rudolta"],"picked":"Singing Bowl","floor":31},{"not_picked":["ats:Very Hot Blade","ats:Spore Proliferation","ats:Counter Healing Mode+1","ats:Directed Diagnosis"],"picked":"ats:Leaping Hammer","floor":31},{"not_picked":["Laetitia","NothingThere","MHz"],"picked":"Singing Bowl","floor":33},{"not_picked":["ats:Echo Reverb","ats:Dogmatic Field","ats:Fractured Body","ats:Durian"],"picked":"ats:Soul Rend","floor":33},{"not_picked":["QueenBee","LaLuna","Wellcheers"],"picked":"Singing Bowl","floor":35},{"not_picked":["ats:Closed Bolt Burst Fire+1","ats:Apocalypse","ats:Cat Scratch+1","ats:LN2 Cannon","ats:Song Of Battle+1"],"picked":"SKIP","floor":35},{"not_picked":["OldLady","OSAHOGD","Scorched"],"picked":"Singing Bowl","floor":38},{"not_picked":["Yin","HappyTeddy"],"picked":"Mercenary","floor":38},{"not_picked":["ats:Revitalization","ats:Flame Of Heaven+1","ats:Hook Shot+1","ats:LN2 Cannon+1"],"picked":"ats:Assault Order","floor":38},{"not_picked":["LittleHelper","SingingMachine","Murderer"],"picked":"Singing Bowl","floor":39},{"not_picked":["ats:Hammer On","ats:Rapid Magazine+1","ats:Poison Spread+1","ats:Directed Diagnosis+1"],"picked":"ats:Serious Mode+1","floor":39},{"not_picked":["FieryBird","WallGazer","BlackSwan"],"picked":"Singing Bowl","floor":41},{"not_picked":["ats:Shell Defense","ats:Consecutive Shot Auto+1","ats:Composite Medical Shells","ats:Spore Proliferation","ats:Guard Mode+1"],"picked":"SKIP","floor":41},{"not_picked":["WallGazer","FairyFestival","ShyLook"],"picked":"Singing Bowl","floor":42},{"not_picked":["ats:Absolute Focus+1","ats:Consecutive Shot Auto","ats:Revitalization+1","ats:Flexible Camouflage"],"picked":"ats:Sword Rain+1","floor":42},{"not_picked":["RedShoes","LittlePrince","GreedKing"],"picked":"Singing Bowl","floor":44},{"not_picked":["ats:Very Hot Blade+1","ats:Ignite+1","ats:Curse Doll","ats:Overload","ats:Hook Shot+1"],"picked":"SKIP","floor":44},{"not_picked":["NakedNest","Variant"],"picked":"BlueStar","floor":46},{"not_picked":["ats:Revitalization+1","ats:Guard Mode+1","ats:Mental Burst","ats:Guardian Obelisk+1","ats:Flame Of Heaven"],"picked":"SKIP","floor":46},{"not_picked":["RedShoes","SpiderBud","Freischutz"],"picked":"Singing Bowl","floor":47},{"not_picked":["LittlePrince","Rudolta"],"picked":"MeltingLove","floor":47},{"not_picked":["ats:Demon Strength","ats:Explosion Area Strengthen+1","ats:Song Of Battle","ats:Collapsing Strike+1","ats:Hammer On"],"picked":"SKIP","floor":47},{"not_picked":["SilentOrchestra","HeroicMonk","NakedNest"],"picked":"Singing Bowl","floor":48},{"not_picked":["ats:Blood Oath","ats:Leaping Hammer","ats:Guard Mode","ats:Revitalization","ats:Beaten Up+1"],"picked":"SKIP","floor":48},{"not_picked":["Rudolta","Freischutz","HappyTeddy"],"picked":"Singing Bowl","floor":55},{"not_picked":["ats:Ignite","ats:Guard Mode","ats:Healing Strengthening+1","ats:Poison Spread"],"picked":"ats:Sword Rain+1","floor":55}],"player_experience":44107,"relics_obtained":[{"floor":1.0,"key":"SynthV:TestCard"},{"floor":1.0,"key":"LetterFromLob"},{"floor":6.0,"key":"ats:Originium"},{"floor":6.0,"key":"PlanX"},{"floor":6.0,"key":"RedMistMask"},{"floor":8.0,"key":"ats:Originium"},{"floor":8.0,"key":"ats:Ability Aura"},{"floor":23.0,"key":"ats:Originium"},{"floor":23.0,"key":"ats:Military Tradition"},{"floor":25.0,"key":"Letter Opener"},{"floor":25.0,"key":"Centennial Puzzle"},{"floor":26.0,"key":"Ccalipers"},{"floor":28,"key":"Twilight"},{"floor":31,"key":"DeathAngel"},{"floor":35,"key":"AtMidnight"},{"floor":41,"key":"ats:Originium"},{"floor":41,"key":"Vajra"},{"floor":43,"key":"Potion Belt"},{"floor":46,"key":"ats:Originium"},{"floor":46,"key":"Darkstone Periapt"}],"event_choices":[{"damage_healed":0.0,"max_hp_gain":0.0,"max_hp_loss":0.0,"gold_gain":0.0,"event_name":"HidenRoomEvent","player_choice":"Fight","floor":25.0,"gold_loss":0.0,"damage_taken":0.0}],"is_beta":false,"boss_relics":[{"not_picked":["SlaversCollar","SacredBark"],"picked":"ats:Sanity Plus"},{"not_picked":[]},{"not_picked":["FixedStarFall","GreenFoldingFan"],"picked":"PatriotShield"},{"not_picked":[]}],"items_purged_floors":[30,37,45,54],"is_endless":false,"potions_floor_spawned":[1,2,14,16,25,31,33,38,39,42,44,46,48,55],"ascension_level":1}}