{"host":"y0avvqzsetgmdwfn","time":1612453125,"event":{"mods":["AchievementEnabler","BaseMod","Better Third Choice","Downfall","Minty Spire (QoL Compilation)","Red Circlet Mod","Replay The Spire","Spicy Shops","StSLib"],"gold_per_floor":[0,20,35,35,35,45,71,83,130,171,200,200,200,231,140,164,190,303,303,312,338,347,372,397,435,435,335,344,387,413,456,465,500,520,633,633,642,661,680,680,680,719,746,785,812,847,868,868,768,59,77,77,77,103,25,25,25,25],"floor_reached":59,"language":"ENG","playtime":4203,"items_purged":["Clumsy"],"score":1498,"play_id":"53ecbd30-039d-427f-bbab-2a0397f03a2c","local_time":"20210204233845","is_ascension_mode":true,"campfire_choices":[{"data":"Slimebound:Split","floor":1.0,"key":"SMITH"},{"floor":12.0,"key":"REST"},{"floor":15.0,"key":"RECALL"},{"floor":20.0,"key":"DIG"},{"floor":27,"key":"REST"},{"data":"Slimebound:TagTeam","floor":32,"key":"SMITH"},{"data":"Slimebound:MassFeed","floor":37,"key":"SMITH"},{"data":"Slimebound:Overexert","floor":49,"key":"SMITH"},{"data":"Slimebound:Gluttony","floor":56,"key":"SMITH"}],"circlet_count":0,"master_deck":["Slimebound:Split+1","Slimebound:SlimeBrawl","Slimebound:SplitSpecialist","Slimebound:Prepare","Slimebound:RainOfGoop","Slimebound:Gluttony+1","Slimebound:RejuvenatingLick","Slimebound:HungryTackle","Slimebound:LeechEnergy","Slimebound:GoopTackle","Slimebound:LeechLife","Slimebound:TagTeam+1","Slimebound:LivingWall+1","Slimebound:DisruptingSlam","Slimebound:Prepare+1","Slimebound:Nibble","Slimebound:LeechingTouch","Slimebound:AcidTongue","Slimebound:SlimeSlap","Slimebound:Darklings","Slimebound:WasteNot","Slimebound:LeechEnergy+1","Slimebound:MassFeed+1","Slimebound:Overexert+1","Slimebound:SlimeBarrage","Slimebound:SamplingLick+1","Slimebound:SplitBruiser","Slimebound:Nibble+1","Replay:SS_hec_1","Replay:SS_fish_1","expansioncontent:HyperBeam","Slimebound:ServeAndProtect+1","Slimebound:Dissolve+1","Slimebound:LeadByExample+1"],"relics":["Slimebound:AbsorbEndCombatUpgraded","Odd Mushroom","CeramicFish","Potion Belt","Replay:PocketPolymizer","downfall:HeartBlessingGreen","Blue Doll","Sundial","Onion Ring","downfall:HeartBlessingRed","Boot","Juzu Bracelet","HornCleat","Busted Crown","Replay:Baseball","Dream Catcher","MealTicket","Replay:WaspNest","downfall:HeartBlessingBlue","Mummified Hand","Slimebound:SlimedTailRelic","Bag of Preparation","Sling"],"acts_visited":["TheCity","TheBeyond","TheEnding"],"potions_floor_usage":[23,24,29,31,33,47,58,58],"damage_taken":[{"damage":2.0,"enemies":"Jaw Worm","floor":2.0,"turns":4.0},{"damage":0.0,"enemies":"2 Louse","floor":3.0,"turns":3.0},{"damage":1.0,"enemies":"Cultist","floor":6.0,"turns":3.0},{"damage":10.0,"enemies":"The Mushroom Lair","floor":7.0,"turns":4.0},{"damage":15.0,"enemies":"3 Louse","floor":8.0,"turns":3.0},{"damage":18.0,"enemies":"Replay:BlueRogue","floor":10.0,"turns":5.0},{"damage":6.0,"enemies":"Exordium Thugs","floor":11.0,"turns":4.0},{"damage":15.0,"enemies":"Lagavulin","floor":14.0,"turns":6.0},{"damage":7.0,"enemies":"Blue Slaver","floor":16.0,"turns":3.0},{"damage":15.0,"enemies":"Exordium Wildlife","floor":17.0,"turns":4.0},{"damage":30.0,"enemies":"DF_ARCHETYPE_STREAMLINE","floor":18.0,"turns":6.0},{"damage":9.0,"enemies":"Spheric Guardian","floor":21.0,"turns":4.0},{"damage":0.0,"enemies":"Chosen","floor":22.0,"turns":1.0},{"damage":21,"enemies":"Snake Plant","floor":23,"turns":4},{"damage":39,"enemies":"Sentry and Sphere","floor":24,"turns":6},{"damage":24,"enemies":"Book of Stabbing","floor":25,"turns":4},{"damage":18,"enemies":"Slavers","floor":29,"turns":5},{"damage":18,"enemies":"Chosen and Byrds","floor":30,"turns":4},{"damage":20,"enemies":"Book of Stabbing","floor":31,"turns":5},{"damage":3,"enemies":"Slavers","floor":33,"turns":5},{"damage":28,"enemies":"Cultist and Chosen","floor":34,"turns":5},{"damage":69,"enemies":"SI_MIRROR_ARCHETYPE","floor":35,"turns":8},{"damage":11,"enemies":"Orb Walker","floor":38,"turns":3},{"damage":21,"enemies":"3 Shapes","floor":39,"turns":7},{"damage":10,"enemies":"R_Hoarder","floor":42,"turns":7},{"damage":24,"enemies":"Reptomancer","floor":44,"turns":5},{"damage":8,"enemies":"R_Hoarder","floor":46,"turns":6},{"damage":8,"enemies":"Maw","floor":47,"turns":6},{"damage":0,"enemies":"downfall:FleeingMerchant","floor":50,"turns":4},{"damage":6,"enemies":"3 Darklings","floor":51,"turns":2},{"damage":44,"enemies":"IC_BLOCK_ARCHETYPE","floor":52,"turns":8},{"damage":25,"enemies":"downfall:CharBossMerchant","floor":54,"turns":6},{"damage":28,"enemies":"downfall:NeowBoss","floor":57,"turns":11},{"damage":66,"enemies":"downfall:NeowBossFinal","floor":58,"turns":8}],"seed_played":"-1036899707461345816","potions_obtained":[{"floor":2.0,"key":"Strength Potion"},{"floor":7.0,"key":"FairyPotion"},{"floor":10.0,"key":"Block Potion"},{"floor":11.0,"key":"Weak Potion"},{"floor":14.0,"key":"BlessingOfTheForge"},{"floor":18.0,"key":"SpeedPotion"},{"floor":21.0,"key":"Dexterity Potion"},{"floor":23,"key":"champ:CounterPotion"},{"floor":29,"key":"SkillPotion"},{"floor":30,"key":"SpeedPotion"},{"floor":38,"key":"BlessingOfTheForge"},{"floor":39,"key":"Swift Potion"},{"floor":46,"key":"SneckoOil"}],"is_trial":false,"path_per_floor":["R","M","M","PTL","PTL","M","?","M","T","E","M","R","?","E","R","M","M","B",null,"R","M","M","M","M","E","T","R","?","E","M","E","R","E","M","B",null,"R","M","M","?","?","E","T","E","?","E","M","T","R","$","M","B",null,"E","$","R","B","B",null],"character_chosen":"SLIMEBOUND","items_purchased":["Mummified Hand","Slimebound:LeadByExample+1","Slimebound:SlimedTailRelic","Sling"],"campfire_rested":2,"item_purchase_floors":[50,50,50,55],"current_hp_per_floor":[65,65,65,65,65,65,57,46,46,36,38,57,57,50,50,45,38,16,65,65,65,65,53,32,17,17,36,36,43,48,63,63,65,49,19,65,65,63,62,62,62,59,59,50,40,51,68,68,78,83,84,87,87,87,87,87,68,17],"gold":25,"neow_bonus":"REMOVE_TWO","is_daily":false,"chose_seed":false,"campfire_upgraded":5,"win_rate":0.0,"timestamp":1612453125,"path_taken":["R","M","M","PTL","PTL","M","?","M","T","E","M","R","?","E","R","M","M","BOSS","R","M","M","M","M","E","T","R","?","E","?","E","R","E","M","BOSS","R","M","M","?","?","E","T","E","?","E","M","?","R","$","M","BOSS","E","$","R","BOSS","BOSS"],"items_purchased_type":["Relic","Card","Relic","Relic"],"build_version":"2020-12-22","purchased_purges":1,"victory":true,"max_hp_per_floor":[65,65,65,65,65,65,65,65,65,65,65,65,65,65,65,65,65,65,65,65,65,65,65,65,65,65,65,65,65,65,65,65,65,65,65,65,65,65,65,65,65,69,69,69,69,73,73,73,83,83,87,87,87,87,87,87,87,87],"card_choices":[{"not_picked":["Slimebound:GoopTackle","Slimebound:ComboTackle"],"picked":"Slimebound:SlimeBrawl","floor":2.0},{"not_picked":["Slimebound:LivingWall","Slimebound:SpikyOuterGoop"],"picked":"Slimebound:SplitSpecialist","floor":3.0},{"not_picked":["Slimebound:ComboTackle","Slimebound:LeechingTouch"],"picked":"Slimebound:Prepare","floor":6.0},{"not_picked":["Slimebound:PressTheAttack","Slimebound:HauntingLick"],"picked":"Slimebound:RainOfGoop","floor":7.0},{"not_picked":["Slimebound:LeadByExample","Slimebound:SplitAcid"],"picked":"Slimebound:Gluttony","floor":8.0},{"not_picked":["Slimebound:PressTheAttack","Slimebound:FinishingTackle"],"picked":"Slimebound:RejuvenatingLick","floor":10.0},{"not_picked":["Slimebound:RejuvenatingLick","Slimebound:LeechingTouch"],"picked":"Slimebound:SlimeBrawl","floor":11.0},{"not_picked":["Slimebound:SlimeSpikes","Slimebound:GoopSpray","Slimebound:WasteNot"],"picked":"SKIP","floor":14.0},{"not_picked":["Slimebound:SplitBruiser","Slimebound:LeechingTouch"],"picked":"Slimebound:LeechEnergy","floor":16.0},{"not_picked":["Slimebound:SlimeBrawl","Slimebound:RainOfGoop"],"picked":"Slimebound:GoopTackle","floor":17.0},{"not_picked":["Slimebound:PrepareCrush","Slimebound:SelfFormingGoo"],"picked":"Slimebound:LeechLife","floor":18.0},{"not_picked":["Slimebound:SlimeSpikes","Slimebound:AcidTongue"],"picked":"Slimebound:LivingWall+1","floor":21.0},{"not_picked":["Slimebound:Schlurp","Slimebound:SplitAcid"],"picked":"Slimebound:DisruptingSlam","floor":22.0},{"not_picked":["Slimebound:SamplingLick","Slimebound:RejuvenatingLick"],"picked":"Slimebound:Prepare+1","floor":23},{"not_picked":["Slimebound:ItLooksTasty","Slimebound:GoopSpray"],"picked":"Slimebound:Nibble","floor":24},{"not_picked":["Slimebound:Dissolve","Slimebound:FinishingTackle"],"picked":"Slimebound:LeechingTouch","floor":25},{"not_picked":["Slimebound:Schlurp","Slimebound:RollThrough"],"picked":"Slimebound:AcidTongue","floor":29},{"not_picked":["Slimebound:ItLooksTasty","Slimebound:FinishingTackle"],"picked":"Slimebound:SlimeSlap","floor":30},{"not_picked":["Slimebound:Schlurp","Slimebound:ServeAndProtect"],"picked":"Slimebound:Darklings","floor":31},{"not_picked":["Slimebound:FormOfPuddle","Slimebound:SlimeSpikes"],"picked":"Slimebound:WasteNot","floor":33},{"not_picked":["Slimebound:FinishingTackle","Slimebound:SplitMire"],"picked":"Slimebound:LeechEnergy+1","floor":34},{"not_picked":["Slimebound:Darklings","Slimebound:RallyTheTroops"],"picked":"Slimebound:MassFeed","floor":35},{"not_picked":[],"picked":"Slimebound:SlimeBarrage","floor":38},{"not_picked":[],"picked":"Slimebound:SamplingLick+1","floor":39},{"not_picked":[],"picked":"Slimebound:SplitBruiser","floor":42},{"not_picked":[],"picked":"Slimebound:Nibble+1","floor":44},{"not_picked":["expansioncontent:GuardianWhirl","expansioncontent:Chronoboost"],"picked":"Replay:SS_hec_1","floor":45},{"not_picked":["expansioncontent:HyperBeam","expansioncontent:PolyBeam"],"picked":"Replay:SS_fish_1","floor":45},{"not_picked":["Replay:SS_fish_1","expansioncontent:PolyBeam"],"picked":"expansioncontent:HyperBeam","floor":45},{"not_picked":[],"picked":"Slimebound:ServeAndProtect+1","floor":46},{"not_picked":[],"picked":"Slimebound:Dissolve+1","floor":47},{"not_picked":["Slimebound:FinishingTackle+1"],"picked":"SKIP","floor":50},{"not_picked":["Slimebound:Schlurp"],"picked":"SKIP","floor":51},{"not_picked":["Slimebound:RollThrough"],"picked":"SKIP","floor":54}],"player_experience":2067366,"relics_obtained":[{"floor":7.0,"key":"Odd Mushroom"},{"floor":9.0,"key":"CeramicFish"},{"floor":10.0,"key":"Potion Belt"},{"floor":14.0,"key":"Replay:PocketPolymizer"},{"floor":20.0,"key":"Blue Doll"},{"floor":25,"key":"Sundial"},{"floor":26,"key":"Onion Ring"},{"floor":29,"key":"Boot"},{"floor":31,"key":"Juzu Bracelet"},{"floor":33,"key":"HornCleat"},{"floor":42,"key":"Replay:Baseball"},{"floor":44,"key":"Dream Catcher"},{"floor":46,"key":"MealTicket"},{"floor":48,"key":"Replay:WaspNest"},{"floor":54,"key":"Bag of Preparation"}],"event_choices":[{"damage_healed":0.0,"max_hp_gain":0.0,"max_hp_loss":0.0,"gold_gain":0.0,"event_name":"Mushrooms","player_choice":"Fought Mushrooms","floor":7.0,"gold_loss":0.0,"damage_taken":0.0},{"cards_removed":["Slimebound:RainOfGoop"],"damage_healed":0,"gold_gain":0,"player_choice":"Removed Skill","damage_taken":0,"max_hp_gain":0,"max_hp_loss":0,"event_name":"Falling","floor":40,"gold_loss":0}],"is_beta":false,"boss_relics":[{"not_picked":["Kintsugi","Slimebound:TarBlob"],"picked":"Slimebound:AbsorbEndCombatUpgraded"},{"not_picked":["Replay:Drink Me","Velvet Choker"],"picked":"Busted Crown"}],"items_purged_floors":[50],"is_endless":false,"potions_floor_spawned":[2,7,10,11,14,18,21,23,29,30,38,39,46],"ascension_level":3}}