{"host":"7wwmf5ihvdzput8s","time":1612463667,"event":{"mods":["BaseMod","Minty Spire (QoL Compilation)","Quick Restart","Replay The Spire","StSLib","UnlockEverythingMod"],"gold_per_floor":[119,136,286,286,211,236,267,302,325,360,387,52,52,52,78,78,78,154,154,168,33,33,33,33,61,75,108,155,155,155,189,189,139,139,217,217,232,182,121,0,31,57,77,104,130,159,109,142,170,204,204,222,240,240,240,24,77,91,91],"floor_reached":58,"language":"ZHS","playtime":1036,"items_purged":["Doubt","Crescendo","Acrobatics","Poisoned Stab","BowlingBash+1","Writhe"],"score":2964,"play_id":"f3dfe0cf-fa4d-4527-aca2-fdeca743603e","local_time":"20210205023426","daily_mods":["SealedDeck","Vintage","Green Cards","Purple Cards","Heirloom","Time Dilation","Flight","DeadlyEvents","Elite Swarm","Lethality","Night Terrors"],"is_ascension_mode":true,"campfire_choices":[{"floor":17.0,"key":"RECALL"},{"data":"Tantrum","floor":30.0,"key":"SMITH"},{"floor":34.0,"key":"DIG"},{"floor":51,"key":"DIG"}],"circlet_count":0,"master_deck":["AscendersBane","FlyingSleeves+1","Tantrum+1","Pommel Strike+1","Heavy Blade+1","Flex+1","Thunderclap+1","LessonLearned+1","Offering+1","Finisher+1","Flex+1","Pot Of Greed+1","Pot Of Greed+1"],"relics":["Unceasing Top","Charon\u0027s Ashes","Toy Ornithopter","Blue Doll","Lantern","Red Skull","Replay:Bottled Snecko","Vajra","Whetstone","King of Hearts","Brimstone","Self Forming Clay","SlaversCollar","The Courier","Potion Belt","NeowsBlessing","Ring of Fury","ReplayTheSpireMod:Ring of Addiction","Chameleon Ring","White Beast Statue","Durian","Pen Nib","Shovel","Smiling Mask","NeowsBlessing","Toxic Egg 2","Shuriken","Oddly Smooth Stone","Replay:Grab Bag","Fusion Hammer","Cursed Key","Black Star","Bag of Marbles","InkBottle","StoneCalendar","Replay:Bottled Eggs","Replay:Mystery Machine","Frozen Egg 2","Replay:Ringing Soul","Replay:Bottled Flurry","Akabeko","Grinning Jar","Happy Flower","Art of War","CeramicFish","Darkstone Periapt","Turnip","Du-Vu Doll","Replay:Bandana","Boot","War Paint","Blue Candle","Gremlin Horn","Bag of Preparation"],"acts_visited":["Exordium","TheCity","TheBeyond","TheEnding"],"potions_floor_usage":[41,52,53,58],"damage_taken":[{"damage":0.0,"enemies":"Cultist","floor":1.0,"turns":1.0},{"damage":0.0,"enemies":"2 Louse","floor":2.0,"turns":1.0},{"damage":0.0,"enemies":"3 Sentries","floor":6.0,"turns":2.0},{"damage":0.0,"enemies":"Replay:BlueRogue","floor":7.0,"turns":1.0},{"damage":0.0,"enemies":"3 Sentries","floor":8.0,"turns":2.0},{"damage":0.0,"enemies":"Gremlin Nob","floor":10.0,"turns":1.0},{"damage":0.0,"enemies":"Replay:BlueRogue","floor":11.0,"turns":1.0},{"damage":6.0,"enemies":"Gremlin Nob","floor":15.0,"turns":1.0},{"damage":0.0,"enemies":"Slime Boss","floor":18.0,"turns":1.0},{"damage":6.0,"enemies":"Shell Parasite","floor":20.0,"turns":1.0},{"damage":0.0,"enemies":"Replay:Snechameleon","floor":25.0,"turns":1.0},{"damage":0.0,"enemies":"3 Byrds","floor":26.0,"turns":1.0},{"damage":0.0,"enemies":"Book of Stabbing","floor":27.0,"turns":1.0},{"damage":0.0,"enemies":"Slavers","floor":31.0,"turns":1.0},{"damage":0.0,"enemies":"Automaton","floor":35.0,"turns":1.0},{"damage":12.0,"enemies":"3 Shapes","floor":37.0,"turns":1.0},{"damage":5,"enemies":"Nemesis","floor":41,"turns":1},{"damage":0,"enemies":"R_Hoarder","floor":42,"turns":1},{"damage":5,"enemies":"Orb Walker","floor":43,"turns":1},{"damage":0,"enemies":"Nemesis","floor":44,"turns":1},{"damage":0,"enemies":"R_Hoarder","floor":46,"turns":1},{"damage":5,"enemies":"Reptomancer","floor":48,"turns":1},{"damage":0,"enemies":"R_Hoarder","floor":49,"turns":1},{"damage":0,"enemies":"Giant Head","floor":50,"turns":1},{"damage":0,"enemies":"Replay:Hell Engine","floor":52,"turns":1},{"damage":5,"enemies":"Donu and Deca","floor":53,"turns":1},{"damage":5,"enemies":"Shield and Spear","floor":57,"turns":1},{"damage":3,"enemies":"The Heart","floor":58,"turns":2}],"seed_played":"6058736332663832211","potions_obtained":[{"floor":6.0,"key":"SteroidPotion"},{"floor":8.0,"key":"Venom Potion"},{"floor":10.0,"key":"Block Potion"},{"floor":23.0,"key":"Doom Potion"},{"floor":23.0,"key":"ElixirPotion"},{"floor":23.0,"key":"DuplicationPotion"},{"floor":25.0,"key":"Energy Potion"},{"floor":26.0,"key":"Energy Potion"},{"floor":27.0,"key":"ColorlessPotion"},{"floor":31.0,"key":"Adrenaline Potion"},{"floor":35.0,"key":"ElixirPotion"},{"floor":41,"key":"BloodPotion"},{"floor":42,"key":"GamblersBrew"},{"floor":43,"key":"SteroidPotion"},{"floor":55,"key":"DuplicationPotion"},{"floor":55,"key":"Fire Potion"}],"is_trial":true,"path_per_floor":["M","M","?","?","$","E","E","E","T","E","E","$","PTL","PTL","E","$","R","B",null,"M","$","WH","?","T","E","M","E","T","WH","R","E","T","$","R","B",null,"M","$","$","?","E","E","M","E","T","E","$","E","E","E","R","B","B",null,"R","$","E","B"],"character_chosen":"IRONCLAD","items_purchased":["Brimstone","Finisher","Potion Belt","Flex+1","Blue Candle"],"campfire_rested":0,"item_purchase_floors":[12,12,21,39,56],"current_hp_per_floor":[68,68,68,64,64,64,69,69,69,69,69,69,69,69,63,63,63,73,75,69,69,69,69,69,74,74,74,74,74,74,74,74,74,74,74,74,60,60,60,60,70,70,65,65,68,68,68,63,63,63,63,67,62,66,66,66,60,62,62],"gold":91,"neow_bonus":"THREE_ENEMY_KILL","is_daily":false,"chose_seed":false,"campfire_upgraded":1,"win_rate":0.0,"timestamp":1612463666,"path_taken":["M","?","?","?","$","E","E","E","T","E","?","$","PTL","PTL","E","?","R","BOSS","M","$","WH","?","?","?","?","?","T","WH","R","E","?","?","R","BOSS","M","$","$","?","?","E","?","E","T","E","?","E","E","E","R","BOSS","BOSS","R","$","E","BOSS"],"items_purchased_type":["Relic","Card","Relic","Card","Relic"],"build_version":"2020-12-22","purchased_purges":6,"victory":false,"max_hp_per_floor":[75,75,75,75,75,75,75,75,75,75,75,75,75,75,75,75,75,75,75,75,75,75,75,75,80,80,78,78,78,76,76,76,74,74,74,74,72,72,72,72,70,70,70,70,71,71,71,69,69,69,67,67,67,67,67,67,65,65,65],"card_choices":[{"not_picked":["Barricade","Ragnarok"],"picked":"LessonLearned","floor":6.0},{"not_picked":["Die Die Die","Reaper"],"picked":"Offering","floor":10.0},{"not_picked":["Brilliance","Burst+1","Feed"],"picked":"SKIP","floor":41},{"not_picked":["DeusExMachina+1","Night Terror+1","ReplayTheSpireMod:Necrosis+1"],"picked":"SKIP","floor":57}],"player_experience":66942,"relics_obtained":[{"floor":1.0,"key":"Toy Ornithopter"},{"floor":2.0,"key":"Blue Doll"},{"floor":6.0,"key":"Lantern"},{"floor":7.0,"key":"Red Skull"},{"floor":8.0,"key":"Replay:Bottled Snecko"},{"floor":9.0,"key":"Vajra"},{"floor":10.0,"key":"Whetstone"},{"floor":11.0,"key":"King of Hearts"},{"floor":15.0,"key":"Self Forming Clay"},{"floor":20.0,"key":"The Courier"},{"floor":23.0,"key":"Ring of Fury"},{"floor":23.0,"key":"ReplayTheSpireMod:Ring of Addiction"},{"floor":23.0,"key":"Chameleon Ring"},{"floor":23.0,"key":"White Beast Statue"},{"floor":25.0,"key":"Durian"},{"floor":26.0,"key":"Pen Nib"},{"floor":27.0,"key":"Shovel"},{"floor":28.0,"key":"Smiling Mask"},{"floor":31.0,"key":"Toxic Egg 2"},{"floor":32.0,"key":"Shuriken"},{"floor":34.0,"key":"Oddly Smooth Stone"},{"floor":37,"key":"Bag of Marbles"},{"floor":41,"key":"StoneCalendar"},{"floor":41,"key":"Replay:Bottled Eggs"},{"floor":42,"key":"Replay:Mystery Machine"},{"floor":42,"key":"Frozen Egg 2"},{"floor":43,"key":"Replay:Ringing Soul"},{"floor":44,"key":"Replay:Bottled Flurry"},{"floor":44,"key":"Akabeko"},{"floor":45,"key":"Grinning Jar"},{"floor":46,"key":"Happy Flower"},{"floor":46,"key":"Art of War"},{"floor":48,"key":"CeramicFish"},{"floor":48,"key":"Darkstone Periapt"},{"floor":49,"key":"Turnip"},{"floor":49,"key":"Du-Vu Doll"},{"floor":50,"key":"Replay:Bandana"},{"floor":50,"key":"Boot"},{"floor":51,"key":"War Paint"},{"floor":57,"key":"Gremlin Horn"},{"floor":57,"key":"Bag of Preparation"}],"event_choices":[{"damage_healed":0.0,"max_hp_gain":0.0,"max_hp_loss":0.0,"gold_gain":150.0,"event_name":"Liars Game","player_choice":"AGREE","floor":3.0,"gold_loss":0.0,"damage_taken":0.0,"cards_obtained":["Doubt"]},{"damage_healed":0.0,"max_hp_gain":0.0,"max_hp_loss":0.0,"gold_gain":0.0,"event_name":"The Woman in Blue","player_choice":"Bought 0 Potions","floor":4.0,"gold_loss":0.0,"damage_taken":0.0},{"damage_healed":0,"gold_gain":0,"player_choice":"Paid Gold","damage_taken":0,"relics_obtained":["InkBottle"],"max_hp_gain":0,"max_hp_loss":0,"event_name":"WeMeetAgain","floor":40,"gold_loss":121}],"is_beta":false,"boss_relics":[{"not_picked":["Calling Bell","Painkiller Herb"],"picked":"SlaversCollar"},{"not_picked":["Replay:Bronze Core","Busted Crown"],"picked":"Replay:Grab Bag"},{"not_picked":["Philosopher\u0027s Stone","Ooze Armor"],"picked":"Fusion Hammer"},{"not_picked":["Velvet Choker","ChewingGum"],"picked":"Cursed Key"},{"not_picked":["Tiny House","Honey Jar"],"picked":"Black Star"}],"items_purged_floors":[5,12,33,38,39,47],"is_endless":false,"potions_floor_spawned":[6,8,10,15,25,26,27,31,35,37,41,42,43,44,46,48,49,50,57],"killed_by":"The Heart","ascension_level":20}}