{"host":"2brg86hfzr3u5cix","time":1612438695,"event":{"mods":["AchievementEnabler","Ascension Unlocker","BaseMod","CapriCore","DeckTracker","Highlight Path","Keyboard Shortcuts","Minty Spire (QoL Compilation)","Permanent Neow","Relic Stats","StSLib","Twitch Utils","Uncapped","UnlockEverythingMod"],"gold_per_floor":[112,112,127,144,69,69,69,80,104,116,116,116,135,149,149,227,227,240,254,254,254,254],"floor_reached":21,"language":"KOR","playtime":728,"items_purged":["Defend_P"],"score":346,"play_id":"d2789174-5031-4bef-aa9a-a160e1a4e787","local_time":"20210204203815","is_ascension_mode":true,"campfire_choices":[{"data":"Eruption","floor":6.0,"key":"SMITH"},{"floor":11.0,"key":"REST"},{"floor":15.0,"key":"REST"}],"circlet_count":0,"master_deck":["AscendersBane","Strike_P","Strike_P","Strike_P","Defend_P","Defend_P","Defend_P","Eruption+1","Vigilance","Enlightenment+1","CutThroughFate","DeceiveReality","EmptyFist","ThirdEye","EmptyBody","ConjureBlade","DevaForm","CrushJoints"],"relics":["PureWater","Boot","Ancient Tea Set","SlaversCollar"],"acts_visited":["Exordium","TheCity"],"potions_floor_usage":[21],"damage_taken":[{"damage":0.0,"enemies":"Small Slimes","floor":1.0,"turns":2.0},{"damage":7.0,"enemies":"2 Louse","floor":3.0,"turns":3.0},{"damage":0.0,"enemies":"Jaw Worm","floor":4.0,"turns":3.0},{"damage":19.0,"enemies":"Lots of Slimes","floor":8.0,"turns":4.0},{"damage":19.0,"enemies":"Exordium Thugs","floor":10.0,"turns":5.0},{"damage":2.0,"enemies":"Looter","floor":13.0,"turns":4.0},{"damage":8.0,"enemies":"Blue Slaver","floor":14.0,"turns":3.0},{"damage":34.0,"enemies":"Hexaghost","floor":16.0,"turns":9.0},{"damage":33.0,"enemies":"3 Byrds","floor":18.0,"turns":5.0},{"damage":13,"enemies":"Spheric Guardian","floor":19,"turns":4},{"damage":21,"enemies":"Cultist and Chosen","floor":21,"turns":7}],"seed_played":"1549822324307641348","potions_obtained":[{"floor":3.0,"key":"AttackPotion"},{"floor":8.0,"key":"Energy Potion"},{"floor":10.0,"key":"Explosive Potion"},{"floor":16.0,"key":"ColorlessPotion"},{"floor":19,"key":"Regen Potion"}],"is_trial":false,"path_per_floor":["M","?","M","M","$","R","?","M","T","M","R","?","M","M","R","B",null,"M","M","?","M"],"character_chosen":"WATCHER","items_purchased":[],"campfire_rested":2,"item_purchase_floors":[],"current_hp_per_floor":[61,66,59,59,59,59,54,35,35,16,37,37,35,27,48,14,58,25,12,12,6,6],"gold":254,"neow_bonus":"RANDOM_COLORLESS","is_daily":false,"chose_seed":false,"campfire_upgraded":1,"win_rate":0.0,"timestamp":1612438695,"path_taken":["M","?","M","M","$","R","?","M","T","M","R","?","M","?","R","BOSS","M","?","?","M"],"items_purchased_type":[],"build_version":"2020-12-22","purchased_purges":1,"victory":false,"max_hp_per_floor":[68,73,73,73,73,73,73,73,73,73,73,73,73,73,73,73,73,73,73,73,73,73],"relic_stats":{"counters":[11,49],"Boot":[8],"obtain_stats":[{"SlaversCollar":17,"PureWater":0,"Boot":7,"Ancient Tea Set":9},{"SlaversCollar":8,"PureWater":0,"Boot":3,"Ancient Tea Set":4},{"SlaversCollar":33,"PureWater":0,"Boot":8,"Ancient Tea Set":12}]},"card_choices":[{"not_picked":["Madness","Discovery"],"picked":"Enlightenment","floor":0.0},{"not_picked":["CrushJoints","Nirvana"],"picked":"CutThroughFate","floor":1.0},{"not_picked":["Crescendo","ReachHeaven","Study"],"picked":"SKIP","floor":3.0},{"not_picked":["JustLucky","Conclude"],"picked":"DeceiveReality","floor":4.0},{"not_picked":["Perseverance","BattleHymn"],"picked":"EmptyFist","floor":8.0},{"not_picked":["FlurryOfBlows","Prostrate"],"picked":"ThirdEye","floor":10.0},{"not_picked":["Evaluate","DeceiveReality"],"picked":"EmptyBody","floor":13.0},{"not_picked":["FollowUp","CrushJoints"],"picked":"ConjureBlade","floor":14.0},{"not_picked":["Brilliance","Alpha"],"picked":"DevaForm","floor":16.0},{"not_picked":["FollowUp","ThirdEye","Crescendo"],"picked":"SKIP","floor":18.0},{"not_picked":["InnerPeace","ClearTheMind"],"picked":"CrushJoints","floor":19}],"player_experience":352452,"relics_obtained":[{"floor":9.0,"key":"Ancient Tea Set"}],"event_choices":[{"damage_healed":0.0,"max_hp_gain":5.0,"max_hp_loss":0.0,"gold_gain":0.0,"event_name":"Big Fish","player_choice":"Donut","floor":2.0,"gold_loss":0.0,"damage_taken":0.0},{"damage_healed":0.0,"max_hp_gain":0.0,"max_hp_loss":0.0,"gold_gain":0.0,"event_name":"Scrap Ooze","player_choice":"Success","floor":7.0,"gold_loss":0.0,"damage_taken":5.0,"relics_obtained":["Boot"]},{"damage_healed":0.0,"max_hp_gain":0.0,"max_hp_loss":0.0,"gold_gain":0.0,"event_name":"Living Wall","player_choice":"Grow","floor":12.0,"gold_loss":0.0,"damage_taken":0.0,"cards_upgraded":["Enlightenment"]},{"cards_removed":["Strike_P"],"damage_healed":0,"gold_gain":0,"player_choice":"Elegance","damage_taken":0,"max_hp_gain":0,"max_hp_loss":0,"event_name":"Back to Basics","floor":20,"gold_loss":0}],"is_beta":false,"boss_relics":[{"not_picked":["Coffee Dripper","Pandora\u0027s Box"],"picked":"SlaversCollar"}],"items_purged_floors":[5],"is_endless":false,"potions_floor_spawned":[3,8,10,16,19],"killed_by":"Cultist and Chosen","ascension_level":20}}