{"host":"msfr2axb1w9025n0","time":1612441922,"event":{"mods":["BaseMod","Colored Map","DeckTracker","Minty Spire (QoL Compilation)","Relic Stats"],"gold_per_floor":[118,136,28,45,45,79,79,114,114,114,114,126,152,170,170,247,247,265,280,290,290,290],"floor_reached":21,"language":"ENG","playtime":696,"items_purged":[],"score":332,"play_id":"8bd60d6f-1e6d-49a7-b931-8813f080cc15","local_time":"20210204193202","is_ascension_mode":true,"campfire_choices":[{"data":"Uppercut","floor":7.0,"key":"SMITH"},{"data":"Dropkick","floor":11.0,"key":"SMITH"},{"floor":15.0,"key":"REST"}],"circlet_count":0,"master_deck":["AscendersBane","Strike_R","Strike_R","Strike_R","Strike_R","Strike_R","Defend_R","Defend_R","Defend_R","Defend_R","Bash","Impervious","Combust+1","Uppercut+1","Dropkick+1","Thunderclap","Thunderclap","Cleave","Burning Pact+1","Seeing Red+1","Infernal Blade+1","Rupture","Feed","Perfected Strike+1","Fire Breathing+1"],"relics":["Burning Blood","Toxic Egg 2","Matryoshka","Bag of Preparation","Mark of Pain"],"acts_visited":["Exordium","TheCity"],"potions_floor_usage":[],"damage_taken":[{"damage":4.0,"enemies":"Small Slimes","floor":1.0,"turns":4.0},{"damage":8.0,"enemies":"2 Louse","floor":2.0,"turns":4.0},{"damage":9.0,"enemies":"Jaw Worm","floor":4.0,"turns":3.0},{"damage":21.0,"enemies":"Gremlin Nob","floor":6.0,"turns":4.0},{"damage":17.0,"enemies":"3 Sentries","floor":8.0,"turns":5.0},{"damage":19.0,"enemies":"3 Louse","floor":12.0,"turns":3.0},{"damage":11.0,"enemies":"Gremlin Nob","floor":13.0,"turns":3.0},{"damage":13.0,"enemies":"Exordium Thugs","floor":14.0,"turns":3.0},{"damage":35.0,"enemies":"Hexaghost","floor":16.0,"turns":8.0},{"damage":23.0,"enemies":"3 Byrds","floor":18.0,"turns":4.0},{"damage":29.0,"enemies":"Spheric Guardian","floor":19.0,"turns":4.0},{"damage":21.0,"enemies":"Snecko","floor":20.0,"turns":4.0},{"damage":14,"enemies":"Shelled Parasite and Fungi","floor":21,"turns":2}],"seed_played":"-7312613375151616707","potions_obtained":[{"floor":4.0,"key":"GamblersBrew"},{"floor":6.0,"key":"BlessingOfTheForge"},{"floor":12.0,"key":"Strength Potion"},{"floor":16.0,"key":"DuplicationPotion"},{"floor":18.0,"key":"Swift Potion"}],"is_trial":false,"path_per_floor":["M","M","$","M","$","E","R","E","T","?","R","M","E","M","R","B",null,"M","M","M","M"],"character_chosen":"IRONCLAD","items_purchased":["Dropkick","Thunderclap"],"campfire_rested":1,"item_purchase_floors":[3,3],"current_hp_per_floor":[74,72,72,69,69,54,54,43,43,43,43,30,25,18,42,13,63,49,26,11,0,0],"gold":290,"neow_bonus":"ONE_RANDOM_RARE_CARD","is_daily":false,"chose_seed":false,"campfire_upgraded":2,"win_rate":0.0,"timestamp":1612441922,"path_taken":["M","M","$","M","$","E","R","E","T","?","R","M","E","M","R","BOSS","M","M","M","M"],"items_purchased_type":["Card","Card"],"build_version":"2020-12-22","purchased_purges":0,"victory":false,"max_hp_per_floor":[80,80,80,80,80,80,80,80,80,80,80,80,80,80,80,80,80,83,83,83,83,83],"relic_stats":{"counters":[13,51],"Bag of Preparation":[12],"obtain_stats":[{"Matryoshka":9,"Mark of Pain":17,"Bag of Preparation":13,"Toxic Egg 2":8,"Burning Blood":0},{"Matryoshka":5,"Mark of Pain":9,"Bag of Preparation":7,"Toxic Egg 2":5,"Burning Blood":0},{"Matryoshka":20,"Mark of Pain":37,"Bag of Preparation":26,"Toxic Egg 2":20,"Burning Blood":0}],"Burning Blood":72},"card_choices":[{"not_picked":["Warcry","Armaments"],"picked":"Combust","floor":1.0},{"not_picked":["Headbutt","Flex"],"picked":"Uppercut","floor":2.0},{"not_picked":["Rage","Headbutt"],"picked":"Thunderclap","floor":4.0},{"not_picked":["Clothesline","Iron Wave"],"picked":"Cleave","floor":6.0},{"not_picked":["Sentinel+1","Clothesline"],"picked":"Burning Pact+1","floor":8.0},{"not_picked":["Metallicize","Limit Break+1"],"picked":"Seeing Red+1","floor":12.0},{"not_picked":["Cleave","Feel No Pain"],"picked":"Infernal Blade+1","floor":13.0},{"not_picked":["Intimidate+1","Body Slam"],"picked":"Rupture","floor":14.0},{"not_picked":["Bludgeon","Immolate"],"picked":"Feed","floor":16.0},{"not_picked":["Anger","Wild Strike","Pommel Strike"],"picked":"SKIP","floor":18.0},{"not_picked":["Headbutt","Reckless Charge"],"picked":"Perfected Strike+1","floor":19.0},{"not_picked":["Armaments+1","Wild Strike+1"],"picked":"Fire Breathing+1","floor":20.0}],"player_experience":285514,"relics_obtained":[{"floor":8.0,"key":"Toxic Egg 2"},{"floor":9.0,"key":"Matryoshka"},{"floor":13.0,"key":"Bag of Preparation"}],"event_choices":[{"damage_healed":0.0,"max_hp_gain":0.0,"max_hp_loss":0.0,"gold_gain":0.0,"event_name":"Living Wall","player_choice":"Grow","floor":10.0,"gold_loss":0.0,"damage_taken":0.0,"cards_upgraded":["Combust"]}],"is_beta":false,"boss_relics":[{"not_picked":["SacredBark","Runic Dome"],"picked":"Mark of Pain"}],"items_purged_floors":[],"is_endless":false,"potions_floor_spawned":[4,6,12,16,18,19,20],"killed_by":"Shelled Parasite and Fungi","ascension_level":13}}