{"host":"92wx9z21c4p52du4","time":1612403259,"event":{"mods":["BaseMod","Downfall","Hermit","Minty Spire (QoL Compilation)","Reliquary","StSLib","The Hierophant"],"gold_per_floor":[99,99,119,139,159,170,219,234,247,266,277,277,295,314,332,332,332,332],"floor_reached":16,"language":"ENG","playtime":919,"items_purged":[],"score":102,"play_id":"8d91c161-d5b7-4a54-a0f5-727ad1afc70f","local_time":"20210203194739","is_ascension_mode":false,"campfire_choices":[{"data":"sneckomod:SnekBite","floor":1,"key":"SMITH"}],"circlet_count":0,"master_deck":["sneckomod:Strike","sneckomod:Strike","sneckomod:Strike+1","sneckomod:Defend","sneckomod:Defend","sneckomod:Defend","sneckomod:TailWhip+1","sneckomod:SnekBite+1","sneckomod:Unknown","sneckomod:Unknown","sneckomod:UnknownDraw","sneckomod:UnendingSupply","sneckomod:UnknownCommonSkill","sneckomod:WideSting+1","downfall:Aged","sneckomod:UnknownRareSkill","sneckomod:PureSnecko","sneckomod:UnknownBlock","sneckomod:UnknownDexterity","sneckomod:UnknownCommonSkill","sneckomod:UnknownDraw","sneckomod:ImprovisedAttack"],"relics":["Cursed Key","Whetstone"],"acts_visited":["Exordium"],"potions_floor_usage":[9,15,16,16,16],"damage_taken":[{"damage":1,"enemies":"Jaw Worm","floor":3,"turns":2},{"damage":1,"enemies":"Cultist","floor":4,"turns":3},{"damage":6,"enemies":"2 Louse","floor":5,"turns":2},{"damage":11,"enemies":"Red Slaver","floor":6,"turns":3},{"damage":0,"enemies":"Lots of Slimes","floor":8,"turns":2},{"damage":9,"enemies":"Blue Slaver","floor":9,"turns":3},{"damage":10,"enemies":"Gremlin Gang","floor":10,"turns":4},{"damage":9,"enemies":"Exordium Wildlife","floor":11,"turns":4},{"damage":0,"enemies":"2 Fungi Beasts","floor":13,"turns":2},{"damage":4,"enemies":"3 Louse","floor":14,"turns":3},{"damage":10,"enemies":"Lots of Slimes","floor":15,"turns":3},{"damage":45,"enemies":"IC_STATUS_ARCHETYPE","floor":16,"turns":10}],"seed_played":"-6354231420028070684","potions_obtained":[{"floor":8,"key":"Weak Potion"},{"floor":10,"key":"Dexterity Potion"},{"floor":11,"key":"Weak Potion"},{"floor":14,"key":"Block Potion"},{"floor":15,"key":"EssenceOfSteel"}],"is_trial":false,"path_per_floor":["R","?","M","M","M","M","T","M","M","M","M","?","M","M","M","B"],"character_chosen":"THE_SNECKO","items_purchased":[],"campfire_rested":0,"item_purchase_floors":[],"current_hp_per_floor":[90,90,89,88,82,71,71,71,62,52,43,43,43,39,29,0,0,0],"gold":332,"neow_bonus":"BOSS_RELIC","is_daily":false,"chose_seed":false,"campfire_upgraded":1,"win_rate":0.0,"timestamp":1612403259,"path_taken":["R","?","M","?","M","M","T","M","?","M","M","?","M","?","M","BOSS"],"items_purchased_type":[],"build_version":"2020-12-22","purchased_purges":0,"victory":false,"max_hp_per_floor":[90,90,90,90,90,90,90,90,90,90,90,90,90,90,90,90,90,90],"card_choices":[{"not_picked":["sneckomod:UnknownCommonSkill","sneckomod:SoulDraw"],"picked":"sneckomod:UnknownDraw","floor":3},{"not_picked":["sneckomod:SoulRoll","sneckomod:UnknownColorless"],"picked":"sneckomod:UnendingSupply","floor":4},{"not_picked":["sneckomod:SoulRoll","sneckomod:IronFang"],"picked":"sneckomod:UnknownCommonSkill","floor":5},{"not_picked":["sneckomod:SnakeSap","sneckomod:Nope"],"picked":"sneckomod:WideSting","floor":6},{"not_picked":["sneckomod:Memorize","sneckomod:CheapStock"],"picked":"sneckomod:UnknownRareSkill","floor":8},{"not_picked":["sneckomod:SerpentIdol","sneckomod:SlitherStrike"],"picked":"sneckomod:PureSnecko","floor":9},{"not_picked":["sneckomod:IronFang","sneckomod:UnknownDraw"],"picked":"sneckomod:UnknownBlock","floor":10},{"not_picked":["sneckomod:UnknownBlock","sneckomod:RainOfDice"],"picked":"sneckomod:UnknownDexterity","floor":11},{"not_picked":["sneckomod:DiceCrush","sneckomod:UnendingSupply"],"picked":"sneckomod:UnknownCommonSkill","floor":13},{"not_picked":["sneckomod:SoulCleanse","sneckomod:WideSting"],"picked":"sneckomod:UnknownDraw","floor":14},{"not_picked":["sneckomod:UnknownCommonAttack","sneckomod:QuickMove"],"picked":"sneckomod:ImprovisedAttack","floor":15}],"player_experience":254800,"relics_obtained":[{"floor":7,"key":"Whetstone"}],"event_choices":[{"damage_healed":0,"gold_gain":0,"player_choice":"Ignored","damage_taken":0,"max_hp_gain":0,"max_hp_loss":0,"event_name":"NoteForYourself","floor":2,"gold_loss":0},{"damage_healed":0,"gold_gain":0,"player_choice":"Forge","damage_taken":0,"max_hp_gain":0,"max_hp_loss":0,"event_name":"Accursed Blacksmith","floor":12,"gold_loss":0,"cards_upgraded":["sneckomod:WideSting"]}],"is_beta":false,"boss_relics":[],"items_purged_floors":[],"is_endless":false,"potions_floor_spawned":[8,10,11,14,15],"killed_by":"IC_STATUS_ARCHETYPE","ascension_level":0}}