{"host":"xh4jtn7krw5slv5y","time":1612476006,"event":{"mods":["BaseMod","Bestiary","Block Reminder","Colored Map","Downfall","Minty Spire (QoL Compilation)","Quick Restart","Relic Sorter","StSLib"],"gold_per_floor":[0,20,33,33,18,18,18,18,18,37,37,56,56,68,87,186,186,186,20,170,185,204,234,285,285,285,185,185,203,219,235,255,359,359,359,374,392,392,402,402,402,419,429,445,78,78,22,22,35,35,35,35],"floor_reached":50,"language":"ENG","playtime":7267,"items_purged":["Guardian:TimeCapacitor","Guardian:MultiBeam+1"],"score":558,"play_id":"eb4e4d55-2e91-484b-ad26-72110073359e","local_time":"20210204180006","is_ascension_mode":false,"campfire_choices":[{"data":"Guardian:StasisField","floor":1,"key":"SMITH"},{"data":"Guardian:MultiBeam","floor":6,"key":"SMITH"},{"data":"Guardian:TwinSlam","floor":11,"key":"SMITH"},{"data":"Guardian:SentryBeam","floor":13,"key":"SMITH"},{"data":"Guardian:BaubleBeam","floor":18,"key":"SMITH"},{"data":"Guardian:ConstructionForm","floor":27,"key":"SMITH"},{"data":"Guardian:TemporalShield","floor":35,"key":"SMITH"},{"floor":40,"key":"REST"}],"circlet_count":0,"master_deck":["Guardian:CurlUp","Guardian:TwinSlam+1","Guardian:StasisField+1","Guardian:Incinerate","Guardian:Incinerate+1","Guardian:PiercingHide","Guardian:BaubleBeam+1","Guardian:ConstructionForm+1","Guardian:BaubleBeam+1","Guardian:PrimingBeam","Guardian:Harden","Guardian:SpikerProtocol+1","Guardian:CrystalBeam","Guardian:TemporalShield+1","Guardian:Suspension+1","Guardian:BodySlam","Guardian:StasisStrike","Guardian:BodySlam+1","Purity","expansioncontent:InvincibleStrength","Guardian:Orbwalk"],"relics":["Guardian:ModeShifterPlus","Guardian:PickAxe","Pandora\u0027s Box","Bag of Preparation","Kunai","downfall:HeartBlessingBlue","Ornamental Fan","Guardian:BottledStasis","FossilizedHelix"],"acts_visited":["Exordium","TheCity","TheBeyond"],"potions_floor_usage":[16,33,33,50],"damage_taken":[{"damage":9,"enemies":"Cultist","floor":2,"turns":4},{"damage":6,"enemies":"Jaw Worm","floor":3,"turns":4},{"damage":0,"enemies":"downfall:FleeingMerchant","floor":5,"turns":4},{"damage":11,"enemies":"downfall:FleeingMerchant","floor":8,"turns":5},{"damage":4,"enemies":"Small Slimes","floor":10,"turns":3},{"damage":11,"enemies":"Red Slaver","floor":12,"turns":3},{"damage":9,"enemies":"3 Louse","floor":14,"turns":3},{"damage":0,"enemies":"Lots of Slimes","floor":15,"turns":1},{"damage":5,"enemies":"DF_ARCHETYPE_STREAMLINE","floor":16,"turns":14},{"damage":0,"enemies":"downfall:FleeingMerchant","floor":19,"turns":4},{"damage":0,"enemies":"Chosen","floor":21,"turns":5},{"damage":3,"enemies":"Spheric Guardian","floor":22,"turns":4},{"damage":0,"enemies":"Book of Stabbing","floor":23,"turns":7},{"damage":0,"enemies":"Snecko","floor":29,"turns":5},{"damage":0,"enemies":"3 Cultists","floor":30,"turns":6},{"damage":0,"enemies":"Chosen and Byrds","floor":31,"turns":8},{"damage":0,"enemies":"Sentry and Sphere","floor":32,"turns":8},{"damage":12,"enemies":"WA_ARCHETYPE_CALM","floor":33,"turns":16},{"damage":0,"enemies":"Orb Walker","floor":36,"turns":4},{"damage":6,"enemies":"3 Shapes","floor":37,"turns":3},{"damage":0,"enemies":"Sphere and 2 Shapes","floor":39,"turns":6},{"damage":9,"enemies":"4 Shapes","floor":42,"turns":5},{"damage":0,"enemies":"Transient","floor":43,"turns":5},{"damage":0,"enemies":"Spire Growth","floor":44,"turns":5},{"damage":0,"enemies":"downfall:FleeingMerchant","floor":45,"turns":4},{"damage":0,"enemies":"downfall:FleeingMerchant","floor":47,"turns":4},{"damage":0,"enemies":"Writhing Mass","floor":49,"turns":7},{"damage":99,"enemies":"SI_POISON_ARCHETYPE","floor":50,"turns":12}],"seed_played":"3554390132247329808","potions_obtained":[{"floor":10,"key":"Guardian:StasisDiscoveryPotion"},{"floor":12,"key":"Weak Potion"},{"floor":14,"key":"Block Potion"},{"floor":23,"key":"Guardian:AcceleratePotion"},{"floor":37,"key":"Dexterity Potion"},{"floor":42,"key":"Swift Potion"}],"is_trial":false,"path_per_floor":["R","M","M","?","$","R","T","?","?","M","R","M","R","M","M","B",null,"R","$","?","M","M","E","T","?","T","R","?","M","M","M","M","B",null,"R","M","M","?","M","R","T","M","M","M","$","?","$","?","M","B"],"character_chosen":"GUARDIAN","items_purchased":["Guardian:CrystalBeam","Guardian:Gem_Red","Guardian:BottledStasis","Purity","FossilizedHelix","expansioncontent:InvincibleStrength"],"campfire_rested":1,"item_purchase_floors":[19,19,45,45,47,47],"current_hp_per_floor":[80,71,65,65,65,65,75,52,52,48,48,37,37,28,28,23,90,90,90,90,90,87,87,87,87,87,97,97,97,97,97,97,85,100,100,100,94,86,86,100,100,91,91,91,91,91,91,91,91,0,0,0],"gold":35,"neow_bonus":"THREE_RARE_CARDS","is_daily":false,"chose_seed":false,"campfire_upgraded":7,"win_rate":0.0,"timestamp":1612476006,"path_taken":["R","M","M","?","$","R","T","?","?","M","R","M","R","?","M","BOSS","R","$","?","M","?","E","T","?","?","R","?","M","M","M","M","BOSS","R","M","M","?","?","R","T","M","M","M","$","?","?","?","M","BOSS"],"items_purchased_type":["Card","Card","Relic","Card","Relic","Card"],"build_version":"2020-12-22","purchased_purges":2,"victory":false,"max_hp_per_floor":[80,80,80,80,80,80,90,90,90,90,90,90,90,90,90,90,90,90,90,90,90,90,90,90,90,90,100,100,100,100,100,100,100,100,100,100,100,100,100,100,100,100,100,100,100,100,100,100,100,100,100,100],"card_choices":[{"not_picked":["Guardian:GatlingBeam","Guardian:FastForward"],"picked":"Guardian:StasisField","floor":0},{"not_picked":["Guardian:Recover","Guardian:TemporalStrike"],"picked":"Guardian:Incinerate","floor":2},{"not_picked":["Guardian:Suspension","Guardian:RollAttack"],"picked":"Guardian:MultiBeam","floor":3},{"not_picked":["Guardian:TemporalShield","Guardian:TemporalStrike"],"picked":"Guardian:Incinerate","floor":5},{"not_picked":["Guardian:PiercingHide","Guardian:MultiBeam"],"picked":"Guardian:Gem_Purple","floor":10},{"not_picked":["Guardian:Recover","Guardian:RefractedBeam"],"picked":"Guardian:SentryBeam","floor":12},{"not_picked":["Guardian:Recover","Guardian:TimeBomb"],"picked":"Guardian:PiercingHide","floor":14},{"not_picked":["Guardian:ChargeCore","Guardian:PiercingHide"],"picked":"Guardian:BaubleBeam","floor":15},{"not_picked":["Guardian:StasisField","Guardian:SphericShield"],"picked":"Guardian:ConstructionForm","floor":16},{"not_picked":["Guardian:Harden","Guardian:Reroute"],"picked":"Guardian:SpikerProtocol+1","floor":19},{"not_picked":["Guardian:WalkerClaw","Guardian:PrimingBeam"],"picked":"Guardian:Gem_Green","floor":21},{"not_picked":["Guardian:DonusPower+1","Guardian:PrismaticBeam","Guardian:GuardianWhirl"],"picked":"SKIP","floor":22},{"not_picked":["Guardian:RollAttack","Guardian:Planning"],"picked":"Guardian:TemporalShield","floor":23},{"not_picked":["Guardian:GuardianWhirl+1","Guardian:TemporalStrike","Guardian:VentSteam"],"picked":"SKIP","floor":29},{"not_picked":["Guardian:VentSteam+1","Guardian:PrismaticBarrier","Guardian:PrismaticBeam"],"picked":"SKIP","floor":30},{"not_picked":["Guardian:Incinerate","Guardian:Gem_Green","Guardian:Gem_Cyan"],"picked":"SKIP","floor":31},{"not_picked":["Guardian:RollAttack","Guardian:ExploitGems","Guardian:ChargeCore"],"picked":"SKIP","floor":32},{"not_picked":["Guardian:HyperBeam_Guardian","Guardian:ExploitGems"],"picked":"Guardian:Gem_Synthetic","floor":33},{"not_picked":["Guardian:SentryBeam","Guardian:CrystalBeam"],"picked":"Guardian:Suspension+1","floor":36},{"not_picked":["Guardian:RollAttack","Guardian:Gem_Lightblue","Guardian:Gem_Red"],"picked":"SKIP","floor":37},{"not_picked":["Guardian:RollAttack+1","Guardian:TemporalShield","Guardian:BronzeArmor+1"],"picked":"SKIP","floor":39},{"not_picked":["Guardian:Gem_Lightblue","Guardian:TimeCapacitor"],"picked":"Guardian:BodySlam","floor":42},{"not_picked":["Guardian:Gem_Green","Guardian:Gem_Crimson"],"picked":"Guardian:StasisStrike","floor":43},{"not_picked":["Guardian:CrystalBeam","Guardian:Preprogram"],"picked":"Guardian:BodySlam+1","floor":44},{"not_picked":["Guardian:Gem_Cyan","Guardian:ArmoredProtocol+1","Guardian:Gem_Lightblue"],"picked":"SKIP","floor":45},{"not_picked":["Guardian:PolyBeam+1","Guardian:WalkerClaw+1","Guardian:Gem_Purple"],"picked":"SKIP","floor":47},{"not_picked":["Guardian:Gem_Lightblue","Guardian:ShieldSpikes+1","Guardian:Gem_Yellow"],"picked":"SKIP","floor":49}],"player_experience":391109,"relics_obtained":[{"floor":7,"key":"Pear"},{"floor":23,"key":"Bag of Preparation"},{"floor":26,"key":"Kunai"},{"floor":41,"key":"Ornamental Fan"}],"event_choices":[{"cards_removed":["Guardian:Defend_Guardian"],"damage_healed":0,"gold_gain":0,"player_choice":"Card Removal","damage_taken":0,"max_hp_gain":0,"max_hp_loss":0,"event_name":"The Cleric","floor":4,"gold_loss":0},{"damage_healed":0,"gold_gain":0,"player_choice":"Ignored","damage_taken":0,"max_hp_gain":0,"max_hp_loss":0,"event_name":"Ghosts","floor":28,"gold_loss":0}],"is_beta":false,"boss_relics":[{"not_picked":["SacredBark","Coffee Dripper"],"picked":"Pandora\u0027s Box"},{"not_picked":["Runic Dome","Fusion Hammer"],"picked":"Guardian:ModeShifterPlus"}],"items_purged_floors":[19,45],"is_endless":false,"potions_floor_spawned":[8,10,12,14,23,29,30,32,37,42,44],"killed_by":"SI_POISON_ARCHETYPE","ascension_level":0}}