{"host":"684z1xpuwaoqmmh1","time":1612438474,"event":{"mods":["A Magickal Journey","BaseMod","Dio Mod","Downfall","Hermit","Jorbs\u0027s Wanderer Trilogy","Marisa????????","Minty Spire (QoL Compilation)","Robot Space Explorer","Shade Mod","StSLib","The Dragon Tamer","The Elementalist","The Hayseed","The Hierophant","The Marked","The Mystic","The Runesmith","The Saiyan","The Vixen","TheBandit","TheFirefly"],"gold_per_floor":[88,105,115,115,130,130,31,66,66,99,99,109,124,140,140,243,243,260,272,306,306,306],"floor_reached":21,"language":"ENG","playtime":1077,"items_purged":["Pain"],"score":218,"play_id":"55285a75-da2d-4e08-8b6d-677cf48d0cbd","local_time":"20210204133434","is_ascension_mode":false,"campfire_choices":[{"data":"Saiyan:GenkiDama","floor":6,"key":"SMITH"},{"data":"Saiyan:MonkeyTail","floor":11,"key":"SMITH"},{"data":"Saiyan:Makankosappo","floor":15,"key":"SMITH"}],"circlet_count":0,"master_deck":["Saiyan:SAIYA_Strike","Saiyan:SAIYA_Strike","Saiyan:SAIYA_Strike","Saiyan:SAIYA_Strike","Saiyan:SAIYA_Defend","Saiyan:SAIYA_Defend","Saiyan:SAIYA_Defend","Saiyan:SAIYA_Defend","Saiyan:EnergyBlast","Saiyan:KaioKen","Saiyan:RuthlessBlow","Saiyan:MonkeyTail+1","Saiyan:Flurry","Saiyan:Makankosappo+1","Saiyan:GenkiDama+1","Saiyan:TurtleShell","Saiyan:MeteorDash","Saiyan:Fly","Saiyan:RemoveWeights","Saiyan:DrainingStrike","Saiyan:PressOn","Saiyan:SenzuBean","Saiyan:ThirstForFight+1","Saiyan:ConcussiveBlow"],"relics":["SaiyanSoul","SaiyanHeart","WarpedTongs","Singing Bowl","Runesmith:Nanobots","Strawberry","sneckomod:SneckoTalon","Potion Belt","PreservedInsect","Red Mask"],"acts_visited":["Exordium","TheCity"],"potions_floor_usage":[10,20],"damage_taken":[{"damage":4.0,"enemies":"Jaw Worm","floor":1.0,"turns":5.0},{"damage":0.0,"enemies":"Cultist","floor":2.0,"turns":4.0},{"damage":0.0,"enemies":"2 Louse","floor":3.0,"turns":4.0},{"damage":0,"enemies":"Gremlin Gang","floor":5,"turns":1},{"damage":6,"enemies":"Gremlin Nob","floor":8,"turns":3},{"damage":6,"enemies":"Lagavulin","floor":10,"turns":5},{"damage":10,"enemies":"Exordium Thugs","floor":12,"turns":4},{"damage":0,"enemies":"Blue Slaver","floor":13,"turns":2},{"damage":0,"enemies":"Gremlin Gang","floor":14,"turns":3},{"damage":19,"enemies":"The Guardian","floor":16,"turns":8},{"damage":22,"enemies":"3 Byrds","floor":18,"turns":8},{"damage":48,"enemies":"Spheric Guardian","floor":19,"turns":9},{"damage":0,"enemies":"Masked Bandits","floor":20,"turns":1},{"damage":19,"enemies":"Cultist and Chosen","floor":21,"turns":4}],"seed_played":"-5395511013915577255","potions_obtained":[{"floor":2.0,"key":"bronze:BurnAndBuffPotion"},{"floor":8,"key":"BlessingOfTheForge"},{"floor":12,"key":"Ancient Potion"},{"floor":19,"key":"champ:CounterPotion"}],"is_trial":false,"path_per_floor":["M","M","M","?","M","R","$","E","T","E","R","M","M","M","R","B",null,"M","M","?","M"],"character_chosen":"SAIYAJIN","items_purchased":["Saiyan:MeteorDash"],"campfire_rested":0,"item_purchase_floors":[7],"current_hp_per_floor":[56,57,59,59,60,60,60,57,57,59,59,49,51,52,52,33,78,59,12,12,0,0],"gold":306,"neow_bonus":"ONE_RANDOM_RARE_CARD","is_daily":false,"chose_seed":false,"campfire_upgraded":3,"win_rate":0.0,"timestamp":1612438474,"path_taken":["M","M","M","?","?","R","$","E","T","E","R","M","M","M","R","BOSS","M","M","?","M"],"items_purchased_type":["Card"],"build_version":"2020-12-22","purchased_purges":1,"victory":false,"max_hp_per_floor":[60,61,63,63,64,64,64,67,67,75,75,75,77,78,78,78,78,81,82,82,83,83],"card_choices":[{"not_picked":["Saiyan:PlotArmor","Saiyan:Scouter"],"picked":"Saiyan:Flurry","floor":1.0},{"not_picked":["Saiyan:ExpandingShockwave","Saiyan:Quickening"],"picked":"Saiyan:Makankosappo","floor":2.0},{"not_picked":["Saiyan:DragonFist","Saiyan:FingerParry"],"picked":"Saiyan:GenkiDama","floor":3.0},{"not_picked":["Saiyan:PowerUp","Saiyan:DoubleMasenko"],"picked":"Saiyan:TurtleShell","floor":5},{"not_picked":["Saiyan:KameHameHa","Saiyan:Taunt","Saiyan:Pacing"],"picked":"Singing Bowl","floor":8},{"not_picked":["Saiyan:BigBangAttack","Saiyan:SaiyanHubris"],"picked":"Saiyan:Fly","floor":10},{"not_picked":["Saiyan:ExpandingShockwave","Saiyan:KiExplosion"],"picked":"Saiyan:RemoveWeights","floor":12},{"not_picked":["Saiyan:DragonFist","Saiyan:Honing"],"picked":"Saiyan:DrainingStrike","floor":13},{"not_picked":["Saiyan:Makankosappo","Saiyan:SaiyanHubris"],"picked":"Saiyan:PressOn","floor":14},{"not_picked":["Saiyan:GenkiDama","Saiyan:TransfigurationBeam"],"picked":"Saiyan:SenzuBean","floor":16},{"not_picked":["Saiyan:Planning","Saiyan:MeteorDash","Saiyan:Makankosappo"],"picked":"Singing Bowl","floor":18},{"not_picked":["Saiyan:Reset","Saiyan:FingerParry"],"picked":"Saiyan:ThirstForFight+1","floor":19},{"not_picked":["Saiyan:Flurry","Saiyan:SpiritSword"],"picked":"Saiyan:ConcussiveBlow","floor":20}],"player_experience":3002101,"relics_obtained":[{"floor":8,"key":"Singing Bowl"},{"floor":9,"key":"Runesmith:Nanobots"},{"floor":10,"key":"Strawberry"},{"floor":18,"key":"Potion Belt"},{"floor":19,"key":"PreservedInsect"},{"floor":20,"key":"Red Mask"}],"event_choices":[{"damage_healed":0,"gold_gain":0,"player_choice":"Rummage","damage_taken":0,"relics_obtained":["WarpedTongs"],"max_hp_gain":0,"max_hp_loss":0,"event_name":"Accursed Blacksmith","floor":4,"gold_loss":0,"cards_obtained":["Pain"]},{"damage_healed":0,"gold_gain":0,"player_choice":"Fought Bandits","damage_taken":0,"max_hp_gain":0,"max_hp_loss":0,"event_name":"Masked Bandits","floor":20,"gold_loss":0}],"is_beta":false,"boss_relics":[{"not_picked":["SlaversCollar","Black Star"],"picked":"sneckomod:SneckoTalon"}],"items_purged_floors":[7],"is_endless":false,"potions_floor_spawned":[2,8,12,19],"killed_by":"Cultist and Chosen","ascension_level":0}}