{"host":"mnlj73t2ynwgq04b","time":1612439961,"event":{"mods":["100% Spire Juice","Act Like it!","AlwaysNeverKeys","BaseMod","BetterRewards","CapriCore","Colored Map","Colored Powertips","DeckTracker","FoggyMod","Gensokyo","GifTheSpireLib","Googly Eyes","GungeonMod","HexUI Lib","KinomotoSakuraMod(木之本樱)","Marisa（F雨　魔理沙）","Minty Spire (QoL Compilation)","MostiFishMod","Permanent Neow","Quick Restart","Rare Cards Sparkle","Red Circlet Mod","Shop Mod","Spicy Shops","StSLib","The Immortal","The Senshi","TheWitcher","Yakumo Yukari mod","noobMod","【功能Mod】混沌之环修复补丁","篝火指南"],"gold_per_floor":[113,113,113,113,113,113,148,168,168,168,168,168],"floor_reached":10,"language":"ZHS","playtime":571,"items_purged":[],"score":64,"play_id":"a6644085-eea6-4cf2-8387-e6b4e7119b29","local_time":"20210204195921","is_ascension_mode":false,"campfire_choices":[{"data":"MokouMod:InfernalWave","floor":6,"key":"SMITH"}],"circlet_count":0,"master_deck":["MokouMod:Strike","MokouMod:Strike","MokouMod:Strike","MokouMod:Strike","MokouMod:Defend","MokouMod:Defend","MokouMod:Defend","MokouMod:HeatSpark","MokouMod:HeatTransfer","MokouMod:InfernalWave+1","Clumsy","MokouMod:Sear","MokouMod:Geothermal"],"relics":["MokouMod:PhoenixFeather","ice","DaveBox","SynthV:TestCard","Gensokyo:PortableGap","Gensokyo:NagashiBinaDoll","Gensokyo:Mercy","DemoMod:GlassGuonStoneRelic","Thread and Needle","EGODaCapo","Blue Candle"],"acts_visited":["Gensokyo:Gensokyo"],"potions_floor_usage":[7],"damage_taken":[{"damage":11,"enemies":"Gensokyo:Gryphon","floor":1,"turns":4},{"damage":13,"enemies":"Gensokyo:Mamizou","floor":7,"turns":9},{"damage":0,"enemies":"Gensokyo:2_Kodama","floor":8,"turns":4},{"damage":0,"enemies":"Gensokyo:Cirno","floor":10,"turns":2}],"seed_played":"5107132715479513096","potions_obtained":[{"floor":1,"key":"EssenceOfSteel"}],"is_trial":false,"path_per_floor":["M","?","?","?","?","R","E","M","T","E"],"character_chosen":"MKU","items_purchased":[],"campfire_rested":0,"item_purchase_floors":[],"current_hp_per_floor":[57,57,57,57,57,57,44,44,44,44,44,44],"gold":168,"neow_bonus":"REMOVE_TWO","is_daily":false,"chose_seed":false,"campfire_upgraded":1,"win_rate":0.0,"timestamp":1612439961,"path_taken":["M","?","?","?","?","R","E","?","T","E"],"items_purchased_type":[],"build_version":"2020-12-22","purchased_purges":0,"victory":false,"max_hp_per_floor":[68,62,62,62,62,62,62,62,62,62,62,62],"card_choices":[{"not_picked":["MokouMod:IgnitionBarrier","MokouMod:ThermalPressure"],"picked":"MokouMod:HeatTransfer","floor":1},{"not_picked":["MokouMod:BurningDraft","MokouMod:FlickeringFlame","MokouMod:Overheat","MokouMod:AdaptivePyromancy"],"picked":"MokouMod:RadiantBlade","floor":3},{"not_picked":["MokouMod:SubterraneanCore","MokouMod:IndiscriminateIgnition","MokouMod:Burn","MokouMod:Ember"],"picked":"MokouMod:InfernalWave","floor":3},{"not_picked":["MokouMod:EternalBurstReactor","MokouMod:Stoke","MokouMod:FlareStarter","MokouMod:Cataclysm"],"picked":"MokouMod:Sear","floor":7},{"not_picked":["MokouMod:FlickeringFlame","MokouMod:BlazingComet","MokouMod:FusionFlare","MokouMod:IndiscriminateIgnition"],"picked":"MokouMod:Geothermal","floor":8}],"player_experience":68285,"relics_obtained":[{"floor":1,"key":"SynthV:TestCard"},{"floor":7,"key":"Thread and Needle"},{"floor":9,"key":"Blue Candle"}],"event_choices":[],"is_beta":false,"boss_relics":[],"items_purged_floors":[],"is_endless":false,"potions_floor_spawned":[1],"killed_by":"Gensokyo:Cirno","ascension_level":0}}