{"host":"2haferq23ht5nrlk","time":1612440076,"event":{"mods":["ATMod(°¢èªMod)","BaseMod","KomeijiMod","Minty Spire (QoL Compilation)","Quick Restart","Relic Stats","Replay The Spire","Spicy Shops","StSLib","UnlockEverythingMod","¡¾ÒÅÎï¿¨ÅÆ¡¿REMEMod"],"gold_per_floor":[116,116,136,21,31,63,63,75,75,109,109,143,143,163,163,163,163],"floor_reached":16,"language":"ZHS","playtime":925,"items_purged":[],"score":240,"play_id":"54867af7-682a-4d28-856b-a439708af634","local_time":"20210204200116","daily_mods":["Heirloom"],"is_ascension_mode":true,"campfire_choices":[{"floor":7,"key":"REST"},{"floor":15,"key":"REST"}],"circlet_count":0,"master_deck":["Strike_B","Strike_B+1","Strike_B","Defend_B","Defend_B","Defend_B","Defend_B","Zap","Dualcast","AT_MachinaRedman","Cold Snap","Dualcast","AT_StudyProgram+1","Compile Driver","Electrodynamics","Cold Snap","Coolheaded","All For One","Tempest+1","Parasite","AT_HeatAcrobatics"],"relics":["Cracked Core","AT_ATBox","REME_ComplimentaryCards","Turnip","Gremlin Food","Pet Ghost","AT_SilverBalance","Art of War"],"acts_visited":["Exordium"],"potions_floor_usage":[10,14,16],"damage_taken":[{"damage":0,"enemies":"2 Louse","floor":1,"turns":2},{"damage":0,"enemies":"Cultist","floor":3,"turns":2},{"damage":0,"enemies":"Small Slimes","floor":5,"turns":2},{"damage":36,"enemies":"Lagavulin","floor":6,"turns":6},{"damage":6,"enemies":"Blue Slaver","floor":8,"turns":2},{"damage":9,"enemies":"Gremlin Nob","floor":10,"turns":3},{"damage":11,"enemies":"3 Sentries","floor":12,"turns":4},{"damage":11,"enemies":"Large Slime","floor":14,"turns":4},{"damage":60,"enemies":"Fading Forest","floor":16,"turns":10}],"seed_played":"7780520643263897599","potions_obtained":[{"floor":6,"key":"Weak Potion"},{"floor":8,"key":"RedTea"},{"floor":12,"key":"Strength Potion"}],"is_trial":true,"path_per_floor":["M","?","M","$","M","E","R","M","T","E","?","E","?","M","R","B"],"character_chosen":"DEFECT","items_purchased":["AT_StudyProgram+1","Compile Driver"],"campfire_rested":2,"item_purchase_floors":[4,4],"current_hp_per_floor":[64,64,64,64,64,28,49,43,43,34,34,24,24,24,45,0,0],"gold":163,"neow_bonus":"","is_daily":false,"chose_seed":false,"campfire_upgraded":0,"win_rate":0.0,"timestamp":1612440076,"path_taken":["M","?","?","?","M","E","R","M","T","E","?","E","?","M","R","BOSS"],"items_purchased_type":["Card","Card"],"build_version":"2020-12-22","purchased_purges":0,"victory":false,"max_hp_per_floor":[71,71,71,71,71,71,71,71,71,71,71,71,71,71,71,71,71],"relic_stats":{"counters":[9,35],"Turnip":[6],"Art of War":[2],"obtain_stats":[{"Gremlin Food":6,"AT_ATBox":0,"Turnip":0,"AT_SilverBalance":10,"Art of War":12,"Cracked Core":0,"Pet Ghost":9,"REME_ComplimentaryCards":0},{"Gremlin Food":4,"AT_ATBox":0,"Turnip":0,"AT_SilverBalance":6,"Art of War":7,"Cracked Core":0,"Pet Ghost":5,"REME_ComplimentaryCards":0},{"Gremlin Food":12,"AT_ATBox":0,"Turnip":0,"AT_SilverBalance":17,"Art of War":21,"Cracked Core":0,"Pet Ghost":14,"REME_ComplimentaryCards":0}]},"card_choices":[{"not_picked":["Barrage","AT_ThreeBodyProblem"],"picked":"Cold Snap","floor":1},{"not_picked":["Rebound","Steam","Reinforced Body"],"picked":"SKIP","floor":3},{"not_picked":["BasicCrystalCard","Rebound","Sweeping Beam"],"picked":"SKIP","floor":5},{"not_picked":["Barrage","Doom and Gloom"],"picked":"Electrodynamics","floor":6},{"not_picked":["Streamline","Sweeping Beam"],"picked":"Cold Snap","floor":8},{"not_picked":["Genetic Algorithm","Auto Shields"],"picked":"Coolheaded","floor":10},{"not_picked":["Gash","AT_ThreeBodyProblem"],"picked":"Tempest","floor":12},{"not_picked":["BootSequence","Conserve Battery"],"picked":"AT_HeatAcrobatics","floor":14}],"player_experience":13832,"relics_obtained":[{"floor":6,"key":"Gremlin Food"},{"floor":9,"key":"Pet Ghost"},{"floor":10,"key":"AT_SilverBalance"},{"floor":12,"key":"Art of War"}],"event_choices":[{"damage_healed":0,"gold_gain":0,"cards_transformed":["Strike_B"],"player_choice":"Change","damage_taken":0,"max_hp_gain":0,"max_hp_loss":0,"event_name":"Living Wall","floor":11,"gold_loss":0,"cards_obtained":["All For One"]}],"is_beta":false,"boss_relics":[],"items_purged_floors":[],"is_endless":true,"potions_floor_spawned":[6,8,12],"killed_by":"Fading Forest","ascension_level":20}}