{"host":"Kdaddybrian","time":1612467432,"event":{"mods":["AchievementEnabler","BaseMod","Bestiary","Colored Powertips","Minty Spire (QoL Compilation)","Potion Indicator Mod","Quick Restart","Rare Cards Sparkle","Relic Stats","StSLib","Uncapped"],"gold_per_floor":[112,112,125,125,150,150,191,215,215,40,61,61,92,133,133,256,256,269,294,219,219,66,85,85,105,132,170,170,204,119,142,142,261,261,282,302,74,74,94,138,201,232,258,258,11,36,52,92,92,92,92,92,40,80,80],"floor_reached":56,"language":"ENG","playtime":5084,"items_purged":["Strike_P"],"score":1672,"play_id":"fe006dbd-ba48-497a-8ca7-739dedb278fc","local_time":"20210204143712","is_ascension_mode":true,"campfire_choices":[{"data":"Eruption","floor":6.0,"key":"SMITH"},{"data":"LessonLearned","floor":12.0,"key":"SMITH"},{"data":"JustLucky","floor":15.0,"key":"SMITH"},{"data":"Omniscience","floor":24.0,"key":"SMITH"},{"floor":28.0,"key":"REST"},{"data":"Vault","floor":32.0,"key":"SMITH"},{"floor":44.0,"key":"RECALL"},{"floor":49.0,"key":"REST"},{"data":"DevaForm","floor":52,"key":"SMITH"}],"circlet_count":0,"master_deck":["Strike_P+1","Strike_P+1","Defend_P","Defend_P+1","Defend_P+1","Defend_P+1","Eruption+1","Vigilance","FollowUp+1","CarveReality+1","JustLucky+1","LessonLearned+1","BowlingBash+1","FearNoEvil+1","EmptyBody+1","ThirdEye+1","BattleHymn+1","Omniscience+1","CutThroughFate+1","Consecrate+1","Scrawl","EmptyFist+1","Meditate+1","Vault+1","EmptyBody+1","FlurryOfBlows+1","DevaForm+1","EmptyFist+1","TalkToTheHand+1","Fasting2","Discovery+1","FlurryOfBlows+1","Vengeance+1","InnerPeace","Tantrum+1","Halt+1","Tantrum+1","Halt+1","FlurryOfBlows"],"relics":["PureWater","Bag of Preparation","Pen Nib","Golden Idol","Letter Opener","Omamori","Odd Mushroom","Smiling Mask","Cursed Key","Strawberry","Akabeko","Anchor","White Beast Statue","Runic Pyramid","Bronze Scales","Whetstone","FossilizedHelix","War Paint","Art of War","Nunchaku","Toy Ornithopter"],"acts_visited":["Exordium","TheCity","TheBeyond","TheEnding"],"potions_floor_usage":[50,54,55,55],"damage_taken":[{"damage":0.0,"enemies":"2 Louse","floor":1.0,"turns":2.0},{"damage":0.0,"enemies":"Small Slimes","floor":3.0,"turns":2.0},{"damage":0.0,"enemies":"Jaw Worm","floor":5.0,"turns":2.0},{"damage":0.0,"enemies":"Lagavulin","floor":7.0,"turns":4.0},{"damage":0.0,"enemies":"Gremlin Gang","floor":8.0,"turns":4.0},{"damage":0.0,"enemies":"2 Fungi Beasts","floor":11.0,"turns":2.0},{"damage":0.0,"enemies":"The Mushroom Lair","floor":13.0,"turns":3.0},{"damage":10.0,"enemies":"3 Sentries","floor":14.0,"turns":7.0},{"damage":32.0,"enemies":"Hexaghost","floor":16.0,"turns":9.0},{"damage":14.0,"enemies":"Shell Parasite","floor":18.0,"turns":4.0},{"damage":3.0,"enemies":"3 Byrds","floor":19.0,"turns":4.0},{"damage":0.0,"enemies":"Shelled Parasite and Fungi","floor":23.0,"turns":2.0},{"damage":5.0,"enemies":"Centurion and Healer","floor":25.0,"turns":10.0},{"damage":24.0,"enemies":"Slavers","floor":27.0,"turns":4.0},{"damage":0.0,"enemies":"Gremlin Leader","floor":29.0,"turns":3.0},{"damage":0.0,"enemies":"Chosen and Byrds","floor":31.0,"turns":5.0},{"damage":61.0,"enemies":"Automaton","floor":33.0,"turns":9.0},{"damage":0.0,"enemies":"3 Darklings","floor":35.0,"turns":4.0},{"damage":5.0,"enemies":"Orb Walker","floor":36.0,"turns":4.0},{"damage":0.0,"enemies":"Maw","floor":39.0,"turns":8.0},{"damage":3.0,"enemies":"Giant Head","floor":40.0,"turns":7.0},{"damage":0.0,"enemies":"Mind Bloom Boss Battle","floor":41.0,"turns":4.0},{"damage":0.0,"enemies":"Nemesis","floor":42.0,"turns":3.0},{"damage":0.0,"enemies":"Spire Growth","floor":46.0,"turns":3.0},{"damage":21.0,"enemies":"Writhing Mass","floor":47.0,"turns":5.0},{"damage":8.0,"enemies":"Giant Head","floor":48.0,"turns":8.0},{"damage":33,"enemies":"Awakened One","floor":50,"turns":7},{"damage":6,"enemies":"Shield and Spear","floor":54,"turns":4},{"damage":58,"enemies":"The Heart","floor":55,"turns":9}],"seed_played":"-9043567079231145934","potions_obtained":[{"floor":1.0,"key":"Regen Potion"},{"floor":3.0,"key":"SkillPotion"},{"floor":8.0,"key":"SteroidPotion"},{"floor":13.0,"key":"EntropicBrew"},{"floor":18.0,"key":"Dexterity Potion"},{"floor":19.0,"key":"DuplicationPotion"},{"floor":29.0,"key":"Swift Potion"},{"floor":31.0,"key":"Dexterity Potion"},{"floor":33.0,"key":"Block Potion"},{"floor":35.0,"key":"Fruit Juice"},{"floor":36.0,"key":"SkillPotion"},{"floor":48.0,"key":"Weak Potion"},{"floor":54,"key":"Explosive Potion"}],"is_trial":false,"path_per_floor":["M","?","M","?","M","R","E","M","T","$","M","R","?","E","R","B",null,"M","M","?","?","$","M","R","M","T","E","R","E","?","M","R","B",null,"M","M","$","?","M","E","?","E","T","R","$","M","M","E","R","B",null,"R","$","E","B",null],"character_chosen":"WATCHER","items_purchased":["FearNoEvil","EmptyBody","Scrawl","Fasting2","Bronze Scales","Art of War","CultistPotion","PowerPotion"],"campfire_rested":2,"item_purchase_floors":[10,10,22,37,37,45,45,53],"current_hp_per_floor":[65,58,58,58,58,58,58,58,58,58,58,58,58,48,48,31,58,44,41,41,63,63,63,63,58,65,41,63,63,63,63,63,2,56,56,56,56,56,56,53,53,53,53,53,53,53,32,24,47,14,63,63,63,57,9],"gold":80,"neow_bonus":"RANDOM_COMMON_RELIC","is_daily":false,"chose_seed":false,"campfire_upgraded":6,"win_rate":0.0,"timestamp":1612467432,"path_taken":["M","?","M","?","M","R","E","M","T","?","?","R","?","E","R","BOSS","M","M","?","?","$","M","R","M","T","E","R","E","?","M","R","BOSS","M","M","$","?","M","E","?","E","T","R","?","M","?","E","R","BOSS","R","$","E","BOSS"],"items_purchased_type":["Card","Card","Card","Card","Relic","Relic","Potion","Potion"],"build_version":"2020-12-18","purchased_purges":1,"victory":true,"max_hp_per_floor":[72,72,72,67,67,67,67,67,67,67,67,67,67,67,67,67,67,67,67,67,67,67,67,67,67,74,74,74,74,74,74,74,74,74,74,79,79,79,79,79,79,79,79,79,79,79,79,79,79,79,79,79,79,79,79],"relic_stats":{"counters":[29,142],"Golden Idol":233,"Pen Nib":[45],"Bag of Preparation":[58],"Letter Opener":[227],"Whetstone":["FlurryOfBlows","FollowUp"],"War Paint":["Meditate","Vengeance"],"Smiling Mask":0,"Cursed Key":2,"Nunchaku":[9],"Bronze Scales":[195],"Art of War":[1],"obtain_stats":[{"Golden Idol":4,"Pen Nib":2,"Bag of Preparation":0,"Omamori":9,"Letter Opener":7,"Whetstone":40,"Odd Mushroom":13,"War Paint":42,"Smiling Mask":14,"Cursed Key":17,"Akabeko":27,"White Beast Statue":30,"Anchor":29,"Nunchaku":48,"Strawberry":26,"Bronze Scales":37,"Art of War":45,"PureWater":0,"FossilizedHelix":41,"Toy Ornithopter":54,"Runic Pyramid":34},{"Golden Idol":2,"Pen Nib":1,"Bag of Preparation":0,"Omamori":5,"Letter Opener":4,"Whetstone":21,"Odd Mushroom":7,"War Paint":23,"Smiling Mask":8,"Cursed Key":9,"Akabeko":14,"White Beast Statue":15,"Anchor":15,"Nunchaku":26,"Strawberry":13,"Bronze Scales":19,"Art of War":23,"PureWater":0,"FossilizedHelix":22,"Toy Ornithopter":28,"Runic Pyramid":17},{"Golden Idol":4,"Pen Nib":2,"Bag of Preparation":0,"Omamori":14,"Letter Opener":10,"Whetstone":99,"Odd Mushroom":19,"War Paint":106,"Smiling Mask":26,"Cursed Key":35,"Akabeko":59,"White Beast Statue":62,"Anchor":62,"Nunchaku":122,"Strawberry":55,"Bronze Scales":84,"Art of War":106,"PureWater":0,"FossilizedHelix":103,"Toy Ornithopter":133,"Runic Pyramid":76}],"Toy Ornithopter":10},"card_choices":[{"not_picked":["EmptyMind","Wireheading"],"picked":"FollowUp","floor":1.0},{"not_picked":["Fasting2","ForeignInfluence"],"picked":"CarveReality","floor":3.0},{"not_picked":["PathToVictory","Protect"],"picked":"JustLucky","floor":5.0},{"not_picked":["EmptyFist","ThirdEye"],"picked":"LessonLearned","floor":7.0},{"not_picked":["Wireheading","Sanctity"],"picked":"BowlingBash","floor":8.0},{"not_picked":["Vengeance","CrushJoints"],"picked":"ThirdEye","floor":11.0},{"not_picked":["Meditate","Protect"],"picked":"BattleHymn","floor":13.0},{"not_picked":["SashWhip","FlyingSleeves","FollowUp"],"picked":"SKIP","floor":14.0},{"not_picked":["Judgement","ConjureBlade"],"picked":"Omniscience","floor":16.0},{"not_picked":["CrushJoints+1","EmptyBody"],"picked":"CutThroughFate+1","floor":18.0},{"not_picked":["SignatureMove+1","SashWhip"],"picked":"Consecrate","floor":19.0},{"not_picked":["Consecrate","SashWhip"],"picked":"EmptyFist+1","floor":23.0},{"not_picked":["Halt","FollowUp"],"picked":"Meditate","floor":25.0},{"not_picked":["Fasting2","BowlingBash"],"picked":"Vault","floor":27.0},{"not_picked":["Swivel","Collect+1"],"picked":"EmptyBody+1","floor":29.0},{"not_picked":["EmptyBody","Protect"],"picked":"FlurryOfBlows","floor":31.0},{"not_picked":["LessonLearned","Ragnarok"],"picked":"DevaForm","floor":33.0},{"not_picked":["DeceiveReality","ForeignInfluence"],"picked":"EmptyFist","floor":35.0},{"not_picked":["FlyingSleeves+1","EmptyBody"],"picked":"TalkToTheHand+1","floor":36.0},{"not_picked":["Forethought","Enlightenment"],"picked":"Discovery","floor":38.0},{"not_picked":["CrushJoints","Collect+1"],"picked":"FlurryOfBlows+1","floor":39.0},{"not_picked":["EmptyBody+1","Halt"],"picked":"Vengeance","floor":40.0},{"not_picked":["ClearTheMind+1","EmptyBody+1"],"picked":"InnerPeace","floor":41.0},{"not_picked":["Consecrate","Indignation+1"],"picked":"Tantrum+1","floor":42.0},{"not_picked":["BowlingBash","Pray"],"picked":"Halt+1","floor":46.0},{"not_picked":["Ragnarok","CrushJoints+1"],"picked":"Tantrum+1","floor":47.0},{"not_picked":["ClearTheMind+1","JustLucky+1"],"picked":"Halt+1","floor":48.0},{"not_picked":["CutThroughFate","Evaluate"],"picked":"FlurryOfBlows","floor":54}],"player_experience":3008105,"relics_obtained":[{"floor":7.0,"key":"Letter Opener"},{"floor":9.0,"key":"Omamori"},{"floor":13.0,"key":"Odd Mushroom"},{"floor":14.0,"key":"Smiling Mask"},{"floor":26.0,"key":"Strawberry"},{"floor":27.0,"key":"Akabeko"},{"floor":29.0,"key":"Anchor"},{"floor":40.0,"key":"Whetstone"},{"floor":41.0,"key":"FossilizedHelix"},{"floor":42.0,"key":"War Paint"},{"floor":48.0,"key":"Nunchaku"},{"floor":54,"key":"Toy Ornithopter"}],"event_choices":[{"damage_healed":0.0,"max_hp_gain":0.0,"max_hp_loss":0.0,"gold_gain":0.0,"event_name":"Scrap Ooze","player_choice":"Success","floor":2.0,"gold_loss":0.0,"damage_taken":7.0,"relics_obtained":["Pen Nib"]},{"damage_healed":0.0,"max_hp_gain":0.0,"max_hp_loss":5.0,"gold_gain":0.0,"event_name":"Golden Idol","player_choice":"Lose Max HP","floor":4.0,"gold_loss":0.0,"damage_taken":0.0,"relics_obtained":["Golden Idol"]},{"damage_healed":0.0,"max_hp_gain":0.0,"max_hp_loss":0.0,"gold_gain":0.0,"event_name":"Mushrooms","player_choice":"Fought Mushrooms","floor":13.0,"gold_loss":0.0,"damage_taken":0.0},{"cards_removed":["Strike_P"],"damage_healed":0.0,"max_hp_gain":0.0,"max_hp_loss":0.0,"gold_gain":0.0,"event_name":"Beggar","player_choice":"Gave Gold","floor":20.0,"gold_loss":75.0,"damage_taken":0.0},{"damage_healed":22.0,"max_hp_gain":0.0,"max_hp_loss":0.0,"gold_gain":0.0,"event_name":"The Library","player_choice":"Heal","floor":21.0,"gold_loss":0.0,"damage_taken":0.0},{"damage_healed":0.0,"max_hp_gain":0.0,"max_hp_loss":0.0,"gold_gain":0.0,"event_name":"Addict","player_choice":"Obtained Relic","floor":30.0,"gold_loss":85.0,"damage_taken":0.0,"relics_obtained":["White Beast Statue"]},{"damage_healed":0.0,"max_hp_gain":0.0,"max_hp_loss":0.0,"gold_gain":0.0,"event_name":"SensoryStone","player_choice":"Memory 1","floor":38.0,"gold_loss":0.0,"damage_taken":0.0},{"damage_healed":0.0,"max_hp_gain":0.0,"max_hp_loss":0.0,"gold_gain":0.0,"event_name":"MindBloom","player_choice":"Fight","floor":41.0,"gold_loss":0.0,"damage_taken":0.0}],"is_beta":true,"boss_relics":[{"not_picked":["Snecko Eye","Velvet Choker"],"picked":"Cursed Key"},{"not_picked":["Black Star","Runic Dome"],"picked":"Runic Pyramid"}],"items_purged_floors":[10],"is_endless":false,"potions_floor_spawned":[1,3,8,13,14,18,19,29,31,33,35,36,39,40,41,42,46,47,48,54],"ascension_level":7}}