{"host":"hk3n60c9tb8azi3z","time":1612477319,"event":{"mods":["AchievementEnabler","BaseMod","Minty Spire (QoL Compilation)","Relic Sorter","Relic Stats"],"gold_per_floor":[14,14,30,30,43,68,68,68,68,106,256,39,60,78,78,176,176,197,197,197,222,222,222,241,290,372,386,386,386],"floor_reached":28,"language":"ENG","playtime":1416,"items_purged":[],"score":456,"play_id":"54db38ec-c3c3-429d-b342-2643ba565cf6","local_time":"20210204232159","is_ascension_mode":true,"campfire_choices":[{"data":"Bash","floor":8,"key":"SMITH"},{"data":"Perfected Strike","floor":15,"key":"SMITH"},{"floor":23,"key":"REST"}],"circlet_count":0,"master_deck":["AscendersBane","Bash+1","Ghostly Armor","Feel No Pain","Shrug It Off","Twin Strike","True Grit","Double Tap","Immolate","Iron Wave","Ghostly Armor","Pummel","Brutality","Berserk","Wild Strike","Feel No Pain","Uppercut","Intimidate","Shrug It Off","Entrench","Rupture","Disarm"],"relics":["Burning Blood","StoneCalendar","InkBottle","Paper Frog","Golden Idol","Bag of Marbles","Omamori","Oddly Smooth Stone","Pandora\u0027s Box","Blood Vial","Darkstone Periapt"],"acts_visited":["Exordium","TheCity"],"potions_floor_usage":[3,6,10,13,18,21,27],"damage_taken":[{"damage":7,"enemies":"Small Slimes","floor":1,"turns":3},{"damage":11,"enemies":"Cultist","floor":3,"turns":6},{"damage":1,"enemies":"2 Louse","floor":5,"turns":4},{"damage":7,"enemies":"Lagavulin","floor":6,"turns":7},{"damage":25,"enemies":"Gremlin Nob","floor":10,"turns":4},{"damage":1,"enemies":"2 Fungi Beasts","floor":13,"turns":5},{"damage":0,"enemies":"3 Louse","floor":14,"turns":6},{"damage":36,"enemies":"Hexaghost","floor":16,"turns":9},{"damage":51,"enemies":"2 Thieves","floor":18,"turns":5},{"damage":4,"enemies":"Shell Parasite","floor":21,"turns":5},{"damage":21,"enemies":"Centurion and Healer","floor":24,"turns":7},{"damage":17,"enemies":"Snake Plant","floor":27,"turns":7},{"damage":9,"enemies":"Book of Stabbing","floor":28,"turns":3}],"seed_played":"6025523182760088633","potions_obtained":[{"floor":1,"key":"Block Potion"},{"floor":5,"key":"Energy Potion"},{"floor":6,"key":"Fire Potion"},{"floor":10,"key":"Energy Potion"},{"floor":16,"key":"ColorlessPotion"},{"floor":18,"key":"ColorlessPotion"},{"floor":24,"key":"Swift Potion"}],"is_trial":false,"path_per_floor":["M","?","M","?","M","E","?","R","T","E","?","$","M","M","R","B",null,"M","?","?","M","?","R","M","T","T","M","E"],"character_chosen":"IRONCLAD","items_purchased":["Oddly Smooth Stone","True Grit"],"campfire_rested":1,"item_purchase_floors":[12,12],"current_hp_per_floor":[67,67,62,44,49,48,48,48,48,29,29,29,34,40,40,10,54,9,9,9,11,11,31,16,16,16,7,0,0],"gold":386,"neow_bonus":"ONE_RARE_RELIC","is_daily":false,"chose_seed":false,"campfire_upgraded":2,"win_rate":0.0,"timestamp":1612477319,"path_taken":["M","?","?","?","M","E","?","R","T","E","?","$","M","M","R","BOSS","M","?","?","M","?","R","M","?","T","M","E"],"items_purchased_type":["Relic","Card"],"build_version":"2020-12-22","purchased_purges":0,"victory":false,"max_hp_per_floor":[75,75,75,75,75,75,68,68,68,68,68,68,68,68,68,68,68,68,68,68,68,68,68,68,68,68,68,68,68],"relic_stats":{"Blood Vial":4,"Darkstone Periapt":0,"counters":[13,71],"Golden Idol":52,"StoneCalendar":[92],"Pandora\u0027s Box":["Iron Wave","Ghostly Armor","Pummel","Brutality","Berserk","Havoc","Wild Strike","Feel No Pain"],"obtain_stats":[{"Blood Vial":25,"Darkstone Periapt":26,"Golden Idol":7,"Oddly Smooth Stone":12,"StoneCalendar":0,"Pandora\u0027s Box":17,"Bag of Marbles":9,"Omamori":10,"Burning Blood":0,"InkBottle":4,"Paper Frog":6},{"Blood Vial":11,"Darkstone Periapt":11,"Golden Idol":4,"Oddly Smooth Stone":5,"StoneCalendar":0,"Pandora\u0027s Box":8,"Bag of Marbles":4,"Omamori":5,"Burning Blood":0,"InkBottle":2,"Paper Frog":4},{"Blood Vial":61,"Darkstone Periapt":61,"Golden Idol":20,"Oddly Smooth Stone":24,"StoneCalendar":0,"Pandora\u0027s Box":44,"Bag of Marbles":20,"Omamori":24,"Burning Blood":0,"InkBottle":9,"Paper Frog":20}],"Burning Blood":72,"InkBottle":[18]},"card_choices":[{"not_picked":["Warcry","Havoc"],"picked":"Ghostly Armor","floor":1},{"not_picked":["Flex","Rampage"],"picked":"Feel No Pain","floor":3},{"not_picked":["Body Slam","Clothesline"],"picked":"Havoc","floor":5},{"not_picked":["Double Tap","Body Slam"],"picked":"Shrug It Off","floor":6},{"not_picked":["Dropkick","Wild Strike"],"picked":"Twin Strike","floor":10},{"not_picked":["Clash","Iron Wave"],"picked":"Perfected Strike","floor":13},{"not_picked":["Iron Wave","Cleave"],"picked":"Double Tap","floor":14},{"not_picked":["Reaper","Brutality"],"picked":"Immolate","floor":16},{"not_picked":["Body Slam","Perfected Strike"],"picked":"Uppercut","floor":18},{"not_picked":["Iron Wave","Sentinel"],"picked":"Entrench","floor":21},{"not_picked":["Dropkick","True Grit"],"picked":"Rupture","floor":24},{"not_picked":["Iron Wave","Pommel Strike"],"picked":"Disarm","floor":27}],"player_experience":1657285,"relics_obtained":[{"floor":6,"key":"Paper Frog"},{"floor":9,"key":"Bag of Marbles"},{"floor":10,"key":"Omamori"},{"floor":25,"key":"Blood Vial"},{"floor":26,"key":"Darkstone Periapt"}],"event_choices":[{"cards_removed":["Strike_R"],"damage_healed":0,"gold_gain":0,"player_choice":"Purged","damage_taken":0,"max_hp_gain":0,"max_hp_loss":0,"event_name":"Purifier","floor":2,"gold_loss":0},{"damage_healed":0,"gold_gain":0,"player_choice":"Success","damage_taken":18,"relics_obtained":["InkBottle"],"max_hp_gain":0,"max_hp_loss":0,"event_name":"Scrap Ooze","floor":4,"gold_loss":0},{"damage_healed":0,"gold_gain":0,"player_choice":"Lose Max HP","damage_taken":0,"relics_obtained":["Golden Idol"],"max_hp_gain":0,"max_hp_loss":7,"event_name":"Golden Idol","floor":7,"gold_loss":0},{"damage_healed":0,"gold_gain":150,"player_choice":"AGREE","damage_taken":0,"max_hp_gain":0,"max_hp_loss":0,"event_name":"Liars Game","floor":11,"gold_loss":0,"cards_obtained":["Doubt"]},{"damage_healed":0,"gold_gain":0,"player_choice":"Ignored","damage_taken":0,"max_hp_gain":0,"max_hp_loss":0,"event_name":"Ghosts","floor":19,"gold_loss":0},{"damage_healed":0,"gold_gain":0,"cards_transformed":["Perfected Strike","Havoc"],"player_choice":"Became Test Subject","damage_taken":0,"max_hp_gain":0,"max_hp_loss":0,"event_name":"Drug Dealer","floor":20,"gold_loss":0,"cards_obtained":["Intimidate","Shrug It Off"]},{"cards_removed":["Havoc"],"damage_healed":0,"gold_gain":0,"player_choice":"Elegance","damage_taken":0,"max_hp_gain":0,"max_hp_loss":0,"event_name":"Back to Basics","floor":22,"gold_loss":0}],"is_beta":false,"boss_relics":[{"not_picked":["Astrolabe","Ectoplasm"],"picked":"Pandora\u0027s Box"}],"items_purged_floors":[],"is_endless":false,"potions_floor_spawned":[1,5,6,10,16,18,24],"killed_by":"Book of Stabbing","ascension_level":20}}