{"host":"wf1r1zhguvoo22rf","time":1612462710,"event":{"mods":["BaseMod","Colored Powertips","Minty Spire (QoL Compilation)","StSLib"],"gold_per_floor":[99,99,31,31,31,31,31,31,31,31,31,31,31,31,31,31,31,31,31,31,31,31,31,31,31,31,31,31],"floor_reached":27,"language":"ENG","playtime":1235,"items_purged":[],"score":282,"play_id":"8b3a346d-4618-4b8c-bee8-a990fdbdd520","local_time":"20210204201830","is_ascension_mode":true,"campfire_choices":[{"floor":7,"key":"REST"},{"floor":11,"key":"REST"},{"floor":15,"key":"REST"},{"floor":23,"key":"REST"}],"circlet_count":0,"master_deck":["Strike_G","Strike_G","Strike_G","Strike_G","Strike_G","Defend_G","Defend_G","Defend_G+1","Defend_G+1","Defend_G","Survivor","Neutralize","Footwork","Caltrops","PiercingWail","Deadly Poison","Deflect","Flechettes","Dagger Spray","Bouncing Flask","CurseOfTheBell","Poisoned Stab+1","Necronomicurse","Distraction","Poisoned Stab"],"relics":["Ectoplasm","Shuriken","Letter Opener","Blue Candle","War Paint","Singing Bowl","Calling Bell","Happy Flower","The Courier","Unceasing Top","Necronomicon","InkBottle","Paper Crane"],"acts_visited":["Exordium","TheCity"],"potions_floor_usage":[6,10,22,27,27,27],"damage_taken":[{"damage":0,"enemies":"Jaw Worm","floor":1,"turns":4},{"damage":0,"enemies":"Cultist","floor":4,"turns":4},{"damage":51,"enemies":"Gremlin Nob","floor":6,"turns":7},{"damage":18,"enemies":"3 Sentries","floor":8,"turns":11},{"damage":0,"enemies":"Lagavulin","floor":10,"turns":6},{"damage":0,"enemies":"2 Louse","floor":12,"turns":3},{"damage":1,"enemies":"Exordium Wildlife","floor":14,"turns":3},{"damage":11,"enemies":"Hexaghost","floor":16,"turns":8},{"damage":19,"enemies":"3 Byrds","floor":18,"turns":3},{"damage":23,"enemies":"Chosen","floor":21,"turns":5},{"damage":0,"enemies":"Snake Plant","floor":22,"turns":1},{"damage":32,"enemies":"Shelled Parasite and Fungi","floor":24,"turns":6},{"damage":7,"enemies":"Slavers","floor":27,"turns":1}],"seed_played":"9206072135291697793","potions_obtained":[{"floor":4,"key":"DuplicationPotion"},{"floor":6,"key":"SmokeBomb"},{"floor":8,"key":"DistilledChaos"},{"floor":16,"key":"Strength Potion"},{"floor":18,"key":"CunningPotion"},{"floor":24,"key":"Weak Potion"}],"is_trial":false,"path_per_floor":["M","?","$","M","$","E","R","E","T","E","R","M","T","M","R","B",null,"M","?","T","M","M","R","M","$","T","E"],"character_chosen":"THE_SILENT","items_purchased":["Caltrops"],"campfire_rested":4,"item_purchase_floors":[3],"current_hp_per_floor":[70,70,70,70,70,19,40,22,22,22,43,43,43,42,63,54,72,53,37,37,14,14,35,3,3,3,0,0],"gold":31,"neow_bonus":"BOSS_RELIC","is_daily":false,"chose_seed":false,"campfire_upgraded":0,"win_rate":0.0,"timestamp":1612462710,"path_taken":["M","?","?","?","$","E","R","E","T","E","R","M","?","?","R","BOSS","M","?","?","?","?","R","M","?","T","E"],"items_purchased_type":["Card"],"build_version":"2020-12-22","purchased_purges":0,"victory":false,"max_hp_per_floor":[70,70,70,70,70,70,70,70,70,70,70,70,70,70,70,72,72,72,72,72,72,72,72,72,72,72,72,72],"card_choices":[{"not_picked":["Cloak And Dagger","Underhanded Strike"],"picked":"Footwork","floor":1},{"not_picked":["Sucker Punch","Quick Slash"],"picked":"PiercingWail","floor":4},{"not_picked":["Backflip","Sucker Punch"],"picked":"Deadly Poison","floor":6},{"not_picked":["Predator","Underhanded Strike"],"picked":"Deflect","floor":8},{"not_picked":["Finisher","Masterful Stab"],"picked":"Flechettes","floor":10},{"not_picked":["Skewer","Deflect"],"picked":"Dagger Spray","floor":12},{"not_picked":["Outmaneuver","Prepared"],"picked":"Bouncing Flask","floor":14},{"not_picked":["Tools of the Trade","Unload","Wraith Form v2"],"picked":"Singing Bowl","floor":16},{"not_picked":["Acrobatics","PiercingWail"],"picked":"Poisoned Stab+1","floor":18},{"not_picked":["Leg Sweep+1","Blur"],"picked":"Distraction","floor":21},{"not_picked":["Deflect","Acrobatics+1"],"picked":"Poisoned Stab","floor":24}],"player_experience":223002,"relics_obtained":[{"floor":6,"key":"Shuriken"},{"floor":8,"key":"Letter Opener"},{"floor":9,"key":"Blue Candle"},{"floor":10,"key":"War Paint"},{"floor":13,"key":"Singing Bowl"},{"floor":17,"key":"Happy Flower"},{"floor":17,"key":"The Courier"},{"floor":17,"key":"Unceasing Top"},{"floor":19,"key":"Necronomicon"},{"floor":20,"key":"InkBottle"},{"floor":26,"key":"Paper Crane"}],"event_choices":[{"damage_healed":0,"gold_gain":0,"player_choice":"Leave","damage_taken":0,"max_hp_gain":0,"max_hp_loss":0,"event_name":"The Cleric","floor":2,"gold_loss":0},{"damage_healed":0,"gold_gain":0,"player_choice":"Obtained Book","damage_taken":16,"max_hp_gain":0,"max_hp_loss":0,"event_name":"Cursed Tome","floor":19,"gold_loss":0}],"is_beta":false,"boss_relics":[{"not_picked":["Fusion Hammer","Pandora\u0027s Box"],"picked":"Calling Bell"}],"items_purged_floors":[],"is_endless":false,"potions_floor_spawned":[4,6,8,16,18,21,24],"killed_by":"Slavers","ascension_level":2}}