{"host":"j9610sde00vfp93k","time":1612425949,"event":{"mods":["AchievementEnabler","BaseMod","Minty Spire (QoL Compilation)","StSLib","SuperFastMode"],"gold_per_floor":[115,127,52,65,82,116,116,116,170,125,125,80,155,155,155],"floor_reached":14,"language":"ENG","playtime":698,"items_purged":["Blasphemy"],"score":88,"play_id":"62344833-dd4c-4514-b873-3d00fed6b716","local_time":"20210204160549","is_ascension_mode":false,"campfire_choices":[{"floor":7,"key":"REST"},{"data":"Eruption","floor":11,"key":"SMITH"}],"circlet_count":0,"master_deck":["Strike_P","Strike_P","Strike_P","Strike_P","Defend_P","Defend_P","Defend_P","Defend_P","Eruption+1","Vigilance","Prostrate","EmptyBody","Prostrate","PathToVictory","Halt","PathToVictory","Prostrate"],"relics":["PureWater","Ornamental Fan","Golden Idol","MealTicket"],"acts_visited":["Exordium"],"potions_floor_usage":[6],"damage_taken":[{"damage":4,"enemies":"Small Slimes","floor":1,"turns":5},{"damage":0,"enemies":"Jaw Worm","floor":2,"turns":3},{"damage":1,"enemies":"Cultist","floor":4,"turns":4},{"damage":23,"enemies":"Lots of Slimes","floor":5,"turns":7},{"damage":43,"enemies":"Gremlin Nob","floor":6,"turns":6},{"damage":45,"enemies":"3 Sentries","floor":14,"turns":10}],"seed_played":"2752281683640560444","potions_obtained":[{"floor":4,"key":"Strength Potion"}],"is_trial":false,"path_per_floor":["M","M","$","M","M","E","R","?","T","$","R","$","?","E"],"character_chosen":"WATCHER","items_purchased":["PathToVictory","Prostrate"],"campfire_rested":1,"item_purchase_floors":[10,12],"current_hp_per_floor":[68,68,68,67,44,1,22,22,22,37,37,52,41,0,0],"gold":155,"neow_bonus":"ONE_RANDOM_RARE_CARD","is_daily":false,"chose_seed":false,"campfire_upgraded":1,"win_rate":0.0,"timestamp":1612425949,"path_taken":["M","M","$","M","M","E","R","?","T","$","R","$","?","E"],"items_purchased_type":["Card","Card"],"build_version":"2020-12-22","purchased_purges":1,"victory":false,"max_hp_per_floor":[72,72,72,72,72,72,72,67,67,67,67,67,67,67,67],"card_choices":[{"not_picked":["BowlingBash","CrushJoints"],"picked":"Prostrate","floor":1},{"not_picked":["FlurryOfBlows","ForeignInfluence"],"picked":"EmptyBody","floor":2},{"not_picked":["ClearTheMind","WheelKick"],"picked":"Prostrate","floor":4},{"not_picked":["MentalFortress","Wallop"],"picked":"PathToVictory","floor":5},{"not_picked":["CrushJoints","FlurryOfBlows"],"picked":"Halt","floor":6}],"player_experience":192997,"relics_obtained":[{"floor":6,"key":"Ornamental Fan"},{"floor":9,"key":"MealTicket"}],"event_choices":[{"damage_healed":0,"gold_gain":0,"player_choice":"Lose Max HP","damage_taken":0,"relics_obtained":["Golden Idol"],"max_hp_gain":0,"max_hp_loss":5,"event_name":"Golden Idol","floor":8,"gold_loss":0},{"damage_healed":0,"gold_gain":75,"player_choice":"Gather Gold","damage_taken":11,"max_hp_gain":0,"max_hp_loss":0,"event_name":"World of Goop","floor":13,"gold_loss":0}],"is_beta":false,"boss_relics":[],"items_purged_floors":[3],"is_endless":false,"potions_floor_spawned":[4],"killed_by":"3 Sentries","ascension_level":0}}