{"host":"h51tltv0izczgxti","time":1612410845,"event":{"mods":["2.2 Compatiblity","AchievementEnabler","Act Like it!","Aspiration","BaseMod","Beaked The Cultist","Better Altar","Better Match","Better Note","Better Sensory Stone","Better Skull","Better Third Choice","Better Vampires","BetterRewards","Clockwork Mod","Gensokyo","Halation","Hallownest","Hermit","HololiveMod","Hubris","Infinite Spire","Koishi","Mad Scientist","Magitek Elite","Marisa????????","Melee Mod","Minty Spire (QoL Compilation)","Pale of the Ancients","Poor People Problems","Prisma Mod","Random Character Button","Relic Filter Mod","Reliquary","Remilia??????","Replay The Spire","Retaliation","Robot Space Explorer","Shade Mod","Spicy Shops","Spire Arcade","StS++","StSLib","Strawberry Spire","The Animator","The Bug Knight","The Gatherer","The Kombatant","The Poker Player","The Servant 0.9.4","The Wild Card","TheBandit","WarShipGirlsR/????R mod","Yuyuko"],"gold_per_floor":[111,323,198,198,128,128,154,164,189,19,19,19,54,70,70,166,166,185,185,9,23,23,48,48,48,100,100,116,129,54,54,54,54,54],"floor_reached":33,"language":"ENG","playtime":2217,"items_purged":[],"score":280,"play_id":"7a2df75d-c483-40c9-92a3-da4d33ba9be9","local_time":"20210203215405","is_ascension_mode":true,"campfire_choices":[{"floor":6,"key":"REST"},{"data":"MadScienceMod:Refuel","floor":25,"key":"SMITH"}],"circlet_count":0,"master_deck":["MadScienceMod:Strike_MadScience","MadScienceMod:Defend_MadScience","MadScienceMod:Defend_MadScience+1","MadScienceMod:Defend_MadScience+1","MadScienceMod:PoweredStrike","MadScienceMod:HideBehindJunk","MadScienceMod:OilDrum+1","MadScienceMod:GattlingGun","MadScienceMod:OilDrum+1","MadScienceMod:NowOrNever","MadScienceMod:Sprocket","MadScienceMod:GattlingGun","Bane","StSpp:ChainedTrap+1","MadScienceMod:FlammableWall+1","MadScienceMod:Refuel+1","MadScienceMod:Tinker","MadScienceMod:AcidSpray","Backstab","Adrenaline","Quick Slash","DDmod:MulticlassingSkill","MadScienceMod:ArtilleryShot","MadScienceMod:MechanicalClaw","MadScienceMod:Probe","MadScienceMod:AssemblyLine","Sadistic Nature","MadScienceMod:RecyclingStation","MadScienceMod:LabAccident"],"relics":["MadScienceMod:FuelTank","Vajra","Shuriken","aspiration:Lifesprig","DollysMirror","Gambling Chip","SlaversCollar","Gensokyo:ConquerorOfFear","Potion Belt","reliquary:SilkGlove","Gensokyo:RedStar"],"acts_visited":["Gensokyo:Gensokyo","Gensokyo:Gensokyoer"],"potions_floor_usage":[13,16,23],"damage_taken":[{"damage":3,"enemies":"Gensokyo:Gryphon","floor":1,"turns":5},{"damage":10,"enemies":"Gensokyo:Mamizou","floor":7,"turns":9},{"damage":0,"enemies":"Gensokyo:3_Fairies","floor":8,"turns":4},{"damage":22,"enemies":"Gensokyo:Cirno","floor":13,"turns":8},{"damage":4,"enemies":"Gensokyo:2_Kodama","floor":14,"turns":5},{"damage":17,"enemies":"Gensokyo:Reimu","floor":16,"turns":8},{"damage":5,"enemies":"Gensokyo:CosmicMonolith","floor":18,"turns":7},{"damage":11,"enemies":"Gensokyo:AngelMirror","floor":21,"turns":3},{"damage":7,"enemies":"Gensokyo:Reisen","floor":23,"turns":5},{"damage":12,"enemies":"Gensokyo:Slime_Group","floor":28,"turns":5},{"damage":41,"enemies":"Gensokyo:3_Gloops","floor":29,"turns":7},{"damage":37,"enemies":"Gensokyo:Eternal_Rivals","floor":33,"turns":6}],"seed_played":"-5976925808669376193","potions_obtained":[{"floor":8,"key":"Languid Potion"},{"floor":13,"key":"StSpp:ScatteredPotion"},{"floor":14,"key":"Fire Potion"},{"floor":21,"key":"MadScienceMod:TrinketPotion"},{"floor":29,"key":"SteroidPotion"}],"is_trial":false,"path_per_floor":["M","?","$","$","?","R","E","M","T","COS","$","?","E","M","R","B",null,"M","?","$","M","?","E","$","R","T","?","M","M","?","?","R","B"],"character_chosen":"MAD_SCIENTIST","items_purchased":["MadScienceMod:GattlingGun","MadScienceMod:OilDrum+1","DDmod:MulticlassingSkill","MadScienceMod:ArtilleryShot"],"campfire_rested":1,"item_purchase_floors":[3,3,20,20],"current_hp_per_floor":[79,35,35,35,35,59,49,49,49,49,49,49,27,23,23,6,82,77,77,77,66,66,59,59,59,59,59,47,6,6,11,37,0,0],"gold":54,"neow_bonus":"TEN_PERCENT_HP_BONUS","is_daily":false,"chose_seed":false,"campfire_upgraded":1,"win_rate":0.0,"timestamp":1612410845,"path_taken":["M","?","?","$","?","R","E","M","T","COS","?","?","E","?","R","BOSS","M","?","?","M","?","E","$","R","T","?","M","?","?","?","R","BOSS"],"items_purchased_type":["Card","Card","Card","Card"],"build_version":"2020-12-22","purchased_purges":0,"victory":false,"max_hp_per_floor":[82,82,82,82,82,82,82,82,82,82,82,82,82,82,82,82,82,82,82,82,82,82,82,82,82,82,82,82,82,82,87,87,44,44],"card_choices":[{"not_picked":["MadScienceMod:PowerArmor","MadScienceMod:BoxOfScraps"],"picked":"MadScienceMod:OilDrum","floor":1},{"not_picked":["MadScienceMod:AcidSpray","MadScienceMod:AutoStrike"],"picked":"MadScienceMod:NowOrNever","floor":7},{"not_picked":["MadScienceMod:ShrinkRay","MadScienceMod:AutoStrike"],"picked":"MadScienceMod:Sprocket","floor":8},{"not_picked":["MadScienceMod:FumeBlast+1","MadScienceMod:FlexibleSpear+1"],"picked":"MadScienceMod:FlammableWall+1","floor":13},{"not_picked":["MadScienceMod:Detonate","MadScienceMod:MakeOrBreak"],"picked":"MadScienceMod:AntimatterBomb","floor":13},{"not_picked":["MadScienceMod:GattlingGun","MadScienceMod:Detonate"],"picked":"MadScienceMod:Refuel","floor":14},{"not_picked":["MadScienceMod:GoldenGun","MadScienceMod:Liquify"],"picked":"MadScienceMod:Tinker","floor":16},{"not_picked":["MadScienceMod:FumeBlast","MadScienceMod:Redesign"],"picked":"MadScienceMod:AcidSpray","floor":18},{"not_picked":["MadScienceMod:AntimatterBomb","MadScienceMod:OilDrum"],"picked":"MadScienceMod:MechanicalClaw","floor":21},{"not_picked":["MadScienceMod:BandageBot","MadScienceMod:MechanicalClaw"],"picked":"MadScienceMod:Probe","floor":23},{"not_picked":["MadScienceMod:FlameCannon","MadScienceMod:ExploreOptions","MadScienceMod:OilDrum"],"picked":"SKIP","floor":28},{"not_picked":["MadScienceMod:AcidSpray","MadScienceMod:FlexibleSpear"],"picked":"MadScienceMod:AssemblyLine","floor":29},{"not_picked":["Master of Strategy","DDmod:PotionAddictCard"],"picked":"Sadistic Nature","floor":30},{"not_picked":["MadScienceMod:Bayonet","MadScienceMod:MakeOrBreak"],"picked":"MadScienceMod:RecyclingStation","floor":30},{"not_picked":["MadScienceMod:Mechanize","MadScienceMod:CloneVats"],"picked":"MadScienceMod:LabAccident","floor":30}],"player_experience":923178,"relics_obtained":[{"floor":7,"key":"Shuriken"},{"floor":9,"key":"aspiration:Lifesprig"},{"floor":13,"key":"Gambling Chip"},{"floor":23,"key":"Gensokyo:ConquerorOfFear"},{"floor":23,"key":"Potion Belt"},{"floor":26,"key":"reliquary:SilkGlove"}],"event_choices":[{"damage_healed":0,"gold_gain":212,"player_choice":"GO GO UP RE ","damage_taken":50,"relics_obtained":["Vajra"],"max_hp_gain":0,"max_hp_loss":0,"event_name":"betterSkull:BetterSkull","floor":2,"gold_loss":0,"cards_upgraded":["MadScienceMod:Defend_MadScience"]},{"damage_healed":0,"gold_gain":0,"player_choice":"1","damage_taken":0,"max_hp_gain":0,"max_hp_loss":0,"event_name":"betterMatch:BetterMatch","floor":30,"gold_loss":0,"cards_obtained":["betterMatch:RareCard","betterMatch:ColorlessRareCard","betterMatch:UncommonCard"]}],"is_beta":false,"boss_relics":[{"not_picked":["aspiration:PoetsPen","Hololive_TopUpMoneyS"],"picked":"SlaversCollar"}],"items_purged_floors":[],"is_endless":false,"potions_floor_spawned":[8,13,14,21,29],"killed_by":"Gensokyo:Eternal_Rivals","ascension_level":1}}