{"host":"jjobdbtkl3y7u1ei","time":1612424715,"event":{"mods":["BaseMod","Colored Map","Colored Powertips","Gremlin Mod","Hermit","Highlight Path","Hubris","Infinite Spire","Marisa????????","Mimic Mod","Minty Spire (QoL Compilation)","Replay The Spire","StSLib","The Cursed","The Death Knight","The Disciple","The Mystic","The Necromancer","The Runesmith","The Servant 0.9.4"],"gold_per_floor":[117,131,142,67,84,111,111,149,149,164,11,37,37,37,37,152,152,164,159,159,34,57,99,113,113],"floor_reached":24,"language":"ENG","playtime":2411,"items_purged":["Strike_W","Defend_W","Strike_W"],"score":226,"play_id":"63c95c19-8bff-4d8d-b9ff-8c1c00b37004","local_time":"20210204024515","is_ascension_mode":false,"campfire_choices":[{"data":"Siphon_Strength","floor":7,"key":"SMITH"},{"data":"Uncharnel","floor":13,"key":"SMITH"},{"data":"Bones_to_Steel","floor":15,"key":"SMITH"}],"circlet_count":0,"master_deck":["Strike_W","Strike_W","Defend_W","Defend_W","Negative_Energy_Arrows","Bone_Wall","Siphon_Strength+1","Finger_Of_Death","Negative_Energy_Shield","Negative_Energy_Bomb","Bone_Prison","Negative_Energy_Mist","Bones_to_Steel+1","Uncharnel+1","Grasp_Heart","Shade_Step","Summon_Lich","Negative_Energy_Mist","Acid_Javelin"],"relics":["Vampire_Amulet","infinitespire:Midas Blood","ReplayTheSpireMod:Lightbulb","infinitespire:Joker Card","Odd Mushroom","hubris:Backtick","Frozen Eye","infinitespire:Lucky Rock"],"acts_visited":["Exordium","TheCity"],"potions_floor_usage":[],"damage_taken":[{"damage":0,"enemies":"2 Louse","floor":1,"turns":4},{"damage":0,"enemies":"Small Slimes","floor":2,"turns":3},{"damage":2,"enemies":"Jaw Worm","floor":3,"turns":3},{"damage":3,"enemies":"2 Fungi Beasts","floor":5,"turns":4},{"damage":25,"enemies":"Lagavulin","floor":6,"turns":9},{"damage":28,"enemies":"Gremlin Nob","floor":8,"turns":5},{"damage":0,"enemies":"Exordium Wildlife","floor":10,"turns":4},{"damage":0,"enemies":"The Mushroom Lair","floor":12,"turns":2},{"damage":32,"enemies":"Fading Forest","floor":16,"turns":11},{"damage":0,"enemies":"Chosen","floor":18,"turns":5},{"damage":22,"enemies":"2 Thieves","floor":19,"turns":4},{"damage":15,"enemies":"Shelled Parasite and Fungi","floor":22,"turns":6},{"damage":31,"enemies":"Slavers","floor":23,"turns":6},{"damage":29,"enemies":"3 Cultists","floor":24,"turns":5}],"seed_played":"7722742546126360951","potions_obtained":[{"floor":2,"key":"Venom Potion"},{"floor":8,"key":"SteroidPotion"},{"floor":12,"key":"FearPotion"}],"is_trial":false,"path_per_floor":["M","M","M","$","M","E","R","E","T","M","$","?","R","$","R","B",null,"M","M","?","$","M","E","M"],"character_chosen":"NECROMANCER","items_purchased":["Bones_to_Steel"],"campfire_rested":0,"item_purchase_floors":[11],"current_hp_per_floor":[75,75,75,75,75,52,52,26,26,30,30,36,36,36,36,22,75,75,55,55,55,44,19,0,0],"gold":113,"neow_bonus":"REMOVE_CARD","is_daily":false,"chose_seed":false,"campfire_upgraded":3,"win_rate":0.0,"timestamp":1612424715,"path_taken":["M","M","M","$","M","E","R","E","T","M","$","?","R","$","R","BOSS","M","M","?","$","M","E","M"],"items_purchased_type":["Card"],"build_version":"2020-12-22","purchased_purges":3,"victory":false,"max_hp_per_floor":[75,75,75,75,75,75,75,75,75,75,75,75,75,75,75,75,75,75,75,75,75,75,75,75,75],"card_choices":[{"not_picked":["Spectral_Armor","Chill_Blood"],"picked":"Siphon_Strength","floor":1},{"not_picked":["Consume_Illness","Bone_Spikes"],"picked":"Finger_Of_Death","floor":2},{"not_picked":["Blood_Curse","Consume_Illness"],"picked":"Negative_Energy_Shield","floor":3},{"not_picked":["Negative_Energy_Javelin","Negative_Energy_Sphere","Bone_Spikes"],"picked":"SKIP","floor":5},{"not_picked":["Bones_to_Steel","Siphon_Strength"],"picked":"Negative_Energy_Bomb","floor":6},{"not_picked":["Necromantic_Selection","Bone_Armor"],"picked":"Bone_Prison","floor":8},{"not_picked":["Chill_Blood","Bone_Prison"],"picked":"Negative_Energy_Mist","floor":10},{"not_picked":["Toxic_Smoke_Screen","Pandemic"],"picked":"Uncharnel","floor":12},{"not_picked":["Summon_Vampire_Lady","Summon_Death_Knight"],"picked":"Grasp_Heart","floor":16},{"not_picked":["Scare+1","Life_Tap"],"picked":"Shade_Step","floor":18},{"not_picked":["Scare","Bone_Spikes+1","Death_Coil"],"picked":"SKIP","floor":19},{"not_picked":["Corrupt","Toxic_Smoke_Screen"],"picked":"Negative_Energy_Mist","floor":22},{"not_picked":["Consume_Illness","Corrupt"],"picked":"Acid_Javelin","floor":23}],"player_experience":325118,"relics_obtained":[{"floor":6,"key":"infinitespire:Midas Blood"},{"floor":8,"key":"ReplayTheSpireMod:Lightbulb"},{"floor":9,"key":"infinitespire:Joker Card"},{"floor":12,"key":"Odd Mushroom"},{"floor":23,"key":"infinitespire:Lucky Rock"}],"event_choices":[{"damage_healed":0,"gold_gain":0,"player_choice":"Fought Mushrooms","damage_taken":0,"max_hp_gain":0,"max_hp_loss":0,"event_name":"Mushrooms","floor":12,"gold_loss":0},{"damage_healed":0,"gold_gain":0,"player_choice":"Read","damage_taken":0,"max_hp_gain":0,"max_hp_loss":0,"event_name":"The Library","floor":20,"gold_loss":0,"cards_obtained":["Summon_Lich"]}],"is_beta":false,"boss_relics":[{"not_picked":["Fusion Hammer","Runesmith:UraniumAnvil"],"picked":"hubris:Backtick"}],"items_purged_floors":[4,11,21],"is_endless":false,"potions_floor_spawned":[2,8,12,19,22,23],"killed_by":"3 Cultists","ascension_level":0}}