{"host":"43gh4c2f6tt319we","time":1612433361,"event":{"mods":["ATMod(∞¢Ë™Mod)","Act Like it!","Arknights","BaseMod","Gensokyo","Hallownest","KinomotoSakuraMod(ƒæ÷Æ±æ”£)","Lobotomy","Minty Spire (QoL Compilation)","Pale of the Ancients","Reimu£®≤©¿ˆ¡È√Œ£©","Remilia£®¿Ÿ√◊¿Ú—«£©","StSLib","The Alterego","The Bug Knight","Yakumo Yukari mod","Youmu£®ªÍ∆«—˝√Œ£©"],"gold_per_floor":[999,1010,940,940,681,681,712,729,759,808,808,305,305,315,332,332,434,434,452,463,300,180,0,0,18,18,18,52,7,18,47,60,60,161,161,172,172,172,82,92,92,92,92],"floor_reached":92,"language":"ZHS","playtime":3480,"items_purged":["ats:Strike G","ats:Defend","ats:Overload"],"score":817,"play_id":"5765e1ae-8bfd-4c5a-80b7-f55ca05294d4","local_time":"20210204190921","is_ascension_mode":false,"campfire_choices":[{"data":"AT_FamilyPortrait","floor":61.0,"key":"SMITH"},{"data":"ats:Shell Defense","floor":63.0,"key":"SMITH"},{"data":"ats:Defend","floor":66.0,"key":"SMITH"},{"data":"ats:Calcification","floor":74.0,"key":"SMITH"},{"data":"ats:Ignite","floor":76.0,"key":"SMITH"},{"data":"ats:Calcification","floor":83.0,"key":"SMITH"},{"data":"ats:Volcano","floor":91.0,"key":"SMITH"}],"circlet_count":0,"master_deck":["ats:Strike C","ats:Defend+1","ats:Defend","ats:Defend","ats:Emotion Absorption+1","AT_FamilyPortrait+1","ats:Mental Burst+1","ats:Shell Defense+1","ats:Ignite","ats:Wolf Pack","HereticApostle","ats:Sunburst","ats:True Silver Slash+1","QueenOfHatred","BlueStar","ats:Calcification+1","ats:Burning Ground+1","WhiteNight","ats:Very Hot Blade","ats:Calcification+1","ats:Volcano+1","ats:Ambush","Gensokyo:CustomPotion"],"relics":["ats:Sanity","AT_ATBox","CogitoBucket","Happy Flower","ats:Arts","ats:Originium","Bronze Scales","InkBottle","Mastiff:ReiMu","Sling","ats:Industrial Water Cannon","Philosopher\u0027s Stone","Gensokyo:DemonMask","Bottled Tornado","Shuriken","ats:Bonebreaker","Sozu","AtMidnight"],"acts_visited":["Exordium","Gensokyo:Gensokyo","Gensokyo:Gensokyoer"],"potions_floor_usage":[],"damage_taken":[{"damage":14.0,"enemies":"Gensokyo:2_Kodama","floor":52.0,"turns":6.0},{"damage":8.0,"enemies":"Gensokyo:Aya","floor":57.0,"turns":3.0},{"damage":0.0,"enemies":"Gensokyo:Gryphon","floor":58.0,"turns":2.0},{"damage":9.0,"enemies":"Gensokyo:Mamizou","floor":59.0,"turns":5.0},{"damage":0.0,"enemies":"Gensokyo:Python","floor":64.0,"turns":2.0},{"damage":3.0,"enemies":"Gensokyo:2_Rabbits","floor":65.0,"turns":4.0},{"damage":0.0,"enemies":"Gensokyo:Reimu","floor":67.0,"turns":8.0},{"damage":4.0,"enemies":"Gensokyo:Chomper","floor":69.0,"turns":3.0},{"damage":2.0,"enemies":"Gensokyo:AngelMirror","floor":70.0,"turns":2.0},{"damage":4.0,"enemies":"Gensokyo:Slime_Group","floor":75.0,"turns":3.0},{"damage":0.0,"enemies":"Gensokyo:Koishi","floor":78.0,"turns":3.0},{"damage":28.0,"enemies":"Gensokyo:3_Gloops","floor":80.0,"turns":2.0},{"damage":4.0,"enemies":"Gensokyo:Reisen","floor":81.0,"turns":3.0},{"damage":22.0,"enemies":"Gensokyo:Mirror_and_Dog","floor":82.0,"turns":4.0},{"damage":82.0,"enemies":"Gensokyo:Eternal_Rivals","floor":84.0,"turns":8.0},{"damage":4.0,"enemies":"Gensokyo:3_Bats","floor":86.0,"turns":2.0},{"damage":16.0,"enemies":"Gensokyo:AncientGuardian","floor":90.0,"turns":13.0}],"seed_played":"-6055286564283887502","potions_obtained":[{"floor":52.0,"key":"PowerPotion"},{"floor":64.0,"key":"Fire Potion"},{"floor":65.0,"key":"ColorlessPotion"},{"floor":70.0,"key":"Energy Potion"},{"floor":82.0,"key":"BlessingOfTheForge"}],"is_trial":false,"path_per_floor":["M","?","?","$","?","E","M","E","T","R","$","R","M","M","R","B",null,"M","M","$","?","?","R","M","R","T","E","COS","M","E","M","R","B",null,"M","?","?","?","M","R","$"],"character_chosen":"DOCTOR_CLASS","items_purchased":["ats:Arts","ats:Overload","Sling","ats:Industrial Water Cannon","ats:Burning Ground"],"campfire_rested":0,"item_purchase_floors":[55,55,62,62,71],"current_hp_per_floor":[72,61,61,61,61,61,53,53,47,47,47,47,47,47,44,44,44,95,91,89,89,89,89,89,86,86,86,93,93,95,95,91,91,47,47,72,72,72,72,95,95,95,95],"gold":92,"neow_bonus":"","is_daily":false,"chose_seed":false,"campfire_upgraded":7,"win_rate":0.0,"timestamp":1612433361,"path_taken":["M","?","?","$","?","E","M","E","T","R","$","R","M","M","R","BOSS","M","M","$","?","?","R","?","R","T","E","COS","M","E","M","R","BOSS","M","?","?","?","?","R","$"],"items_purchased_type":["Relic","Card","Relic","Relic","Card"],"build_version":"2020-12-22","purchased_purges":3,"victory":false,"max_hp_per_floor":[92,95,95,95,95,95,95,95,95,95,95,95,95,95,95,95,95,95,95,95,95,95,95,95,95,95,95,95,95,95,95,95,95,95,95,95,95,95,95,95,95,95,95],"card_choices":[{"not_picked":["ats:Assault Order","ats:Consecutive Shot Auto"],"picked":"ats:Mental Burst","floor":52.0},{"not_picked":["ats:Absolute Focus","ats:Thermite Blade"],"picked":"ats:Shell Defense","floor":57.0},{"not_picked":["ats:Explosion Area Strengthen","ats:Soul Absorption"],"picked":"ats:Ignite","floor":58.0},{"not_picked":["ats:Absolute Focus","ats:Closed Bolt Burst Fire"],"picked":"ats:Wolf Pack","floor":59.0},{"not_picked":["ats:Apocalypse","ats:Sword Rain"],"picked":"ats:Ignite","floor":64.0},{"not_picked":["ats:Powerful Strike","ats:Poison Spread"],"picked":"ats:Sunburst","floor":65.0},{"not_picked":["ats:Ambush","ats:Soul Rend"],"picked":"ats:True Silver Slash","floor":67.0},{"not_picked":["Freischutz","Mercenary"],"picked":"QueenOfHatred","floor":67.0},{"not_picked":["CENSORED","HeroicMonk"],"picked":"BlueStar","floor":69.0},{"not_picked":["ats:Collapsing Strike","ats:Revitalization","ats:Defend Order+1"],"picked":"SKIP","floor":69.0},{"not_picked":["ats:Hammer On","ats:Powerful Strike"],"picked":"ats:Calcification","floor":70.0},{"not_picked":["ats:Poison Spread","ats:Closed Bolt Burst Fire","ats:Cat Scratch"],"picked":"SKIP","floor":75.0},{"not_picked":["ats:Poison Spread","ats:Closed Bolt Burst Fire","ats:Cat Scratch"],"picked":"SKIP","floor":75.0},{"not_picked":["SilentOrchestra","CENSORED"],"picked":"WhiteNight","floor":78.0},{"not_picked":["ats:Healing Drone","ats:Red Shift","ats:Spore Proliferation"],"picked":"SKIP","floor":78.0},{"not_picked":["ats:Revitalization","ats:Apocalypse","ats:Overload"],"picked":"SKIP","floor":80.0},{"not_picked":["ats:Revitalization","ats:Apocalypse","ats:Overload"],"picked":"SKIP","floor":80.0},{"not_picked":["ats:Flexible Camouflage","ats:Demon Strength"],"picked":"ats:Very Hot Blade","floor":81.0},{"not_picked":["ats:Echo Reverb","ats:True Silver Slash"],"picked":"ats:Calcification","floor":82.0},{"not_picked":["ats:Revitalization","ats:Cat Scratch+1","ats:Closed Bolt Burst Fire"],"picked":"SKIP","floor":82.0},{"not_picked":["ats:Rat Pack","ats:Shadow Assault"],"picked":"ats:Volcano","floor":84.0},{"not_picked":["ats:Overload","ats:Cat Scratch","ats:Leaping Hammer+1"],"picked":"SKIP","floor":86.0},{"not_picked":["ats:Defend Order","ats:Absolute Focus","ats:Consecutive Shot Auto"],"picked":"SKIP","floor":90.0},{"not_picked":["ats:Defend Order","ats:Absolute Focus","ats:Consecutive Shot Auto"],"picked":"SKIP","floor":90.0}],"player_experience":476956,"relics_obtained":[{"floor":57.0,"key":"ats:Originium"},{"floor":57.0,"key":"Bronze Scales"},{"floor":59.0,"key":"ats:Originium"},{"floor":59.0,"key":"InkBottle"},{"floor":60.0,"key":"Mastiff:ReiMu"},{"floor":77.0,"key":"Bottled Tornado"},{"floor":78.0,"key":"ats:Originium"},{"floor":78.0,"key":"Shuriken"},{"floor":81.0,"key":"ats:Bonebreaker"},{"floor":81.0,"key":"ats:Originium"},{"floor":90.0,"key":"AtMidnight"}],"event_choices":[],"is_beta":false,"boss_relics":[{"not_picked":["Coffee Dripper","Calling Bell"],"picked":"Philosopher\u0027s Stone"},{"not_picked":["Fusion Hammer","Tiny House"],"picked":"Sozu"}],"items_purged_floors":[55,62,71],"is_endless":false,"potions_floor_spawned":[52,64,65,70,75,82,84],"ascension_level":0}}