{"host":"7rmsgc3rayi00cdt","time":1612464078,"event":{"mods":["BaseMod","Minty Spire (QoL Compilation)"],"gold_per_floor":[118,118,129,54,73,73,103,103,103,103,135,210,210,228,228,328,328,347,422,433,433,446,475,475,508,532,543,570,570,590,623,623,728,728,747,657,671,480,480,480,480,499,525,525,556,573,585,596,596,596],"floor_reached":51,"language":"ENG","playtime":2314,"items_purged":["Pain"],"score":1018,"play_id":"0f257905-9380-40d0-b340-bfa05e5a0e2a","local_time":"20210204184118","is_ascension_mode":true,"campfire_choices":[{"data":"Shrug It Off","floor":6,"key":"SMITH"},{"data":"Evolve","floor":8,"key":"SMITH"},{"data":"Defend_R","floor":10,"key":"SMITH"},{"data":"Immolate","floor":15,"key":"SMITH"},{"floor":24,"key":"REST"},{"floor":29,"key":"REST"},{"floor":32,"key":"REST"},{"data":"Power Through","floor":40,"key":"SMITH"},{"data":"Inflame","floor":44,"key":"SMITH"},{"floor":49,"key":"REST"}],"circlet_count":0,"master_deck":["Strike_R","Strike_R","Strike_R+1","Strike_R+1","Strike_R+1","Defend_R","Defend_R","Defend_R+1","Defend_R","Bash","Warcry","Shrug It Off+1","Dropkick","Evolve+1","Immolate+1","Inflame+1","Battle Trance","Power Through","Power Through+1","Spot Weakness+1","Burning Pact+1","Wild Strike","Fire Breathing","True Grit+1","Ghostly Armor+1","Double Tap+1","CurseOfTheBell","Clothesline+1","The Bomb+1","Dark Shackles+1","Master of Strategy+1","True Grit+1","Thunderclap+1"],"relics":["Burning Blood","WarpedTongs","StoneCalendar","Incense Burner","StrikeDummy","Prayer Wheel","Velvet Choker","Toxic Egg 2","Happy Flower","MealTicket","CaptainsWheel","Juzu Bracelet","Calling Bell","Toy Ornithopter","Blue Candle","Mango","Pen Nib","Whetstone","Bag of Preparation"],"acts_visited":["Exordium","TheCity","TheBeyond"],"potions_floor_usage":[7,11,23,25,31,42,46,50,50,50],"damage_taken":[{"damage":14,"enemies":"Jaw Worm","floor":1,"turns":6},{"damage":5,"enemies":"Cultist","floor":3,"turns":3},{"damage":0,"enemies":"Small Slimes","floor":5,"turns":3},{"damage":12,"enemies":"Gremlin Nob","floor":7,"turns":3},{"damage":10,"enemies":"3 Sentries","floor":11,"turns":7},{"damage":6,"enemies":"Looter","floor":14,"turns":2},{"damage":0,"enemies":"Slime Boss","floor":16,"turns":5},{"damage":30,"enemies":"Shell Parasite","floor":18,"turns":4},{"damage":13,"enemies":"3 Byrds","floor":20,"turns":4},{"damage":5,"enemies":"Snecko","floor":22,"turns":4},{"damage":17,"enemies":"Book of Stabbing","floor":23,"turns":5},{"damage":19,"enemies":"Slavers","floor":25,"turns":4},{"damage":5,"enemies":"Centurion and Healer","floor":27,"turns":5},{"damage":19,"enemies":"Book of Stabbing","floor":28,"turns":5},{"damage":22,"enemies":"Shelled Parasite and Fungi","floor":30,"turns":4},{"damage":19,"enemies":"Gremlin Leader","floor":31,"turns":5},{"damage":36,"enemies":"Automaton","floor":33,"turns":9},{"damage":14,"enemies":"3 Darklings","floor":35,"turns":2},{"damage":1,"enemies":"Orb Walker","floor":37,"turns":3},{"damage":0,"enemies":"4 Shapes","floor":42,"turns":5},{"damage":44,"enemies":"Giant Head","floor":45,"turns":9},{"damage":22,"enemies":"Spire Growth","floor":46,"turns":5},{"damage":28,"enemies":"Writhing Mass","floor":47,"turns":5},{"damage":18,"enemies":"Jaw Worm Horde","floor":48,"turns":5},{"damage":41,"enemies":"Donu and Deca","floor":50,"turns":8}],"seed_played":"-350084214440954011","potions_obtained":[{"floor":5,"key":"ColorlessPotion"},{"floor":7,"key":"Weak Potion"},{"floor":16,"key":"BloodPotion"},{"floor":20,"key":"Explosive Potion"},{"floor":23,"key":"Regen Potion"},{"floor":27,"key":"SpeedPotion"},{"floor":28,"key":"PowerPotion"},{"floor":30,"key":"DuplicationPotion"},{"floor":35,"key":"Explosive Potion"},{"floor":45,"key":"Fire Potion"},{"floor":48,"key":"Strength Potion"}],"is_trial":false,"path_per_floor":["M","?","M","$","M","R","E","R","T","R","E","?","?","M","R","B",null,"M","?","M","?","M","E","R","E","T","M","E","R","M","E","R","B",null,"M","?","M","$","?","R","T","M","T","R","E","M","M","M","R","B",null],"character_chosen":"IRONCLAD","items_purchased":["The Bomb+1"],"campfire_rested":4,"item_purchase_floors":[38],"current_hp_per_floor":[88,88,89,89,95,95,89,89,89,89,85,74,67,67,67,73,96,72,63,56,56,57,46,74,73,73,74,61,89,73,60,88,58,110,102,102,107,110,105,105,105,110,110,110,72,61,39,27,60,62],"gold":596,"neow_bonus":"TWENTY_PERCENT_HP_BONUS","is_daily":false,"chose_seed":false,"campfire_upgraded":6,"win_rate":0.0,"timestamp":1612464078,"path_taken":["M","?","?","$","M","R","E","R","T","R","E","?","?","M","R","BOSS","M","?","?","?","M","E","R","E","T","M","E","R","M","E","R","BOSS","M","?","M","$","?","R","?","M","T","R","E","M","M","M","R","BOSS"],"items_purchased_type":["Card"],"build_version":"2020-12-22","purchased_purges":1,"victory":true,"max_hp_per_floor":[96,96,96,96,96,96,96,96,96,96,96,96,96,96,96,96,96,96,96,96,96,96,96,96,96,96,96,96,96,96,96,96,96,110,110,110,110,110,110,110,110,110,110,110,110,110,110,110,110,110],"card_choices":[{"not_picked":["Intimidate","Headbutt"],"picked":"Warcry","floor":1},{"not_picked":["Bloodletting","Warcry"],"picked":"Shrug It Off","floor":3},{"not_picked":["Seeing Red","Shrug It Off"],"picked":"Dropkick","floor":5},{"not_picked":["Cleave","Rage"],"picked":"Evolve","floor":7},{"not_picked":["Clothesline","Heavy Blade"],"picked":"Immolate","floor":11},{"not_picked":["Perfected Strike","Clothesline"],"picked":"Inflame","floor":14},{"not_picked":["Twin Strike","Intimidate"],"picked":"Battle Trance","floor":14},{"not_picked":["Heavy Blade+1","Rampage"],"picked":"Power Through","floor":18},{"not_picked":["Searing Blow","Perfected Strike","Inflame"],"picked":"SKIP","floor":18},{"not_picked":["Pummel","True Grit"],"picked":"Power Through","floor":20},{"not_picked":["Warcry","Rage","Flame Barrier"],"picked":"SKIP","floor":20},{"not_picked":["Anger","Pommel Strike","Perfected Strike"],"picked":"SKIP","floor":22},{"not_picked":["Armaments","Exhume","Flex+1"],"picked":"SKIP","floor":22},{"not_picked":["Iron Wave","Warcry+1"],"picked":"Spot Weakness+1","floor":23},{"not_picked":["Searing Blow+1","Battle Trance+1"],"picked":"Burning Pact+1","floor":25},{"not_picked":["Headbutt","Anger+1"],"picked":"Wild Strike","floor":27},{"not_picked":["Reckless Charge","Bloodletting+1"],"picked":"Fire Breathing","floor":27},{"not_picked":["Exhume+1","Burning Pact+1"],"picked":"True Grit+1","floor":28},{"not_picked":["Anger","Blood for Blood"],"picked":"Ghostly Armor+1","floor":30},{"not_picked":["Pommel Strike","Perfected Strike+1","True Grit+1"],"picked":"SKIP","floor":30},{"not_picked":["Flex+1","Pommel Strike","Sword Boomerang+1"],"picked":"SKIP","floor":31},{"not_picked":["Offering+1","Bludgeon"],"picked":"Double Tap+1","floor":33},{"not_picked":["Metallicize+1","Rampage"],"picked":"Clothesline+1","floor":35},{"not_picked":["Infernal Blade+1","Sword Boomerang","Seeing Red+1"],"picked":"SKIP","floor":35},{"not_picked":["Dropkick+1","Brutality","Rage+1"],"picked":"SKIP","floor":37},{"not_picked":["Clash","Power Through+1","Dark Embrace+1"],"picked":"SKIP","floor":37},{"not_picked":["Swift Strike","Purity+1"],"picked":"Dark Shackles+1","floor":39},{"not_picked":["PanicButton+1","Swift Strike"],"picked":"Master of Strategy+1","floor":39},{"not_picked":["Spot Weakness+1","Cleave+1","Clash"],"picked":"SKIP","floor":42},{"not_picked":["Headbutt","Bloodletting+1","True Grit+1"],"picked":"SKIP","floor":42},{"not_picked":["Wild Strike","Anger+1","Hemokinesis+1"],"picked":"SKIP","floor":45},{"not_picked":["Perfected Strike+1","Fire Breathing","Iron Wave"],"picked":"SKIP","floor":46},{"not_picked":["Fire Breathing","Headbutt","Clash+1"],"picked":"SKIP","floor":46},{"not_picked":["Bloodletting+1","Thunderclap+1"],"picked":"True Grit+1","floor":47},{"not_picked":["Twin Strike+1","Havoc+1","Blood for Blood+1"],"picked":"SKIP","floor":47},{"not_picked":["Wild Strike","Power Through+1"],"picked":"Thunderclap+1","floor":48},{"not_picked":["Offering+1","Shrug It Off+1","True Grit+1"],"picked":"SKIP","floor":48}],"player_experience":797748,"relics_obtained":[{"floor":7,"key":"StoneCalendar"},{"floor":9,"key":"Incense Burner"},{"floor":11,"key":"StrikeDummy"},{"floor":23,"key":"Toxic Egg 2"},{"floor":25,"key":"Happy Flower"},{"floor":26,"key":"MealTicket"},{"floor":28,"key":"CaptainsWheel"},{"floor":31,"key":"Juzu Bracelet"},{"floor":34,"key":"Toy Ornithopter"},{"floor":34,"key":"Blue Candle"},{"floor":34,"key":"Mango"},{"floor":41,"key":"Pen Nib"},{"floor":43,"key":"Whetstone"},{"floor":45,"key":"Bag of Preparation"}],"event_choices":[{"damage_healed":0,"gold_gain":0,"player_choice":"Rummage","damage_taken":0,"relics_obtained":["WarpedTongs"],"max_hp_gain":0,"max_hp_loss":0,"event_name":"Accursed Blacksmith","floor":2,"gold_loss":0,"cards_obtained":["Pain"]},{"damage_healed":0,"gold_gain":75,"player_choice":"Gather Gold","damage_taken":11,"max_hp_gain":0,"max_hp_loss":0,"event_name":"World of Goop","floor":12,"gold_loss":0},{"damage_healed":0,"gold_gain":0,"player_choice":"Success","damage_taken":7,"relics_obtained":["Prayer Wheel"],"max_hp_gain":0,"max_hp_loss":0,"event_name":"Scrap Ooze","floor":13,"gold_loss":0},{"damage_healed":0,"gold_gain":75,"player_choice":"Touch","damage_taken":9,"max_hp_gain":0,"max_hp_loss":0,"event_name":"FaceTrader","floor":19,"gold_loss":0},{"damage_healed":0,"gold_gain":0,"player_choice":"Ignored","damage_taken":0,"max_hp_gain":0,"max_hp_loss":0,"event_name":"N\u0027loth","floor":21,"gold_loss":0},{"cards_removed":["Shame"],"damage_healed":0,"gold_gain":0,"player_choice":"Upgrade and Remove","damage_taken":0,"max_hp_gain":0,"max_hp_loss":0,"event_name":"Designer","floor":36,"gold_loss":90,"cards_upgraded":["Strike_R"]},{"damage_healed":0,"gold_gain":0,"player_choice":"Memory 2","damage_taken":5,"max_hp_gain":0,"max_hp_loss":0,"event_name":"SensoryStone","floor":39,"gold_loss":0}],"is_beta":false,"boss_relics":[{"not_picked":["Sozu","Snecko Eye"],"picked":"Velvet Choker"},{"not_picked":["SlaversCollar","Astrolabe"],"picked":"Calling Bell"}],"items_purged_floors":[4],"is_endless":false,"potions_floor_spawned":[5,7,16,20,23,27,28,30,35,45,48],"ascension_level":4}}