{"host":"flash","time":1612445814,"event":{"mods":["ATMod(°¢èªMod)","Act Like it!","Aspiration","BaseMod","Minty Spire (QoL Compilation)","Shop Mod","StSLib","¡¾ÒÅÎï¿¨ÅÆ¡¿REMEMod"],"gold_per_floor":[136,61,61,77,77,103,178,227,227,227,241,241,241,274,274,345,345,360,410,421,432,59,89,89,101,170,200,220,234,234,252,252,326,326,343,368,386,386,398,423,441,468,494,230,248,248,87,117,117,117],"floor_reached":51,"language":"ZHS","playtime":1873,"items_purged":["Strike_B","Strike_B"],"score":1700,"play_id":"1f82ded5-a299-4d96-b320-fdd1cc8a753a","local_time":"20210204213654","is_ascension_mode":true,"campfire_choices":[{"data":"AT_MachinaRedman","floor":13.0,"key":"SMITH"},{"data":"Zap","floor":15.0,"key":"SMITH"},{"data":"Apotheosis","floor":32.0,"key":"SMITH"},{"data":"1","floor":46,"key":"LIFT"},{"data":"2","floor":49,"key":"LIFT"}],"circlet_count":0,"master_deck":["AscendersBane","Strike_B","Defend_B","Defend_B+1","Defend_B","Defend_B","Zap+1","Dualcast","AT_MachinaRedman+1","AT_FamilyPortrait","Beam Cell+1","Hologram","REME_SelfUpgrade","All For One","Steam Power","Echo Form","AT_DarkMatter+1","Gash+1","Apotheosis+1","Scrape+1","REME_Whirling+1","Gash+1","Coolheaded+1","Go for the Eyes+1","REME_ForAll+1","Turbo+1","Double Energy+1","REME_MagicPocketWatch+1","Steam+1","Reboot+1"],"relics":["Cracked Core","AT_ATBox","REME_ComplimentaryCards","NeowsBlessing","Bronze Scales","Toy Ornithopter","aspiration:StickyExplosives_weak","TungstenRod","Molten Egg 2","Akabeko","aspiration:RunicSpoon","Medical Kit","Toxic Egg 2","Blue Candle","Regal Pillow","Sozu","Girya","Peace Pipe","MealTicket","Anchor","AT_SpeedBoots","aspiration:MysteriousAuxiliaryCore"],"acts_visited":["Exordium","TheCity","TheBeyond"],"potions_floor_usage":[50],"damage_taken":[{"damage":0.0,"enemies":"Cultist","floor":1.0,"turns":1.0},{"damage":0.0,"enemies":"Jaw Worm","floor":4.0,"turns":1.0},{"damage":0.0,"enemies":"Lagavulin","floor":6.0,"turns":1.0},{"damage":0.0,"enemies":"2 Louse","floor":11.0,"turns":2.0},{"damage":1.0,"enemies":"3 Sentries","floor":14.0,"turns":3.0},{"damage":0.0,"enemies":"Slime Boss","floor":16.0,"turns":3.0},{"damage":9.0,"enemies":"Spheric Guardian","floor":18.0,"turns":4.0},{"damage":0.0,"enemies":"2 Thieves","floor":20.0,"turns":1.0},{"damage":0.0,"enemies":"Shelled Parasite and Fungi","floor":21.0,"turns":2.0},{"damage":15.0,"enemies":"Gremlin Leader","floor":23.0,"turns":3.0},{"damage":0.0,"enemies":"3 Cultists","floor":25.0,"turns":2.0},{"damage":0.0,"enemies":"Book of Stabbing","floor":27.0,"turns":3.0},{"damage":0.0,"enemies":"Snake Plant","floor":28.0,"turns":2.0},{"damage":21.0,"enemies":"Centurion and Healer","floor":29.0,"turns":3.0},{"damage":0.0,"enemies":"Cultist and Chosen","floor":31.0,"turns":2.0},{"damage":21.0,"enemies":"Automaton","floor":33.0,"turns":5.0},{"damage":0.0,"enemies":"Orb Walker","floor":35.0,"turns":1.0},{"damage":0.0,"enemies":"Mind Bloom Boss Battle","floor":36.0,"turns":2.0},{"damage":0.0,"enemies":"3 Darklings","floor":37.0,"turns":1.0},{"damage":0,"enemies":"Spire Growth","floor":39,"turns":1},{"damage":0,"enemies":"Reptomancer","floor":40,"turns":1},{"damage":0,"enemies":"Sphere and 2 Shapes","floor":41,"turns":1},{"damage":0,"enemies":"Jaw Worm Horde","floor":45,"turns":1},{"damage":13,"enemies":"Nemesis","floor":48,"turns":3},{"damage":21,"enemies":"Time Eater","floor":50,"turns":3}],"seed_played":"2755386473387492240","potions_obtained":[{"floor":4.0,"key":"PotionOfCapacity"},{"floor":6.0,"key":"SneckoOil"},{"floor":14.0,"key":"DuplicationPotion"},{"floor":21.0,"key":"BlessingOfTheForge"},{"floor":27.0,"key":"Ancient Potion"},{"floor":29.0,"key":"SkillPotion"}],"is_trial":false,"path_per_floor":["M","$","?","M","?","E","?","T","T","?","M","?","R","E","R","B",null,"M","?","M","M","$","E","?","M","T","E","M","M","?","M","R","B",null,"M","?","M","?","M","E","M","T","T","$","M","R","$","E","R","B",null],"character_chosen":"DEFECT","items_purchased":["Medical Kit","Apotheosis","Reboot+1","AT_SpeedBoots"],"campfire_rested":0,"item_purchase_floors":[22,22,44,47],"current_hp_per_floor":[64,64,43,43,43,43,32,32,32,32,32,32,32,31,31,31,61,52,52,52,57,57,42,42,42,42,68,68,47,47,47,47,26,60,60,60,60,60,60,60,60,60,60,71,71,71,71,58,58,42],"gold":117,"neow_bonus":"THREE_ENEMY_KILL","is_daily":false,"chose_seed":false,"campfire_upgraded":3,"win_rate":0.0,"timestamp":1612445814,"path_taken":["M","$","?","M","?","E","?","?","T","?","?","?","R","E","R","BOSS","M","?","M","M","$","E","?","M","T","E","?","M","?","M","R","BOSS","M","?","M","?","M","E","M","?","T","$","M","R","?","E","R","BOSS"],"items_purchased_type":["Relic","Card","Card","Relic"],"build_version":"2020-12-18","purchased_purges":2,"victory":true,"max_hp_per_floor":[71,71,71,71,71,71,71,71,71,71,71,71,71,71,71,71,71,71,71,71,71,71,71,71,71,71,71,71,71,71,71,71,71,71,71,71,71,71,71,71,71,71,71,71,71,71,71,71,71,71],"card_choices":[{"not_picked":["REME_Whirling","BootSequence"],"picked":"Beam Cell","floor":1.0},{"not_picked":["Leap","Melter"],"picked":"Hologram","floor":4.0},{"not_picked":["Hologram","Redo","Stack"],"picked":"SKIP","floor":6.0},{"not_picked":["Tempest","Reprogram","Go for the Eyes"],"picked":"All For One","floor":11.0},{"not_picked":["Capacitor","Conserve Battery"],"picked":"Steam Power","floor":14.0},{"not_picked":["Machine Learning","Amplify","Multi-Cast"],"picked":"Echo Form","floor":16.0},{"not_picked":["Ball Lightning+1","Cold Snap+1","Hologram","Rebound+1"],"picked":"SKIP","floor":18.0},{"not_picked":["Ball Lightning+1","Streamline+1"],"picked":"AT_DarkMatter+1","floor":20.0},{"not_picked":["Chaos","Storm"],"picked":"Gash+1","floor":21.0},{"not_picked":["Streamline+1","Genetic Algorithm+1","AT_WarpDrive+1","Stack+1"],"picked":"Scrape+1","floor":23.0},{"not_picked":["Cold Snap+1","AT_ThunderBolt"],"picked":"REME_Whirling+1","floor":25.0},{"not_picked":["Cold Snap+1","BootSequence+1","REME_SelfUpgrade"],"picked":"SKIP","floor":27.0},{"not_picked":["Steam+1","Undo+1"],"picked":"Gash+1","floor":28.0},{"not_picked":["AT_WaterDrop","Ball Lightning+1"],"picked":"Coolheaded+1","floor":29.0},{"not_picked":["Compile Driver+1","Aggregate+1"],"picked":"Go for the Eyes+1","floor":31.0},{"not_picked":["Amplify+1","Machine Learning","Seek+1"],"picked":"REME_ForAll+1","floor":33.0},{"not_picked":["Ball Lightning+1","AT_ThreeBodyProblem+1","Melter+1"],"picked":"SKIP","floor":35.0},{"not_picked":["Sweeping Beam+1","Melter+1"],"picked":"Turbo+1","floor":36.0},{"not_picked":["Melter+1","Doom and Gloom+1"],"picked":"Double Energy+1","floor":37.0},{"not_picked":["Dramatic Entrance+1","AT_PowerWithin"],"picked":"REME_MagicPocketWatch+1","floor":38},{"not_picked":["Leap+1","Stack+1","Ball Lightning+1"],"picked":"SKIP","floor":39},{"not_picked":["REME_DataAnalysis+1","Chaos+1","Sweeping Beam+1"],"picked":"SKIP","floor":40},{"not_picked":["Genetic Algorithm+1","Scrape+1"],"picked":"Steam+1","floor":41},{"not_picked":["Compile Driver+1","Coolheaded+1","Redo+1"],"picked":"SKIP","floor":45},{"not_picked":["Meteor Strike+1","Consume+1","Melter+1"],"picked":"SKIP","floor":48}],"player_experience":692054,"relics_obtained":[{"floor":6.0,"key":"Bronze Scales"},{"floor":8.0,"key":"Toy Ornithopter"},{"floor":9.0,"key":"aspiration:StickyExplosives_weak"},{"floor":14.0,"key":"Akabeko"},{"floor":23.0,"key":"Toxic Egg 2"},{"floor":26.0,"key":"Blue Candle"},{"floor":27.0,"key":"Regal Pillow"},{"floor":36.0,"key":"Girya"},{"floor":40,"key":"Peace Pipe"},{"floor":42,"key":"MealTicket"},{"floor":43,"key":"Anchor"},{"floor":48,"key":"aspiration:MysteriousAuxiliaryCore"}],"event_choices":[{"damage_healed":0.0,"max_hp_gain":0.0,"max_hp_loss":0.0,"gold_gain":0.0,"event_name":"Shining Light","player_choice":"Entered Light","floor":3.0,"gold_loss":0.0,"damage_taken":21.0,"cards_upgraded":["Beam Cell","Defend_B"]},{"damage_healed":0.0,"max_hp_gain":0.0,"max_hp_loss":0.0,"gold_gain":0.0,"cards_transformed":["Strike_B"],"event_name":"Living Wall","player_choice":"Change","floor":5.0,"gold_loss":0.0,"damage_taken":0.0,"cards_obtained":["REME_SelfUpgrade"]},{"damage_healed":0.0,"max_hp_gain":0.0,"max_hp_loss":0.0,"gold_gain":75.0,"event_name":"World of Goop","player_choice":"Gather Gold","floor":7.0,"gold_loss":0.0,"damage_taken":11.0},{"damage_healed":0.0,"max_hp_gain":0.0,"max_hp_loss":0.0,"gold_gain":0.0,"event_name":"Dead Adventurer","player_choice":"Searched \u00271\u0027 times","floor":10.0,"gold_loss":0.0,"damage_taken":0.0,"relics_obtained":["TungstenRod"]},{"damage_healed":0.0,"max_hp_gain":0.0,"max_hp_loss":0.0,"gold_gain":50.0,"event_name":"Nest","player_choice":"Stole From Cult","floor":19.0,"gold_loss":0.0,"damage_taken":0.0},{"cards_removed":["Injury"],"damage_healed":0.0,"max_hp_gain":0.0,"max_hp_loss":0.0,"gold_gain":0.0,"event_name":"Purifier","player_choice":"Purged","floor":24.0,"gold_loss":0.0,"damage_taken":0.0},{"damage_healed":0.0,"max_hp_gain":0.0,"max_hp_loss":0.0,"gold_gain":0.0,"event_name":"Vampires","player_choice":"Ignored","floor":30.0,"gold_loss":0.0,"damage_taken":0.0},{"damage_healed":0.0,"max_hp_gain":0.0,"max_hp_loss":0.0,"gold_gain":0.0,"event_name":"MindBloom","player_choice":"Fight","floor":36.0,"gold_loss":0.0,"damage_taken":0.0},{"damage_healed":0,"gold_gain":0,"player_choice":"Memory 1","damage_taken":0,"max_hp_gain":0,"max_hp_loss":0,"event_name":"SensoryStone","floor":38,"gold_loss":0}],"is_beta":true,"boss_relics":[{"not_picked":["SacredBark","Inserter"],"picked":"aspiration:RunicSpoon"},{"not_picked":["Astrolabe","Busted Crown"],"picked":"Sozu"}],"items_purged_floors":[2,44],"is_endless":false,"potions_floor_spawned":[4,6,11,14,18,21,27,29,33,37,39,40,45,48],"ascension_level":18}}