{"host":"0s8kyghz8ihx2r41","time":1612477431,"event":{"mods":["2.2 Compatiblity","Act Like it!","Bard","BaseMod","CapriCore","Chen","Conspire","Downfall","Friendly Minions","GungeonMod","Hermit","HololiveMod","Hubris","Koishi","Lobotomy","LobotomyExtend","Marisa（霧雨　魔理沙）","Minty Spire (QoL Compilation)","Monster B Gone","Morshu Shopkeeper","Onozuka Komachi Mod","Prisma Mod","READ ME - Snecko Mod","Reimu（博??梦）","Reliquary","Replay The Spire","Spire Birthday Party","StSLib","The Administrix","The Alterego","The Clintock","The Construct","The Cursed","The Disciple","The Druid","The Edgeheg","The Gatherer","The Immortal","The Marked","The Mystic","The Servant 0.9.4","TheVacant","Waifu the Spire","Yakumo Yukari mod","Yuyuko","everything is the same but u backflip on backflip","slay the spire mod where everything is the same but ironclad has a cowboy hat"],"gold_per_floor":[132,132,29,29,40,74,37,37,37,55,85,101,101,101,101,199,249,269,269,38,57,67,94,94,94,118,131,131,144,164,193,193,295,295,313,331,6,6,22,22,34,51,51,63,63,116,133,133,133,133],"floor_reached":51,"language":"ENG","playtime":2117,"items_purged":[],"score":824,"play_id":"bea3d2a2-2efe-4062-8942-487028fa2672","local_time":"20210204172351","is_ascension_mode":false,"campfire_choices":[{"floor":8,"key":"REST"},{"data":"AdvanceAttack_purple","floor":15,"key":"SMITH"},{"data":"Worldmountain_purple","floor":15,"key":"SMITH"},{"floor":24,"key":"REST"},{"floor":28,"key":"REST"},{"floor":32,"key":"REST"},{"floor":40,"key":"REST"},{"floor":49,"key":"REST"}],"circlet_count":0,"master_deck":["AT_purpleEX","AT_purpleEX","AT_purpleEX","AT_purpleEX","Defend_purpleEX","Defend_purpleEX","Defend_purpleEX","Defend_purpleEX","Observe_purple_1","Observe_purple_2","StateDuplicate_purple","WeekHit_purple+1","DimensionStaggered_purple","Bait_HighSpeedFlying_purple","DimensionStaggered_purple","StateErode_purple","StateErode_purple","AdvanceAttack_purple+1","Boundary_of_Extermination_purpleEX+1","Worldmountain_purple+1","WangLiang_OokamiKakushi_purple","SharpContractionReality_purple","OmniscientAndOmnipotent_Monster_purple+1","PurpleNeedle_purple","Fancifulhole_purple","Line_surface_state_purple","Umbrella_purple","CommonSense_AntiCommonSense_purple","RuleDissolution_purple","MetroBOOM_purple","ContainerChange_purple","Boundary_LightAndDark_purple+1","SfantasyHide_purple","Shallow_ocean_purpleEX","Erosivefilter_purple","WorldDissolvedintheRealm_purple","DimensionStaggered_purple+1","Charmbait_purple+1","Worldmountain_purple","Shallow_ocean_purpleEX"],"relics":["Boundary_crack","Memoryfragments_purpleEX","NeowsBlessing","Ancient Tea Set","DemoMod:GundromedaStrain","Replay:Arrowhead","Tiny House","reliquary:TuningFork","ReplayTheSpireMod:Lightbulb","Potion Belt","conspire:DecoderRing","SacredBark","ThegodofHakurei_purpleEX","CaptainsWheel","Mercury Hourglass","Happy Flower"],"acts_visited":["Exordium","TheCity","TheBeyond"],"potions_floor_usage":[23,23,30,31,33,33,36,42,50],"damage_taken":[{"damage":0,"enemies":"2 Louse","floor":1,"turns":1},{"damage":0,"enemies":"Small Slimes","floor":5,"turns":1},{"damage":21,"enemies":"Lagavulin","floor":6,"turns":1},{"damage":0,"enemies":"Cultist","floor":10,"turns":2},{"damage":17,"enemies":"Gremlin Nob","floor":11,"turns":3},{"damage":7,"enemies":"2 Fungi Beasts","floor":12,"turns":3},{"damage":0,"enemies":"Slime Boss","floor":16,"turns":5},{"damage":3,"enemies":"3 Byrds","floor":18,"turns":3},{"damage":15,"enemies":"Shell Parasite","floor":21,"turns":4},{"damage":2,"enemies":"3 Cultists","floor":22,"turns":3},{"damage":34,"enemies":"Slavers","floor":23,"turns":4},{"damage":0,"enemies":"Cultist and Chosen","floor":27,"turns":4},{"damage":0,"enemies":"Sentry and Sphere","floor":29,"turns":1},{"damage":10,"enemies":"Shelled Parasite and Fungi","floor":30,"turns":3},{"damage":14,"enemies":"Book of Stabbing","floor":31,"turns":3},{"damage":40,"enemies":"Collector","floor":33,"turns":5},{"damage":32,"enemies":"3 Shapes","floor":35,"turns":3},{"damage":15,"enemies":"3 Darklings","floor":36,"turns":3},{"damage":0,"enemies":"Sphere and 2 Shapes","floor":39,"turns":1},{"damage":1,"enemies":"Maw","floor":41,"turns":5},{"damage":0,"enemies":"Transient","floor":42,"turns":5},{"damage":0,"enemies":"3 Darklings","floor":44,"turns":2},{"damage":0,"enemies":"Sphere and 2 Shapes","floor":47,"turns":1},{"damage":40,"enemies":"Time Eater","floor":50,"turns":8}],"seed_played":"5919120308395919818","potions_obtained":[{"floor":6,"key":"SkillPotion"},{"floor":10,"key":"BlessingOfTheForge"},{"floor":17,"key":"Fire Potion"},{"floor":23,"key":"Swift Potion"},{"floor":30,"key":"Strength Potion"},{"floor":31,"key":"Energy Potion"},{"floor":33,"key":"AttackPotion"},{"floor":39,"key":"ColorlessPotion"},{"floor":42,"key":"SpeedPotion"},{"floor":44,"key":"Reflective Coating"},{"floor":46,"key":"LifebloodPotion"}],"is_trial":false,"path_per_floor":["M","?","$","?","M","E","$","R","T","M","E","M","$","?","R","B",null,"M","?","$","M","M","E","R","?","T","M","R","M","M","E","R","B",null,"M","M","$","?","M","R","M","M","T","M","?","?","M","?","R","B",null],"character_chosen":"Youkari","items_purchased":["WeekHit_purple+1","DimensionStaggered_purple","StateErode_purple","reliquary:TuningFork","PurpleNeedle_purple","ThegodofHakurei_purpleEX","SfantasyHide_purple","Shallow_ocean_purpleEX"],"campfire_rested":6,"item_purchase_floors":[3,3,7,20,20,37,37,37],"current_hp_per_floor":[70,70,70,70,70,49,49,70,70,70,53,49,49,70,70,70,75,72,72,72,59,57,23,45,31,31,31,53,54,46,36,58,21,75,45,31,31,31,31,53,55,57,57,57,57,27,29,29,51,14],"gold":133,"neow_bonus":"THREE_ENEMY_KILL","is_daily":false,"chose_seed":false,"campfire_upgraded":2,"win_rate":0.0,"timestamp":1612477431,"path_taken":["M","?","$","?","M","E","$","R","T","M","E","M","$","?","R","BOSS","M","?","$","M","M","E","R","?","T","M","R","M","?","E","R","BOSS","M","M","$","?","?","R","M","M","T","M","?","?","M","?","R","BOSS"],"items_purchased_type":["Card","Card","Card","Relic","Card","Relic","Card","Card"],"build_version":"2020-12-22","purchased_purges":0,"victory":true,"max_hp_per_floor":[70,70,70,70,70,70,70,70,70,70,70,70,70,70,70,70,75,75,75,75,75,75,75,75,75,75,75,75,75,75,75,75,75,75,75,75,75,75,75,75,75,75,75,75,75,75,75,75,75,75],"card_choices":[{"not_picked":["Realm_recovery_purpleEX","RuleDissolution_purple"],"picked":"StateDuplicate_purple","floor":1},{"not_picked":["ExternalForce_HighSpeedFlying_purple","WeekHit_purple"],"picked":"Bait_HighSpeedFlying_purple","floor":5},{"not_picked":["MeetDecomposer_purple","Boundary_DreamRealityDamnation_purple"],"picked":"DimensionStaggered_purple","floor":6},{"not_picked":["Human_Monster_Realm_purple","Realm_recovery_purpleEX"],"picked":"AdvanceAttack_purple","floor":10},{"not_picked":["Realm_recovery_purpleEX","StateDuplicate_purple"],"picked":"Boundary_of_Extermination_purpleEX","floor":11},{"not_picked":["Mirror_FormAndEmptin_purple","CommonSense_AntiCommonSense_purple"],"picked":"Worldmountain_purple","floor":12},{"not_picked":["WangLiang_LineAndCurveDreams_purple","Monsters_DoubleDeathButterfly_purple"],"picked":"WangLiang_OokamiKakushi_purple","floor":16},{"not_picked":["Worldmountain_purple","MeetDecomposer_purple"],"picked":"SharpContractionReality_purple","floor":17},{"not_picked":["StateDuplicate_purple+1","Boundary_of_Extermination_purpleEX"],"picked":"OmniscientAndOmnipotent_Monster_purple+1","floor":18},{"not_picked":["MonsterNeedle_purple","Boundary_of_Extermination_purpleEX","ExistenceContinue_purple"],"picked":"SKIP","floor":21},{"not_picked":["MeetDecomposer_purple","Worldmountain_purple"],"picked":"Fancifulhole_purple","floor":22},{"not_picked":["OmniscientAndOmnipotent_Monster_purple","StateErode_purple"],"picked":"Line_surface_state_purple","floor":23},{"not_picked":["RuptureOfTimeAndSpace_purple+1","WeekHit_purple"],"picked":"Umbrella_purple","floor":27},{"not_picked":["Fantasy_PerpetualMotionMachine_purple","DimensionStaggered_purple"],"picked":"CommonSense_AntiCommonSense_purple","floor":29},{"not_picked":["DimensionStaggered_purple","SharpContractionReality_purple+1"],"picked":"RuleDissolution_purple","floor":30},{"not_picked":["CommonSense_AntiCommonSense_purple+1","Line_surface_state_purple"],"picked":"MetroBOOM_purple","floor":31},{"not_picked":["WasteWire_Metro_purple","Fancifulhole_purple"],"picked":"ContainerChange_purple","floor":33},{"not_picked":["DimensionStaggered_purple","Charmbait_purple"],"picked":"Anti_communist_purple+1","floor":35},{"not_picked":["MeetDecomposer_purple+1","Charmbait_purple"],"picked":"Boundary_LightAndDark_purple+1","floor":36},{"not_picked":["ButterflyHabitatTemple_purple","Line_surface_state_purple"],"picked":"Erosivefilter_purple","floor":39},{"not_picked":["MNeedle_purple","OmniscientAndOmnipotent_Monster_purple+1"],"picked":"WorldDissolvedintheRealm_purple","floor":41},{"not_picked":["AdvanceAttack_purple","OmniscientAndOmnipotent_Monster_purple+1"],"picked":"DimensionStaggered_purple+1","floor":42},{"not_picked":["Worldmountain_purple","ExistenceContinue_purple"],"picked":"Charmbait_purple+1","floor":44},{"not_picked":["Umbrella_purple","Mirror_FormAndEmptin_purple"],"picked":"Worldmountain_purple","floor":46},{"not_picked":["Mirror_FormAndEmptin_purple+1","MeetDecomposer_purple"],"picked":"Shallow_ocean_purpleEX","floor":46},{"not_picked":["AdvanceAttack_purple","ExistenceContinue_purple","Umbrella_purple"],"picked":"SKIP","floor":47}],"player_experience":336881,"relics_obtained":[{"floor":6,"key":"Ancient Tea Set"},{"floor":9,"key":"DemoMod:GundromedaStrain"},{"floor":11,"key":"Replay:Arrowhead"},{"floor":23,"key":"ReplayTheSpireMod:Lightbulb"},{"floor":26,"key":"Potion Belt"},{"floor":31,"key":"conspire:DecoderRing"},{"floor":38,"key":"CaptainsWheel"},{"floor":43,"key":"Mercury Hourglass"},{"floor":46,"key":"Happy Flower"}],"event_choices":[{"damage_healed":0,"gold_gain":0,"player_choice":"Ignored","damage_taken":0,"max_hp_gain":0,"max_hp_loss":0,"event_name":"Liars Game","floor":4,"gold_loss":0},{"damage_healed":21,"gold_gain":0,"player_choice":"Full Heal","damage_taken":0,"max_hp_gain":0,"max_hp_loss":0,"event_name":"Wheel of Change","floor":14,"gold_loss":0},{"damage_healed":0,"gold_gain":0,"player_choice":"Relic","damage_taken":0,"max_hp_gain":0,"max_hp_loss":0,"event_name":"Wheel of Change","floor":38,"gold_loss":0},{"cards_removed":["Anti_communist_purple"],"damage_healed":0,"gold_gain":0,"player_choice":"Removed Skill","damage_taken":0,"max_hp_gain":0,"max_hp_loss":0,"event_name":"Falling","floor":48,"gold_loss":0}],"is_beta":false,"boss_relics":[{"not_picked":["Astrolabe","conspire:RunicOctahedron"],"picked":"Tiny House"},{"not_picked":["reliquary:KinkedSpring","Replay:Grab Bag"],"picked":"SacredBark"}],"items_purged_floors":[],"is_endless":false,"potions_floor_spawned":[6,10,23,30,31,33,39,42,44],"ascension_level":0}}