{"host":"t9zjxed0utvsfjwc","time":1612413658,"event":{"mods":["2.2 Compatiblity","Aspiration","BaseMod","Better Altar","Better Match","Better Note","Better Sensory Stone","Better Skull","Better Third Choice","Block Reminder","Colored Map","Colored Powertips","Custom Start","Downfall","Hermit","Highlight Path","Hubris","Infinite Spire","Marisa????????","Minty Spire (QoL Compilation)","Quick Restart","Rare Cards Sparkle","Reliquary","Replay The Spire","StSLib","The Cursed","The Marked","The Runesmith","Unceasing Turn Reminder","everything is the same but u backflip on backflip"],"gold_per_floor":[118,118,136,6,18,48,48,74,97,97,97,97,97,113,113,212,212,225,225,55,55,130,130,141,141,141,141,141,241,241,251,251,368,368,411,411,452,493,537,600,600,670,716,716,716,777,848,848,848,848,848],"floor_reached":50,"language":"ENG","playtime":1733,"items_purged":["Strike_R"],"score":956,"play_id":"421b94c5-ea6c-4db3-bfdd-e3d53172f324","local_time":"20210204044058","is_ascension_mode":false,"campfire_choices":[{"data":"Pommel Strike","floor":7,"key":"SMITH"},{"data":"Bash","floor":12,"key":"SMITH"},{"floor":15,"key":"DIG"},{"floor":25,"key":"RECALL"},{"floor":32,"key":"DIG"},{"floor":41,"key":"REST"},{"floor":49,"key":"REST"}],"circlet_count":0,"master_deck":["Strike_R","Strike_R","Defend_R","Defend_R","Defend_R","Defend_R","Bash+1","Cleave","Pummel+1","Iron Wave+1","Pommel Strike+1","Multi-Cast","Apotheosis","Anger+1","hubris:Wrath","Shrug It Off+1","Amnesia","Reaper","Cleave+1","Pummel+1","Iron Wave+1","Replay:Fractal Strike"],"relics":["Burning Blood","aspiration:Nostalgia","m_SpellCore","aspiration:HatOfInfinitePower","Runesmith:Nanobots","Toy Ornithopter","Replay:Baseball","hubris:BottledRain","reliquary:RedCape","hubris:Metronome","Juzu Bracelet","aspiration:RitualStick","ReplayTheSpireMod:CursedCoin","reliquary:Aerogel","hubris:CuriousFeather","hubris:SphereOfDissonance","ReplayTheSpireMod:Spearhead","Eternal Feather","infinitespire:EvilPickle","hubris:RunicObelisk","reliquary:Boomerang","reliquary:HotPoker","Orichalcum","DollysMirror"],"acts_visited":["Exordium","TheCity","TheBeyond"],"potions_floor_usage":[16,16,16,33,40,50],"damage_taken":[{"damage":12,"enemies":"Small Slimes","floor":1,"turns":4},{"damage":1,"enemies":"Cultist","floor":3,"turns":3},{"damage":3,"enemies":"Jaw Worm","floor":5,"turns":3},{"damage":34,"enemies":"Lagavulin","floor":6,"turns":6},{"damage":14,"enemies":"Gremlin Nob","floor":8,"turns":3},{"damage":0,"enemies":"Large Slime","floor":14,"turns":4},{"damage":0,"enemies":"Slime Boss","floor":16,"turns":5},{"damage":0,"enemies":"Shell Parasite","floor":18,"turns":1},{"damage":0,"enemies":"3 Byrds","floor":24,"turns":3},{"damage":0,"enemies":"Colosseum Slavers","floor":29,"turns":2},{"damage":0,"enemies":"Colosseum Nobs","floor":29,"turns":2},{"damage":8,"enemies":"Centurion and Healer","floor":31,"turns":2},{"damage":0,"enemies":"Pondfish","floor":33,"turns":6},{"damage":0,"enemies":"3 Darklings","floor":35,"turns":1},{"damage":5,"enemies":"3 Shapes","floor":37,"turns":3},{"damage":0,"enemies":"Transient","floor":38,"turns":5},{"damage":20,"enemies":"Sphere and 2 Shapes","floor":39,"turns":4},{"damage":43,"enemies":"Nightmare","floor":40,"turns":4},{"damage":0,"enemies":"R_Hoarder","floor":42,"turns":2},{"damage":0,"enemies":"Spire Growth","floor":46,"turns":1},{"damage":0,"enemies":"4 Shapes","floor":47,"turns":4},{"damage":80,"enemies":"Time Eater","floor":50,"turns":8}],"seed_played":"-4686254862820541222","potions_obtained":[{"floor":1,"key":"BlessingOfTheForge"},{"floor":6,"key":"LiquidBronze"},{"floor":8,"key":"champ:CounterPotion"},{"floor":14,"key":"LifebloodPotion"},{"floor":29,"key":"SmokeBomb"},{"floor":31,"key":"LifebloodPotion"},{"floor":39,"key":"Fire Potion"},{"floor":46,"key":"Block Potion"}],"is_trial":false,"path_per_floor":["M","?","M","$","M","E","R","E","T","$","?","R","?","M","R_BF","B",null,"M","?","$","?","T","?","M","R","T","?","$","?","?","M","R_BF","B",null,"M","?","M","M","M","NM","R","E","T","?","?","M","M","AVR","R","B"],"character_chosen":"IRONCLAD","items_purchased":["Pummel+1","Apotheosis","ReplayTheSpireMod:CursedCoin","reliquary:Aerogel"],"campfire_rested":2,"item_purchase_floors":[4,20,28,28],"current_hp_per_floor":[74,74,79,79,80,52,52,44,44,44,44,44,37,43,43,64,80,80,80,80,80,80,80,80,80,80,64,64,76,79,77,77,80,80,80,72,73,80,66,34,67,73,73,76,79,80,80,80,80,0,0],"gold":848,"neow_bonus":"NOSTALGIA","is_daily":false,"chose_seed":false,"campfire_upgraded":2,"win_rate":0.0,"timestamp":1612413658,"path_taken":["M","?","?","?","M","E","R","E","T","$","?","R","?","M","R_BF","BOSS","M","?","$","?","?","?","M","R","T","?","$","?","?","M","R_BF","BOSS","M","?","M","M","M","NM","R","E","T","?","?","M","M","AVR","R","BOSS"],"items_purchased_type":["Card","Card","Relic","Relic"],"build_version":"2020-12-22","purchased_purges":1,"victory":false,"max_hp_per_floor":[80,80,80,80,80,80,80,80,80,80,80,80,80,80,80,80,80,80,80,80,80,80,80,80,80,80,80,80,80,80,80,80,80,80,80,80,80,80,80,80,80,80,80,80,80,80,80,80,80,80,80],"card_choices":[{"not_picked":["Headbutt","Sword Boomerang","hubris:ReadiedAction"],"picked":"SKIP","floor":1},{"not_picked":["Perfected Strike","ReplayTheSpireMod:Muscle Training"],"picked":"Cleave","floor":3},{"not_picked":["Reckless Charge","Gash"],"picked":"Iron Wave","floor":5},{"not_picked":["Rupture","Run Through"],"picked":"Pommel Strike","floor":6},{"not_picked":["Bloodletting","Biased Cognition","Streamline"],"picked":"SKIP","floor":8},{"not_picked":["Redo","Wild Strike","Barrage"],"picked":"SKIP","floor":14},{"not_picked":["Berserk","Demonic Infusion"],"picked":"Multi-Cast","floor":16},{"not_picked":["Massacre+1","Clash","Hemokinesis"],"picked":"SKIP","floor":18},{"not_picked":["Flame Barrier","Havoc"],"picked":"Anger+1","floor":24},{"not_picked":["ReplayTheSpireMod:Strike From Hell","Clash"],"picked":"Shrug It Off+1","floor":29},{"not_picked":["Hemokinesis","Shrug It Off","Replay:Undeath\u0027s Touch"],"picked":"SKIP","floor":31},{"not_picked":["Barricade","Fiend Fire"],"picked":"Reaper","floor":33},{"not_picked":["Replay:Undeath\u0027s Touch","Blood for Blood","Run Through+1"],"picked":"SKIP","floor":35},{"not_picked":["Run Through+1","Metallicize+1","Sword Boomerang"],"picked":"SKIP","floor":37},{"not_picked":["Clash","ReplayTheSpireMod:Strike From Hell","Perfected Strike"],"picked":"SKIP","floor":38},{"not_picked":["Eclipse","Rage+1"],"picked":"Cleave+1","floor":39},{"not_picked":["hubris:SharpeningStone","Perfected Strike+1","Twin Strike+1"],"picked":"SKIP","floor":40},{"not_picked":["hubris:ReadiedAction+1","Anger+1"],"picked":"Pummel+1","floor":42},{"not_picked":["ReplayReversal+1","Entrench+1","Perfected Strike+1"],"picked":"SKIP","floor":46},{"not_picked":["Searing Blow+1","Second Wind","ReplayTheSpireMod:Corrosion Curse+1"],"picked":"SKIP","floor":47}],"player_experience":474347,"relics_obtained":[{"floor":6,"key":"Runesmith:Nanobots"},{"floor":8,"key":"Toy Ornithopter"},{"floor":9,"key":"Replay:Baseball"},{"floor":15,"key":"hubris:BottledRain"},{"floor":22,"key":"hubris:Metronome"},{"floor":26,"key":"Juzu Bracelet"},{"floor":29,"key":"hubris:CuriousFeather"},{"floor":29,"key":"hubris:SphereOfDissonance"},{"floor":32,"key":"Eternal Feather"},{"floor":40,"key":"reliquary:Boomerang"},{"floor":42,"key":"reliquary:HotPoker"},{"floor":43,"key":"Orichalcum"}],"event_choices":[{"damage_healed":0,"gold_gain":0,"player_choice":"Gave Potion","damage_taken":0,"relics_obtained":["aspiration:HatOfInfinitePower"],"max_hp_gain":0,"max_hp_loss":0,"event_name":"WeMeetAgain","floor":2,"gold_loss":0},{"cards_removed":["Strike_R"],"damage_healed":0,"gold_gain":0,"player_choice":"Card Removal","damage_taken":7,"max_hp_gain":0,"max_hp_loss":0,"event_name":"Golden Wing","floor":13,"gold_loss":0},{"cards_removed":["Iron Wave"],"damage_healed":0,"gold_gain":0,"player_choice":"Give","damage_taken":0,"max_hp_gain":0,"max_hp_loss":0,"event_name":"betterNote:BetterNote","floor":19,"gold_loss":0,"cards_obtained":["None"]},{"cards_removed":["Strike_R"],"damage_healed":0,"gold_gain":0,"player_choice":"Elegance","damage_taken":0,"max_hp_gain":0,"max_hp_loss":0,"event_name":"betterThird:BetterWriting","floor":21,"gold_loss":0},{"damage_healed":0,"gold_gain":0,"player_choice":"Fight","damage_taken":0,"max_hp_gain":0,"max_hp_loss":0,"event_name":"Colosseum","floor":29,"gold_loss":0},{"damage_healed":0,"gold_gain":0,"player_choice":"Fought Nobs","damage_taken":0,"max_hp_gain":0,"max_hp_loss":0,"event_name":"Colosseum","floor":29,"gold_loss":0},{"damage_healed":0,"gold_gain":0,"player_choice":"Damaged","damage_taken":8,"max_hp_gain":0,"max_hp_loss":0,"event_name":"Wheel of Change","floor":36,"gold_loss":0},{"damage_healed":0,"gold_gain":0,"player_choice":"Ignored","damage_taken":0,"max_hp_gain":0,"max_hp_loss":0,"event_name":"Tomb of Lord Red Mask","floor":44,"gold_loss":0}],"is_beta":false,"boss_relics":[{"not_picked":["reliquary:RedPaperclip","reliquary:Ember"],"picked":"reliquary:RedCape"},{"not_picked":["Runesmith:UraniumAnvil","aspiration:MarisaSkillbook"],"picked":"hubris:RunicObelisk"}],"items_purged_floors":[4],"is_endless":true,"potions_floor_spawned":[1,6,8,14,29,31,39,46],"killed_by":"Time Eater","ascension_level":0}}