{"host":"dxldt284mdio0lzg","time":1612450087,"event":{"mods":["AchievementEnabler","BaseMod","Colored Map","Colored Powertips","Minty Spire (QoL Compilation)","SuperFastMode"],"gold_per_floor":[113,65,84,100,114,114,147,147,147,147,157,167,181,181,181,280,280,299,299,214,214,232,232,232,232],"floor_reached":24,"language":"ENG","playtime":809,"items_purged":[],"score":233,"play_id":"e60c6d88-d945-4208-95a6-871b49997e2c","local_time":"20210204154807","is_ascension_mode":true,"campfire_choices":[{"data":"Deadly Poison","floor":6,"key":"SMITH"},{"floor":10,"key":"REST"},{"floor":15,"key":"REST"},{"data":"Burst","floor":23,"key":"SMITH"}],"circlet_count":0,"master_deck":["Defend_G","Defend_G","Defend_G","Defend_G","Defend_G","Survivor","Neutralize","Infinite Blades","Poisoned Stab+1","Deadly Poison+1","Finisher","Dagger Throw","Deadly Poison+1","Slice","Envenom","Accuracy","Crippling Poison","Burst+1","Catalyst+1","Bite","Bite","Bite","Bite","Bite","Blade Dance+1"],"relics":["Ring of the Snake","InkBottle","Paper Crane","WristBlade","Ornamental Fan"],"acts_visited":["Exordium","TheCity"],"potions_floor_usage":[16,24,24],"damage_taken":[{"damage":0,"enemies":"Cultist","floor":1,"turns":4},{"damage":0,"enemies":"Small Slimes","floor":3,"turns":3},{"damage":5,"enemies":"Jaw Worm","floor":4,"turns":4},{"damage":8,"enemies":"2 Fungi Beasts","floor":5,"turns":3},{"damage":30,"enemies":"3 Sentries","floor":7,"turns":10},{"damage":6,"enemies":"3 Louse","floor":11,"turns":4},{"damage":3,"enemies":"Red Slaver","floor":12,"turns":3},{"damage":4,"enemies":"2 Fungi Beasts","floor":13,"turns":3},{"damage":3,"enemies":"Slime Boss","floor":16,"turns":7},{"damage":0,"enemies":"Spheric Guardian","floor":18,"turns":3},{"damage":11,"enemies":"Shell Parasite","floor":22,"turns":4},{"damage":56,"enemies":"Book of Stabbing","floor":24,"turns":6}],"seed_played":"4899870587389276392","potions_obtained":[{"floor":3,"key":"Strength Potion"},{"floor":5,"key":"BlessingOfTheForge"},{"floor":7,"key":"Swift Potion"},{"floor":11,"key":"Fruit Juice"}],"is_trial":false,"path_per_floor":["M","$","M","M","M","R","E","?","T","R","M","M","M","?","R","B",null,"M","?","?","?","M","R","E"],"character_chosen":"THE_SILENT","items_purchased":["Deadly Poison"],"campfire_rested":2,"item_purchase_floors":[2],"current_hp_per_floor":[70,70,70,65,57,57,27,27,27,48,42,39,35,21,42,44,75,75,52,52,52,43,43,0,0],"gold":232,"neow_bonus":"TRANSFORM_CARD","is_daily":false,"chose_seed":false,"campfire_upgraded":2,"win_rate":0.0,"timestamp":1612450087,"path_taken":["M","$","?","M","M","R","E","?","T","R","M","M","M","?","R","BOSS","M","?","?","?","M","R","E"],"items_purchased_type":["Card"],"build_version":"2020-12-22","purchased_purges":0,"victory":false,"max_hp_per_floor":[70,70,70,70,70,70,70,70,70,70,70,70,70,70,70,75,75,75,52,52,52,52,52,52,52],"card_choices":[{"not_picked":["Predator","Dagger Spray"],"picked":"Poisoned Stab","floor":1},{"not_picked":["Dagger Spray","Prepared"],"picked":"Finisher","floor":3},{"not_picked":["Deflect","Eviscerate"],"picked":"Dagger Throw","floor":4},{"not_picked":["Backflip","PiercingWail"],"picked":"Deadly Poison","floor":5},{"not_picked":["Blur","Expertise"],"picked":"Slice","floor":7},{"not_picked":["Heel Hook","Flying Knee"],"picked":"Envenom","floor":11},{"not_picked":["Masterful Stab","Well Laid Plans"],"picked":"Accuracy","floor":12},{"not_picked":["Backstab","Underhanded Strike"],"picked":"Crippling Poison","floor":13},{"not_picked":["Venomology","Phantasmal Killer"],"picked":"Burst","floor":16},{"not_picked":["Finisher+1","Calculated Gamble+1"],"picked":"Catalyst","floor":18},{"not_picked":["Poisoned Stab","Dagger Throw"],"picked":"Blade Dance+1","floor":22}],"player_experience":90521,"relics_obtained":[{"floor":7,"key":"InkBottle"},{"floor":9,"key":"Paper Crane"}],"event_choices":[{"damage_healed":0,"gold_gain":0,"player_choice":"Ignored","damage_taken":0,"max_hp_gain":0,"max_hp_loss":0,"event_name":"Golden Wing","floor":8,"gold_loss":0},{"damage_healed":0,"gold_gain":0,"player_choice":"Entered Light","damage_taken":14,"max_hp_gain":0,"max_hp_loss":0,"event_name":"Shining Light","floor":14,"gold_loss":0,"cards_upgraded":["Poisoned Stab","Deadly Poison"]},{"damage_healed":0,"gold_gain":0,"player_choice":"Became a vampire","damage_taken":0,"max_hp_gain":0,"max_hp_loss":23,"event_name":"Vampires","floor":19,"gold_loss":0,"cards_obtained":["Bite","Bite","Bite","Bite","Bite"]},{"damage_healed":0,"gold_gain":0,"player_choice":"Obtained Relic","damage_taken":0,"relics_obtained":["Ornamental Fan"],"max_hp_gain":0,"max_hp_loss":0,"event_name":"Addict","floor":20,"gold_loss":85},{"damage_healed":0,"gold_gain":0,"player_choice":"Upgraded","damage_taken":0,"max_hp_gain":0,"max_hp_loss":0,"event_name":"Upgrade Shrine","floor":21,"gold_loss":0,"cards_upgraded":["Catalyst"]}],"is_beta":false,"boss_relics":[{"not_picked":["Ring of the Serpent","Fusion Hammer"],"picked":"WristBlade"}],"items_purged_floors":[],"is_endless":false,"potions_floor_spawned":[3,5,7,11,13],"killed_by":"Book of Stabbing","ascension_level":1}}