{"host":"oor112x12afcc54z","time":1612405878,"event":{"mods":["AchievementEnabler","BaseMod","DeckTracker","Keyboard Shortcuts","Minty Spire (QoL Compilation)","SuperFastMode"],"gold_per_floor":[113,132,181,198,210,210,240,250,250,265,284,284,284,284,284,284,284],"floor_reached":16,"language":"KOR","playtime":366,"items_purged":[],"score":161,"play_id":"ec4f1951-f1b3-4fca-8277-3d6f6c73cae6","local_time":"20210204113118","is_ascension_mode":true,"campfire_choices":[{"floor":6,"key":"REST"},{"data":"Eruption","floor":13,"key":"SMITH"},{"floor":15,"key":"REST"}],"circlet_count":0,"master_deck":["AscendersBane","Strike_P","Strike_P+1","Strike_P","Defend_P","Defend_P+1","Defend_P","Defend_P","Eruption+1","Vigilance","FlurryOfBlows+1","TalkToTheHand","FearNoEvil","SignatureMove+1"],"relics":["PureWater","NeowsBlessing","Smiling Mask","Whetstone"],"acts_visited":["Exordium"],"potions_floor_usage":[7,7,16],"damage_taken":[{"damage":0,"enemies":"Cultist","floor":1,"turns":1},{"damage":0,"enemies":"Small Slimes","floor":2,"turns":1},{"damage":0,"enemies":"Jaw Worm","floor":4,"turns":1},{"damage":48,"enemies":"Exordium Thugs","floor":5,"turns":5},{"damage":10,"enemies":"3 Sentries","floor":7,"turns":8},{"damage":0,"enemies":"Blue Slaver","floor":8,"turns":4},{"damage":7,"enemies":"2 Fungi Beasts","floor":10,"turns":4},{"damage":6,"enemies":"Gremlin Gang","floor":11,"turns":3},{"damage":28,"enemies":"The Guardian","floor":16,"turns":4}],"seed_played":"-1715822077494722039","potions_obtained":[{"floor":2,"key":"GamblersBrew"},{"floor":4,"key":"PowerPotion"},{"floor":11,"key":"ColorlessPotion"}],"is_trial":false,"path_per_floor":["M","M","T","M","M","R","E","M","T","M","M","?","R","?","R","B"],"character_chosen":"WATCHER","items_purchased":[],"campfire_rested":2,"item_purchase_floors":[],"current_hp_per_floor":[65,65,65,65,17,38,28,28,28,21,15,15,15,1,22,0,0],"gold":284,"neow_bonus":"THREE_ENEMY_KILL","is_daily":false,"chose_seed":false,"campfire_upgraded":1,"win_rate":0.0,"timestamp":1612405878,"path_taken":["M","?","?","?","M","R","E","M","T","M","M","?","R","?","R","BOSS"],"items_purchased_type":[],"build_version":"2020-12-22","purchased_purges":0,"victory":false,"max_hp_per_floor":[72,72,72,72,72,72,72,72,72,72,72,72,72,72,72,72,72],"card_choices":[{"not_picked":["EmptyFist","FollowUp"],"picked":"FlurryOfBlows","floor":1},{"not_picked":["EmptyMind","Pray"],"picked":"TalkToTheHand","floor":2},{"not_picked":["FlyingSleeves","FollowUp"],"picked":"FearNoEvil","floor":4},{"not_picked":["FollowUp","Meditate"],"picked":"SignatureMove","floor":5},{"not_picked":["Crescendo","Worship","Devotion"],"picked":"SKIP","floor":7},{"not_picked":["FollowUp","BattleHymn","WindmillStrike"],"picked":"SKIP","floor":8},{"not_picked":["Halt","FlurryOfBlows","EmptyFist"],"picked":"SKIP","floor":10},{"not_picked":["EmptyFist","WreathOfFlame","Indignation"],"picked":"SKIP","floor":11}],"player_experience":439214,"relics_obtained":[{"floor":3,"key":"Smiling Mask"},{"floor":7,"key":"Whetstone"}],"event_choices":[{"cards_removed":["Strike_P"],"damage_healed":0,"gold_gain":0,"player_choice":"Forget","damage_taken":0,"max_hp_gain":0,"max_hp_loss":0,"event_name":"Living Wall","floor":12,"gold_loss":0},{"damage_healed":0,"gold_gain":0,"player_choice":"Entered Light","damage_taken":14,"max_hp_gain":0,"max_hp_loss":0,"event_name":"Shining Light","floor":14,"gold_loss":0,"cards_upgraded":["Defend_P","Strike_P"]}],"is_beta":false,"boss_relics":[],"items_purged_floors":[],"is_endless":false,"potions_floor_spawned":[2,4,11],"killed_by":"The Guardian","ascension_level":11}}