{"host":"1ooxfz79hmpvpehx","time":1612480803,"event":{"mods":["BaseMod","Minty Spire (QoL Compilation)","Quick Restart","Replay The Spire","StSLib","SuperFastMode"],"gold_per_floor":[117,117,117,117,42,42,42,60,85,110,110,10,21,21,21,125,125,140,156,169,20,31,61,61,90,90,106,106,106,123,148,148,148,148],"floor_reached":33,"language":"ENG","playtime":829,"items_purged":["Defend_R","Defend_R"],"score":343,"play_id":"1f359815-61d3-405d-abb9-5663796c102b","local_time":"20210204202003","is_ascension_mode":false,"campfire_choices":[{"data":"Eruption","floor":6,"key":"SMITH"},{"data":"Shockwave","floor":11,"key":"SMITH"},{"data":"Defend_R","floor":15,"key":"PURGE"},{"data":"Hemogenesis","floor":24,"key":"SMITH"},{"data":"Ragnarok","floor":28,"key":"SMITH"},{"floor":32,"key":"REST"}],"circlet_count":0,"master_deck":["Strike_R","Strike_R","Strike_R","Strike_R","Strike_R","Shockwave+1","Eruption+1","Ragnarok+1","Hemogenesis+1","Disarm+1","Pummel","Spreading Infection"],"relics":["NeowsBlessing","ReplayTheSpireMod:TigerMarble","Replay:M_SmolderingBlood","Nunchaku","Bag of Preparation","ReplayTheSpireMod:Shallot","Empty Cage","Sling","Blood Vial","Pen Nib","Quantum Egg","Ring of Peace","Ring of Peace","Strawberry"],"acts_visited":["Exordium","TheCity"],"potions_floor_usage":[22,25,25,33],"damage_taken":[{"damage":0,"enemies":"Small Slimes","floor":1,"turns":1},{"damage":0,"enemies":"Jaw Worm","floor":8,"turns":1},{"damage":0,"enemies":"2 Louse","floor":13,"turns":1},{"damage":44,"enemies":"The Guardian","floor":16,"turns":4},{"damage":11,"enemies":"Chosen","floor":18,"turns":2},{"damage":0,"enemies":"2 Thieves","floor":19,"turns":1},{"damage":17,"enemies":"Cultist and Chosen","floor":20,"turns":2},{"damage":26,"enemies":"Centurion and Healer","floor":22,"turns":3},{"damage":0,"enemies":"Gremlin Leader","floor":23,"turns":4},{"damage":20,"enemies":"Book of Stabbing","floor":25,"turns":4},{"damage":20,"enemies":"Snecko","floor":27,"turns":3},{"damage":6,"enemies":"Chosen and Byrds","floor":30,"turns":4},{"damage":0,"enemies":"Replay:Snechameleon","floor":31,"turns":3},{"damage":130,"enemies":"Automaton","floor":33,"turns":6}],"seed_played":"-2870251918658835486","potions_obtained":[{"floor":1,"key":"LiquidMemories"},{"floor":19,"key":"LiquidBronze"},{"floor":20,"key":"Energy Potion"},{"floor":23,"key":"Milkshake"},{"floor":27,"key":"Swift Potion"}],"is_trial":false,"path_per_floor":["M","?","?","?","$","R","$","M","T","T","R","$","M","?","R","B",null,"M","M","M","$","M","E","R","E","T","M","R","?","M","E","R","B"],"character_chosen":"IRONCLAD","items_purchased":["Sling"],"campfire_rested":1,"item_purchase_floors":[21],"current_hp_per_floor":[80,80,80,73,73,73,73,73,73,73,73,73,73,73,73,29,80,69,69,52,52,26,26,26,16,16,6,6,6,10,27,53,0,0],"gold":148,"neow_bonus":"THREE_ENEMY_KILL","is_daily":false,"chose_seed":false,"campfire_upgraded":4,"win_rate":0.0,"timestamp":1612480803,"path_taken":["M","?","?","?","$","R","?","M","T","?","R","$","M","?","R","BOSS","M","M","?","$","M","E","R","E","T","M","R","?","M","E","R","BOSS"],"items_purchased_type":["Relic"],"build_version":"2020-12-22","purchased_purges":2,"victory":false,"max_hp_per_floor":[80,80,80,80,80,80,80,80,80,80,80,80,80,80,80,80,80,80,80,80,80,80,80,80,80,80,80,80,80,80,87,87,87,87],"card_choices":[{"not_picked":["Flame Barrier","Life Link"],"picked":"Shockwave","floor":1},{"not_picked":["Armaments","Blood for Blood","Infernal Blade"],"picked":"SKIP","floor":8},{"not_picked":["Warcry","Crescendo"],"picked":"Perfected Strike","floor":13},{"not_picked":["Reaper","Offering"],"picked":"Ragnarok","floor":16},{"not_picked":["Replay:Undeath\u0027s Touch","Run Through","Defy Death+1"],"picked":"SKIP","floor":18},{"not_picked":["Twin Strike","ReplayTheSpireMod:Stacked+1","Clothesline"],"picked":"SKIP","floor":19},{"not_picked":["Sword Boomerang+1","Searing Blow","Massacre"],"picked":"SKIP","floor":20},{"not_picked":["ReplayTheSpireMod:Strike From Hell","Armaments","Massacre"],"picked":"SKIP","floor":22},{"not_picked":["Entrench","Body Slam"],"picked":"Hemogenesis","floor":23},{"not_picked":["Uppercut","Intimidate"],"picked":"Disarm+1","floor":25},{"not_picked":["Entrench","Body Slam"],"picked":"Pummel","floor":27},{"not_picked":["Armaments+1","Headbutt","Sword Boomerang"],"picked":"SKIP","floor":30},{"not_picked":["Carnage","Body Slam","Abandon"],"picked":"SKIP","floor":31}],"player_experience":0,"relics_obtained":[{"floor":9,"key":"Nunchaku"},{"floor":10,"key":"Bag of Preparation"},{"floor":23,"key":"Blood Vial"},{"floor":25,"key":"Pen Nib"},{"floor":26,"key":"Quantum Egg"},{"floor":29,"key":"Ring of Peace"},{"floor":29,"key":"Ring of Peace"},{"floor":31,"key":"Strawberry"}],"event_choices":[{"damage_healed":0,"gold_gain":0,"player_choice":"Box","damage_taken":0,"relics_obtained":["ReplayTheSpireMod:TigerMarble"],"max_hp_gain":0,"max_hp_loss":0,"event_name":"Big Fish","floor":2,"gold_loss":0,"cards_obtained":["Regret"]},{"cards_removed":["Regret"],"damage_healed":0,"gold_gain":0,"player_choice":"Card Removal","damage_taken":7,"max_hp_gain":0,"max_hp_loss":0,"event_name":"Golden Wing","floor":4,"gold_loss":0},{"damage_healed":0,"gold_gain":0,"player_choice":"Gave Potion","damage_taken":0,"relics_obtained":["ReplayTheSpireMod:Shallot"],"max_hp_gain":0,"max_hp_loss":0,"event_name":"WeMeetAgain","floor":14,"gold_loss":0}],"is_beta":false,"boss_relics":[{"not_picked":["Velvet Choker","ChewingGum"],"picked":"Empty Cage"}],"items_purged_floors":[5,12],"is_endless":false,"potions_floor_spawned":[1,19,20,23,27],"killed_by":"Automaton","ascension_level":0}}