{"host":"fuszjwm6fqgjjp4d","time":1612428122,"event":{"mods":["BaseMod","Bestiary","Colored Map","Minty Spire (QoL Compilation)","Permanent Neow","Relic Sorter","Relic Stats","StSLib"],"gold_per_floor":[117,117,182,182,198,198,208,236,236,255,255,255,255,286,286,360,360,371,83,93,93,107,137,137,169,169,186,199,27,27,27,27,101,101,112,29,48,20,37,37,70,70,70,88,103,103,103,103],"floor_reached":47,"language":"ENG","playtime":1612,"items_purged":[],"score":1181,"play_id":"f4638075-de80-4e26-8145-185a6c81ab36","local_time":"20210204024202","is_ascension_mode":true,"campfire_choices":[{"data":"Zap","floor":6.0,"key":"SMITH"},{"data":"Hologram","floor":11.0,"key":"SMITH"},{"data":"Fission","floor":13.0,"key":"SMITH"},{"data":"Go for the Eyes","floor":15.0,"key":"SMITH"},{"data":"Machine Learning","floor":24.0,"key":"SMITH"},{"floor":32.0,"key":"REST"},{"data":"Hyperbeam","floor":40.0,"key":"SMITH"},{"floor":42.0,"key":"REST"},{"floor":46.0,"key":"REST"}],"circlet_count":0,"master_deck":["AscendersBane","Strike_B","Strike_B","Strike_B","Strike_B","Defend_B","Defend_B","Defend_B","Defend_B","Zap+1","Dualcast","Hyperbeam+1","Fission+1","Leap","Hologram+1","Go for the Eyes+1","Steam Power+1","Machine Learning+1","Beam Cell","Hologram+1","Core Surge","Turbo+1","Self Repair","White Noise+1","Pain","Echo Form","CurseOfTheBell","Hyperbeam+1","Go for the Eyes","Hologram+1","Shame","Streamline+1"],"relics":["Cracked Core","Gremlin Horn","Bronze Scales","Shuriken","Pear","Toxic Egg 2","Cursed Key","Eternal Feather","Anchor","Kunai","ClockworkSouvenir","WarpedTongs","Calling Bell","Smiling Mask","Ornamental Fan","Ice Cream","Strawberry","Molten Egg 2"],"acts_visited":["Exordium","TheCity","TheBeyond"],"potions_floor_usage":[47],"damage_taken":[{"damage":7.0,"enemies":"Jaw Worm","floor":1.0,"turns":4.0},{"damage":0.0,"enemies":"Small Slimes","floor":5.0,"turns":2.0},{"damage":0.0,"enemies":"Cultist","floor":7.0,"turns":2.0},{"damage":8.0,"enemies":"Gremlin Nob","floor":8.0,"turns":3.0},{"damage":9.0,"enemies":"Exordium Wildlife","floor":10.0,"turns":2.0},{"damage":0.0,"enemies":"Lagavulin","floor":14.0,"turns":3.0},{"damage":37.0,"enemies":"Hexaghost","floor":16.0,"turns":8.0},{"damage":0.0,"enemies":"Chosen","floor":18.0,"turns":3.0},{"damage":0.0,"enemies":"Shell Parasite","floor":20.0,"turns":2.0},{"damage":10.0,"enemies":"Snake Plant","floor":22.0,"turns":4.0},{"damage":0.0,"enemies":"Gremlin Leader","floor":23.0,"turns":3.0},{"damage":19.0,"enemies":"Slavers","floor":25.0,"turns":2.0},{"damage":4.0,"enemies":"Snecko","floor":27.0,"turns":3.0},{"damage":8.0,"enemies":"Centurion and Healer","floor":28.0,"turns":3.0},{"damage":16.0,"enemies":"Champ","floor":33.0,"turns":12.0},{"damage":0.0,"enemies":"Orb Walker","floor":35.0,"turns":2.0},{"damage":3.0,"enemies":"3 Darklings","floor":37.0,"turns":2.0},{"damage":17.0,"enemies":"Transient","floor":39.0,"turns":6.0},{"damage":99.0,"enemies":"Reptomancer","floor":41.0,"turns":6.0},{"damage":11.0,"enemies":"Maw","floor":44.0,"turns":7.0},{"damage":52.0,"enemies":"4 Shapes","floor":45.0,"turns":4.0},{"damage":91,"enemies":"Giant Head","floor":47,"turns":9}],"seed_played":"-8924813092275146240","potions_obtained":[{"floor":5.0,"key":"SteroidPotion"},{"floor":8.0,"key":"PotionOfCapacity"},{"floor":14.0,"key":"Strength Potion"},{"floor":16.0,"key":"LiquidBronze"},{"floor":18.0,"key":"SteroidPotion"},{"floor":23.0,"key":"Fruit Juice"},{"floor":25.0,"key":"Energy Potion"},{"floor":27.0,"key":"Ancient Potion"},{"floor":37.0,"key":"Fruit Juice"},{"floor":44.0,"key":"ColorlessPotion"}],"is_trial":false,"path_per_floor":["M","?","?","?","M","R","M","E","T","M","R","T","R","E","R","B",null,"M","$","M","?","M","E","R","E","T","M","M","$","?","?","R","B",null,"M","?","M","$","M","R","E","R","T","M","M","R","E"],"character_chosen":"DEFECT","items_purchased":["Eternal Feather","Hologram+1","ClockworkSouvenir","Go for the Eyes"],"campfire_rested":3,"item_purchase_floors":[19,19,29,38],"current_hp_per_floor":[57,52,52,52,52,52,52,44,44,35,35,45,45,45,45,8,63,63,63,63,63,53,53,65,46,46,47,39,39,14,14,56,54,82,82,89,86,86,79,97,13,61,61,57,15,63,0,0],"gold":103,"neow_bonus":"ONE_RANDOM_RARE_CARD","is_daily":false,"chose_seed":false,"campfire_upgraded":6,"win_rate":0.0,"timestamp":1612428122,"path_taken":["M","?","?","?","M","R","M","E","T","M","R","?","R","E","R","BOSS","M","$","M","?","M","E","R","E","T","M","?","$","?","?","R","BOSS","M","?","?","?","M","R","E","R","T","M","M","R","E"],"items_purchased_type":["Relic","Card","Relic","Card"],"build_version":"2020-12-22","purchased_purges":0,"victory":false,"max_hp_per_floor":[71,71,71,71,71,71,71,71,71,71,71,81,81,81,81,81,81,81,81,81,81,81,81,81,81,81,86,86,86,91,91,91,91,91,91,98,98,98,98,98,103,103,103,103,103,103,103,103],"relic_stats":{"Gremlin Horn":[14,14],"counters":[22,92],"Shuriken":[38],"Ornamental Fan":[72],"Bronze Scales":[204],"Eternal Feather":81,"Kunai":[30],"Cursed Key":1,"Smiling Mask":0,"obtain_stats":[{"Ice Cream":34,"Pear":12,"Gremlin Horn":2,"Eternal Feather":19,"Cursed Key":17,"Smiling Mask":34,"ClockworkSouvenir":29,"WarpedTongs":31,"Calling Bell":34,"Anchor":23,"Shuriken":9,"Ornamental Fan":34,"Bronze Scales":8,"Strawberry":36,"Molten Egg 2":41,"Kunai":25,"Toxic Egg 2":14,"Cracked Core":0},{"Ice Cream":15,"Pear":5,"Gremlin Horn":1,"Eternal Feather":8,"Cursed Key":7,"Smiling Mask":15,"ClockworkSouvenir":14,"WarpedTongs":14,"Calling Bell":15,"Anchor":11,"Shuriken":4,"Ornamental Fan":15,"Bronze Scales":4,"Strawberry":16,"Molten Egg 2":19,"Kunai":12,"Toxic Egg 2":6,"Cracked Core":0},{"Ice Cream":56,"Pear":13,"Gremlin Horn":4,"Eternal Feather":27,"Cursed Key":24,"Smiling Mask":56,"ClockworkSouvenir":44,"WarpedTongs":44,"Calling Bell":56,"Anchor":36,"Shuriken":11,"Ornamental Fan":56,"Bronze Scales":11,"Strawberry":58,"Molten Egg 2":72,"Kunai":38,"Toxic Egg 2":16,"Cracked Core":0}],"WarpedTongs":[45]},"card_choices":[{"not_picked":["Gash","Undo","Scrape"],"picked":"SKIP","floor":1.0},{"not_picked":["Cold Snap","Coolheaded"],"picked":"Fission","floor":5.0},{"not_picked":["Defragment","Hello World"],"picked":"Leap","floor":7.0},{"not_picked":["Glacier","Redo"],"picked":"Hologram","floor":8.0},{"not_picked":["Cold Snap","Static Discharge"],"picked":"Go for the Eyes","floor":10.0},{"not_picked":["Biased Cognition","Auto Shields+1"],"picked":"Steam Power+1","floor":14.0},{"not_picked":["Rainbow+1","Electrodynamics"],"picked":"Machine Learning","floor":16.0},{"not_picked":["Cold Snap","Leap+1"],"picked":"Beam Cell","floor":18.0},{"not_picked":["Coolheaded+1","Hologram+1","Gash"],"picked":"SKIP","floor":20.0},{"not_picked":["Stack+1","Compile Driver","Lockon"],"picked":"SKIP","floor":22.0},{"not_picked":["Rip and Tear","Coolheaded+1"],"picked":"Turbo+1","floor":23.0},{"not_picked":["Consume+1","Cold Snap+1"],"picked":"Self Repair","floor":25.0},{"not_picked":["Undo+1","Capacitor","Force Field+1"],"picked":"SKIP","floor":27.0},{"not_picked":["Sweeping Beam","Undo+1"],"picked":"White Noise+1","floor":28.0},{"not_picked":["Fission+1","Hyperbeam"],"picked":"Echo Form","floor":33.0},{"not_picked":["Hello World+1","Capacitor+1","Barrage+1"],"picked":"SKIP","floor":35.0},{"not_picked":["Stack+1","Barrage+1"],"picked":"Hyperbeam","floor":37.0},{"not_picked":["Hologram+1","Redo+1","Gash"],"picked":"SKIP","floor":39.0},{"not_picked":["Redo+1","Gash"],"picked":"Hologram+1","floor":39.0},{"not_picked":["Defragment","Barrage+1","Redo+1"],"picked":"SKIP","floor":41.0},{"not_picked":["Redo+1","Undo+1"],"picked":"Streamline+1","floor":44.0},{"not_picked":["Darkness+1","Capacitor","Go for the Eyes+1"],"picked":"SKIP","floor":45.0}],"player_experience":1438843,"relics_obtained":[{"floor":8.0,"key":"Bronze Scales"},{"floor":9.0,"key":"Shuriken"},{"floor":12.0,"key":"Pear"},{"floor":14.0,"key":"Toxic Egg 2"},{"floor":23.0,"key":"Anchor"},{"floor":25.0,"key":"Kunai"},{"floor":34.0,"key":"Smiling Mask"},{"floor":34.0,"key":"Ornamental Fan"},{"floor":34.0,"key":"Ice Cream"},{"floor":41.0,"key":"Molten Egg 2"}],"event_choices":[{"damage_healed":0.0,"max_hp_gain":0.0,"max_hp_loss":0.0,"gold_gain":0.0,"event_name":"Scrap Ooze","player_choice":"Success","floor":2.0,"gold_loss":0.0,"damage_taken":5.0,"relics_obtained":["Gremlin Horn"]},{"damage_healed":0.0,"max_hp_gain":0.0,"max_hp_loss":0.0,"gold_gain":65.0,"event_name":"Golden Wing","player_choice":"Gained Gold","floor":3.0,"gold_loss":0.0,"damage_taken":0.0},{"damage_healed":0.0,"max_hp_gain":0.0,"max_hp_loss":0.0,"gold_gain":0.0,"event_name":"Living Wall","player_choice":"Grow","floor":4.0,"gold_loss":0.0,"damage_taken":0.0,"cards_upgraded":["Hyperbeam"]},{"damage_healed":0.0,"max_hp_gain":0.0,"max_hp_loss":0.0,"gold_gain":0.0,"event_name":"Match and Keep!","player_choice":"1 cards matched","floor":21.0,"gold_loss":0.0,"damage_taken":0.0,"cards_obtained":["Core Surge"]},{"damage_healed":0.0,"max_hp_gain":5.0,"max_hp_loss":0.0,"gold_gain":0.0,"event_name":"Forgotten Altar","player_choice":"Shed Blood","floor":30.0,"gold_loss":0.0,"damage_taken":30.0},{"damage_healed":0.0,"max_hp_gain":0.0,"max_hp_loss":0.0,"gold_gain":0.0,"event_name":"Accursed Blacksmith","player_choice":"Rummage","floor":31.0,"gold_loss":0.0,"damage_taken":0.0,"relics_obtained":["WarpedTongs"],"cards_obtained":["Pain"]},{"damage_healed":0.0,"max_hp_gain":0.0,"max_hp_loss":0.0,"gold_gain":0.0,"event_name":"WeMeetAgain","player_choice":"Paid Gold","floor":36.0,"gold_loss":83.0,"damage_taken":0.0,"relics_obtained":["Strawberry"]}],"is_beta":false,"boss_relics":[{"not_picked":["Runic Dome","Snecko Eye"],"picked":"Cursed Key"},{"not_picked":["FrozenCore","Astrolabe"],"picked":"Calling Bell"}],"items_purged_floors":[],"is_endless":false,"potions_floor_spawned":[5,8,14,16,18,23,25,27,37,39,44],"killed_by":"Giant Head","ascension_level":20}}