{"host":"dggqshehf2ar9kzd","time":1612429826,"event":{"mods":["BaseMod","Highlight Path","Minty Spire (QoL Compilation)"],"gold_per_floor":[119,132,132,146,71,104,104,138,138,138,150,175,175,190,190,294,294,308,223,237,39,39,39,72,72,99,128,142,171,185,203,203,304,304,314,327,202,202,52,52,83,165,216,216,266,291,291,116,116,116],"floor_reached":51,"language":"ENG","playtime":3009,"items_purged":["Strike_P","Eruption","Strike_P","Defend_P","Vault"],"score":1023,"play_id":"6e9ef8dd-0319-428a-b0a9-656da780c969","local_time":"20210204041026","is_ascension_mode":true,"campfire_choices":[{"data":"PathToVictory","floor":7,"key":"SMITH"},{"data":"Sanctity","floor":10,"key":"SMITH"},{"floor":15,"key":"REST"},{"data":"PathToVictory","floor":23,"key":"SMITH"},{"data":"Prostrate","floor":25,"key":"SMITH"},{"data":"Vigilance","floor":32,"key":"PURGE"},{"data":"Defend_P","floor":40,"key":"PURGE"},{"data":"Defend_P","floor":47,"key":"PURGE"},{"data":"Sanctity+1","floor":49,"key":"PURGE"}],"circlet_count":0,"master_deck":["Defend_P+1","CutThroughFate","PathToVictory+1","CutThroughFate","PathToVictory+1","Prostrate+1","Prostrate+1","PathToVictory+1","Prostrate+1","Trip","Halt","JustLucky+1","Prostrate+1","ThirdEye","Halt","JustLucky+1","JustLucky+1","Weave+1"],"relics":["PureWater","Incense Burner","Girya","Unceasing Top","PreservedInsect","Molten Egg 2","Runic Dome","Meat on the Bone","CaptainsWheel","Happy Flower","Tiny Chest","Peace Pipe","Empty Cage","Art of War","Mummified Hand","Damaru","Gremlin Horn","Thread and Needle","War Paint"],"acts_visited":["Exordium","TheCity","TheBeyond"],"potions_floor_usage":[3,6,12,33,45],"damage_taken":[{"damage":0,"enemies":"Small Slimes","floor":1,"turns":4},{"damage":0,"enemies":"Cultist","floor":2,"turns":2},{"damage":3,"enemies":"Jaw Worm","floor":4,"turns":2},{"damage":27,"enemies":"3 Sentries","floor":6,"turns":10},{"damage":8,"enemies":"Gremlin Nob","floor":8,"turns":3},{"damage":1,"enemies":"Exordium Wildlife","floor":11,"turns":3},{"damage":23,"enemies":"3 Sentries","floor":12,"turns":10},{"damage":0,"enemies":"Blue Slaver","floor":14,"turns":3},{"damage":23,"enemies":"The Guardian","floor":16,"turns":7},{"damage":0,"enemies":"Shell Parasite","floor":18,"turns":4},{"damage":1,"enemies":"3 Byrds","floor":20,"turns":4},{"damage":6,"enemies":"Slavers","floor":24,"turns":5},{"damage":0,"enemies":"Book of Stabbing","floor":27,"turns":4},{"damage":10,"enemies":"Snecko","floor":28,"turns":4},{"damage":0,"enemies":"Gremlin Leader","floor":29,"turns":3},{"damage":13,"enemies":"Centurion and Healer","floor":30,"turns":3},{"damage":9,"enemies":"Sentry and Sphere","floor":31,"turns":7},{"damage":29,"enemies":"Collector","floor":33,"turns":5},{"damage":0,"enemies":"Orb Walker","floor":35,"turns":3},{"damage":0,"enemies":"3 Darklings","floor":36,"turns":3},{"damage":4,"enemies":"Nemesis","floor":41,"turns":6},{"damage":0,"enemies":"2 Orb Walkers","floor":45,"turns":2},{"damage":0,"enemies":"Giant Head","floor":46,"turns":4},{"damage":0,"enemies":"Donu and Deca","floor":50,"turns":3}],"seed_played":"-6467082371792714455","potions_obtained":[{"floor":2,"key":"Swift Potion"},{"floor":3,"key":"Fruit Juice"},{"floor":3,"key":"SkillPotion"},{"floor":3,"key":"AttackPotion"},{"floor":6,"key":"Fruit Juice"},{"floor":11,"key":"GamblersBrew"},{"floor":14,"key":"Fire Potion"},{"floor":16,"key":"Energy Potion"},{"floor":18,"key":"Dexterity Potion"},{"floor":30,"key":"Swift Potion"},{"floor":33,"key":"EssenceOfSteel"},{"floor":46,"key":"GamblersBrew"}],"is_trial":false,"path_per_floor":["M","M","?","M","$","E","R","E","T","R","M","E","?","M","R","B",null,"M","?","M","$","?","R","E","R","T","E","M","E","M","M","R","B",null,"M","M","$","?","$","R","E","T","T","T","?","E","R","$","R","B",null],"character_chosen":"WATCHER","items_purchased":["Trip"],"campfire_rested":1,"item_purchase_floors":[21],"current_hp_per_floor":[72,72,77,74,74,52,52,44,44,44,43,20,8,8,32,9,82,82,82,81,81,81,81,75,75,75,75,65,65,52,43,43,26,82,82,82,82,82,82,82,78,78,78,78,78,78,78,78,78,78],"gold":116,"neow_bonus":"THREE_CARDS","is_daily":false,"chose_seed":false,"campfire_upgraded":4,"win_rate":0.0,"timestamp":1612429826,"path_taken":["M","M","?","?","$","E","R","E","T","R","M","E","?","M","R","BOSS","M","?","M","$","?","R","E","R","T","E","M","E","M","M","R","BOSS","M","M","?","?","$","R","E","?","T","?","?","E","R","$","R","BOSS"],"items_purchased_type":["Card"],"build_version":"2020-12-22","purchased_purges":5,"victory":true,"max_hp_per_floor":[72,72,77,77,77,82,82,82,82,82,82,82,82,82,82,82,82,82,82,82,82,82,82,82,82,82,82,82,82,82,82,82,82,82,82,82,82,82,82,82,82,82,82,82,82,82,82,82,82,82],"card_choices":[{"not_picked":["FearNoEvil","JustLucky"],"picked":"CutThroughFate","floor":0},{"not_picked":["Perseverance","ThirdEye"],"picked":"PathToVictory","floor":1},{"not_picked":["Evaluate","InnerPeace"],"picked":"CutThroughFate","floor":2},{"not_picked":["CrushJoints","ReachHeaven"],"picked":"PathToVictory","floor":4},{"not_picked":["BowlingBash","Establishment"],"picked":"Sanctity","floor":6},{"not_picked":["Crescendo","Ragnarok","CutThroughFate"],"picked":"SKIP","floor":8},{"not_picked":["EmptyMind","FlurryOfBlows"],"picked":"Prostrate","floor":11},{"not_picked":["Consecrate","Crescendo","ClearTheMind"],"picked":"SKIP","floor":12},{"not_picked":["Crescendo","Collect"],"picked":"Prostrate","floor":14},{"not_picked":["Omniscience","DeusExMachina"],"picked":"Vault","floor":16},{"not_picked":["BattleHymn","DeceiveReality"],"picked":"PathToVictory","floor":18},{"not_picked":["Collect","FlurryOfBlows+1"],"picked":"Prostrate+1","floor":20},{"not_picked":["Fasting2+1","ClearTheMind+1"],"picked":"Halt","floor":24},{"not_picked":["BowlingBash+1","Halt"],"picked":"JustLucky+1","floor":27},{"not_picked":["TalkToTheHand+1","FlurryOfBlows+1"],"picked":"Prostrate+1","floor":28},{"not_picked":["Wallop+1","Crescendo+1","Judgement"],"picked":"SKIP","floor":29},{"not_picked":["EmptyFist+1","Adaptation"],"picked":"ThirdEye","floor":30},{"not_picked":["InnerPeace+1","Worship+1"],"picked":"Halt","floor":31},{"not_picked":["Meditate","LikeWater","WreathOfFlame"],"picked":"SKIP","floor":35},{"not_picked":["Crescendo+1","EmptyFist+1"],"picked":"JustLucky+1","floor":36},{"not_picked":["ClearTheMind","EmptyFist+1"],"picked":"JustLucky+1","floor":41},{"not_picked":["Halt","CutThroughFate+1"],"picked":"Weave+1","floor":46}],"player_experience":323361,"relics_obtained":[{"floor":6,"key":"Incense Burner"},{"floor":8,"key":"Girya"},{"floor":9,"key":"Unceasing Top"},{"floor":12,"key":"PreservedInsect"},{"floor":24,"key":"CaptainsWheel"},{"floor":26,"key":"Happy Flower"},{"floor":27,"key":"Tiny Chest"},{"floor":29,"key":"Peace Pipe"},{"floor":41,"key":"Art of War"},{"floor":42,"key":"Mummified Hand"},{"floor":43,"key":"Damaru"},{"floor":44,"key":"Gremlin Horn"},{"floor":45,"key":"Thread and Needle"},{"floor":46,"key":"War Paint"}],"event_choices":[{"damage_healed":0,"gold_gain":0,"player_choice":"Got Potions","damage_taken":0,"max_hp_gain":0,"max_hp_loss":0,"event_name":"Lab","floor":3,"gold_loss":0},{"damage_healed":0,"gold_gain":0,"player_choice":"Success","damage_taken":12,"relics_obtained":["Molten Egg 2"],"max_hp_gain":0,"max_hp_loss":0,"event_name":"Scrap Ooze","floor":13,"gold_loss":0},{"damage_healed":0,"gold_gain":0,"player_choice":"Obtained Relic","damage_taken":0,"relics_obtained":["Meat on the Bone"],"max_hp_gain":0,"max_hp_loss":0,"event_name":"Addict","floor":19,"gold_loss":85},{"damage_healed":0,"gold_gain":0,"player_choice":"Forge","damage_taken":0,"max_hp_gain":0,"max_hp_loss":0,"event_name":"Accursed Blacksmith","floor":22,"gold_loss":0,"cards_upgraded":["PathToVictory"]},{"damage_healed":0,"gold_gain":0,"player_choice":"Ignored","damage_taken":0,"max_hp_gain":0,"max_hp_loss":0,"event_name":"Tomb of Lord Red Mask","floor":38,"gold_loss":0},{"damage_healed":0,"gold_gain":0,"player_choice":"Fight","damage_taken":0,"max_hp_gain":0,"max_hp_loss":0,"event_name":"Mysterious Sphere","floor":45,"gold_loss":0}],"is_beta":false,"boss_relics":[{"not_picked":["Velvet Choker","Cursed Key"],"picked":"Runic Dome"},{"not_picked":["Philosopher\u0027s Stone","Calling Bell"],"picked":"Empty Cage"}],"items_purged_floors":[5,21,37,39,48],"is_endless":false,"potions_floor_spawned":[2,6,11,14,16,18,20,30,31,33,46],"ascension_level":1}}