{"host":"jbmvtpvel2a8rbg6","time":1612462826,"event":{"mods":["Aspiration","BaseMod","Better Match","Better Sensory Stone","Better Skull","Conspire","Downfall","Energized Spire","GungeonMod","Hubris","Infinite Spire","Minty Spire (QoL Compilation)","RRrroohrrRGHHhhh!!","Reliquary","Replay The Spire","StSLib","Wandering Minibosses"],"gold_per_floor":[116,130,130,130,156,181,181,181,181,181,181],"floor_reached":10,"language":"ENG","playtime":623,"items_purged":[],"score":66,"play_id":"534eb00a-be02-49a7-b19f-4d3020c2e419","local_time":"20210204102026","is_ascension_mode":false,"campfire_choices":[{"floor":7,"key":"REST"}],"circlet_count":0,"master_deck":["DemoMod:Strike_Huntress","DemoMod:Strike_Huntress","DemoMod:Defend_Huntress","DemoMod:Defend_Huntress","DemoMod:Defend_Huntress","DemoMod:Defend_Huntress","DemoMod:Roll","DemoMod:ManualReload","DemoMod:RustySidearm","DemoMod:CrossBow","DemoMod:StickyCrossBow","DemoMod:LifeOrb"],"relics":["DemoMod:Dog","hubris:Towel","Frozen Egg 2","infinitespire:BottledMercury"],"acts_visited":["Exordium"],"potions_floor_usage":[],"damage_taken":[{"damage":7,"enemies":"Jaw Worm","floor":1,"turns":5},{"damage":1,"enemies":"Small Slimes","floor":2,"turns":3},{"damage":1,"enemies":"Cultist","floor":5,"turns":4},{"damage":48,"enemies":"Lagavulin","floor":6,"turns":7},{"damage":0,"enemies":"3 Sentries","floor":10,"turns":1}],"seed_played":"-7739445994327676867","potions_obtained":[],"is_trial":false,"path_per_floor":["M","M","?","?","M","E","R","?","T","E"],"character_chosen":"HUNTRESS","items_purchased":[],"campfire_rested":1,"item_purchase_floors":[],"current_hp_per_floor":[70,69,62,62,61,13,36,41,41,41,41],"gold":181,"neow_bonus":"TEN_PERCENT_HP_BONUS","is_daily":false,"chose_seed":false,"campfire_upgraded":0,"win_rate":0.0,"timestamp":1612462826,"path_taken":["M","M","?","?","M","E","R","?","T","E"],"items_purchased_type":[],"build_version":"2020-12-22","purchased_purges":0,"victory":false,"max_hp_per_floor":[77,77,77,77,77,77,77,77,77,77,77],"card_choices":[{"not_picked":["DemoMod:HardPowerCard","DemoMod:FortunesFavor"],"picked":"DemoMod:TeaPot","floor":1},{"not_picked":["DemoMod:HighKaliber","DemoMod:Unmoved","DemoMod:Ejector"],"picked":"SKIP","floor":2},{"not_picked":["DemoMod:MachoBrace","DemoMod:TeaPot"],"picked":"DemoMod:StickyCrossBow","floor":5},{"not_picked":["DemoMod:JK47","DemoMod:Unmoved"],"picked":"DemoMod:LifeOrb","floor":6}],"player_experience":824407,"relics_obtained":[{"floor":6,"key":"Frozen Egg 2"},{"floor":9,"key":"infinitespire:BottledMercury"}],"event_choices":[{"cards_removed":["DemoMod:Strike_Huntress"],"damage_healed":0,"gold_gain":0,"player_choice":"Card Removal","damage_taken":7,"max_hp_gain":0,"max_hp_loss":0,"event_name":"Golden Wing","floor":3,"gold_loss":0},{"cards_removed":["DemoMod:TeaPot"],"damage_healed":5,"gold_gain":0,"player_choice":"Offered Common","damage_taken":0,"max_hp_gain":0,"max_hp_loss":0,"event_name":"Bonfire Elementals","floor":8,"gold_loss":0},{"cards_removed":["DemoMod:TeaPot"],"damage_healed":5,"gold_gain":0,"player_choice":"Offered Special","damage_taken":0,"max_hp_gain":0,"max_hp_loss":0,"event_name":"Bonfire Elementals","floor":8,"gold_loss":0}],"is_beta":false,"boss_relics":[],"items_purged_floors":[],"is_endless":false,"potions_floor_spawned":[],"killed_by":"3 Sentries","ascension_level":0}}