{"host":"ynimr9ugvc6f046i","time":1612413008,"event":{"mods":["2.2 Compatiblity","BaseMod","Colored Map","DeckTracker","Highlight Path","Keyboard Shortcuts","Minty Spire (QoL Compilation)","Permanent Neow","Quick Restart","StSLib","SuperFastMode"],"gold_per_floor":[111,111,36,56,56,56,75,108,108,138,149,174,193,12,12,84,84,99,115,115,115,135,135,10,36,87,87,87,106,136,155,155,230,230,250,267,322,337,337,372,382,382,406,416,441,441,460,478,478,478,478,478,478,328,356,356],"floor_reached":57,"language":"KOR","playtime":1878,"items_purged":["Pain","Strike_P","Defend_P","Strike_P+1"],"score":3038,"play_id":"5c4669df-8622-4f23-8181-9c5125bae072","local_time":"20210204133008","is_ascension_mode":true,"campfire_choices":[{"floor":6.0,"key":"REST"},{"data":"Eruption","floor":15.0,"key":"SMITH"},{"data":"Adaptation","floor":23.0,"key":"SMITH"},{"floor":27.0,"key":"REST"},{"floor":32.0,"key":"RECALL"},{"floor":49,"key":"REST"},{"floor":53,"key":"REST"}],"circlet_count":0,"master_deck":["AscendersBane","Strike_P+1","Defend_P+1","Defend_P+1","Eruption+1","Vigilance+1","FlurryOfBlows+1","Meditate+1","Tantrum+1","FearNoEvil+1","MentalFortress+1","Vault+1","Adaptation+1","Adaptation+1","FollowUp+1","Scrawl+1","TalkToTheHand+1"],"relics":["PureWater","Letter Opener","PreservedInsect","Happy Flower","Bronze Scales","Bag of Marbles","VioletLotus","Akabeko","Nunchaku","TungstenRod","Busted Crown","Prayer Wheel","Blood Vial","Oddly Smooth Stone","Medical Kit","Unceasing Top"],"acts_visited":["Exordium","TheCity","TheBeyond","TheEnding"],"potions_floor_usage":[56,56],"damage_taken":[{"damage":7.0,"enemies":"2 Louse","floor":1.0,"turns":3.0},{"damage":3.0,"enemies":"Small Slimes","floor":4.0,"turns":4.0},{"damage":0.0,"enemies":"Jaw Worm","floor":7.0,"turns":3.0},{"damage":27.0,"enemies":"Lagavulin","floor":8.0,"turns":6.0},{"damage":0.0,"enemies":"Gremlin Nob","floor":10.0,"turns":2.0},{"damage":0.0,"enemies":"Gremlin Gang","floor":11.0,"turns":3.0},{"damage":0.0,"enemies":"Lagavulin","floor":12.0,"turns":5.0},{"damage":0.0,"enemies":"Large Slime","floor":13.0,"turns":3.0},{"damage":14.0,"enemies":"The Guardian","floor":16.0,"turns":8.0},{"damage":0.0,"enemies":"3 Byrds","floor":18.0,"turns":3.0},{"damage":0.0,"enemies":"Spheric Guardian","floor":19.0,"turns":3.0},{"damage":0.0,"enemies":"Cultist and Chosen","floor":22.0,"turns":4.0},{"damage":10.0,"enemies":"Gremlin Leader","floor":25.0,"turns":3.0},{"damage":0.0,"enemies":"3 Cultists","floor":29.0,"turns":3.0},{"damage":8.0,"enemies":"Book of Stabbing","floor":30.0,"turns":3.0},{"damage":0.0,"enemies":"Snecko","floor":31.0,"turns":3.0},{"damage":0.0,"enemies":"Champ","floor":33.0,"turns":5.0},{"damage":1.0,"enemies":"3 Darklings","floor":35.0,"turns":4.0},{"damage":18,"enemies":"3 Shapes","floor":36,"turns":2},{"damage":27,"enemies":"2 Orb Walkers","floor":37,"turns":2},{"damage":0,"enemies":"Transient","floor":38,"turns":4},{"damage":0,"enemies":"Nemesis","floor":40,"turns":2},{"damage":0,"enemies":"3 Darklings","floor":41,"turns":1},{"damage":0,"enemies":"4 Shapes","floor":44,"turns":1},{"damage":0,"enemies":"Mind Bloom Boss Battle","floor":45,"turns":2},{"damage":16,"enemies":"Jaw Worm Horde","floor":47,"turns":2},{"damage":0,"enemies":"Transient","floor":48,"turns":7},{"damage":0,"enemies":"Awakened One","floor":50,"turns":5},{"damage":18,"enemies":"Time Eater","floor":51,"turns":8},{"damage":21,"enemies":"Shield and Spear","floor":55,"turns":3},{"damage":45,"enemies":"The Heart","floor":56,"turns":7}],"seed_played":"992624290161227390","potions_obtained":[{"floor":4.0,"key":"LiquidBronze"},{"floor":10.0,"key":"LiquidBronze"},{"floor":12.0,"key":"Swift Potion"},{"floor":13.0,"key":"Block Potion"},{"floor":16.0,"key":"CultistPotion"},{"floor":22.0,"key":"LiquidMemories"},{"floor":29.0,"key":"Block Potion"},{"floor":31.0,"key":"BlessingOfTheForge"},{"floor":36,"key":"SpeedPotion"},{"floor":40,"key":"Ancient Potion"},{"floor":55,"key":"Block Potion"}],"is_trial":false,"path_per_floor":["M","?","$","M","?","R","M","E","T","E","M","E","M","$","R","B",null,"M","M","?","?","M","R","$","E","T","R","?","M","E","M","R","B",null,"M","M","?","M","?","E","M","?","T","M","?","?","M","M","R","B","B",null,"R","$","E","B",null],"character_chosen":"WATCHER","items_purchased":["MentalFortress"],"campfire_rested":4,"item_purchase_floors":[14],"current_hp_per_floor":[54,28,28,25,30,51,51,24,24,24,24,24,24,24,24,10,57,57,57,57,57,57,57,57,47,47,68,68,68,60,60,60,60,70,69,51,24,24,83,83,83,83,83,83,83,83,67,69,83,83,65,79,83,83,62,19],"gold":356,"neow_bonus":"THREE_RARE_CARDS","is_daily":false,"chose_seed":false,"campfire_upgraded":2,"win_rate":0.0,"timestamp":1612413008,"path_taken":["M","?","$","M","?","R","M","E","T","E","M","E","M","$","R","BOSS","M","M","?","?","M","R","$","E","T","R","?","M","E","?","R","BOSS","M","?","?","M","?","E","?","?","T","M","?","?","M","?","R","BOSS","BOSS","R","$","E","BOSS"],"items_purchased_type":["Card"],"build_version":"2020-12-22","purchased_purges":4,"victory":true,"max_hp_per_floor":[68,68,68,68,73,73,73,73,73,73,73,73,73,73,73,73,73,73,73,73,73,73,73,73,73,73,73,73,73,73,73,73,73,73,73,73,73,73,83,83,83,83,83,83,83,83,83,83,83,83,83,83,83,83,83,83],"card_choices":[{"not_picked":["Devotion","Ragnarok"],"picked":"LessonLearned","floor":0.0},{"not_picked":["Crescendo","CutThroughFate","EmptyBody"],"picked":"SKIP","floor":1.0},{"not_picked":["Nirvana","Sanctity"],"picked":"FlurryOfBlows","floor":4.0},{"not_picked":["CutThroughFate","SandsOfTime"],"picked":"Meditate","floor":7.0},{"not_picked":["Judgement","Conclude","BowlingBash"],"picked":"SKIP","floor":8.0},{"not_picked":["FollowUp","FlurryOfBlows","Crescendo"],"picked":"SKIP","floor":10.0},{"not_picked":["DeceiveReality","Crescendo","Meditate"],"picked":"SKIP","floor":11.0},{"not_picked":["Wireheading","ReachHeaven"],"picked":"Tantrum","floor":12.0},{"not_picked":["Prostrate","Consecrate"],"picked":"FearNoEvil","floor":13.0},{"not_picked":["Ragnarok","Omniscience"],"picked":"Vault","floor":16.0},{"not_picked":["BattleHymn","Prostrate","Halt+1"],"picked":"SKIP","floor":18.0},{"not_picked":["Crescendo","CrushJoints"],"picked":"Adaptation","floor":19.0},{"not_picked":["PathToVictory","MasterReality"],"picked":"Adaptation","floor":22.0},{"not_picked":["CarveReality+1","Wallop","FollowUp"],"picked":"SKIP","floor":25.0},{"not_picked":["ClearTheMind","Prostrate","EmptyMind"],"picked":"SKIP","floor":29.0},{"not_picked":["ClearTheMind","Prostrate","EmptyMind"],"picked":"SKIP","floor":29.0},{"not_picked":["FollowUp","CutThroughFate","BattleHymn"],"picked":"SKIP","floor":30.0},{"not_picked":["Protect","WindmillStrike+1","FlyingSleeves"],"picked":"SKIP","floor":31.0},{"not_picked":["Wish","Devotion"],"picked":"Scrawl","floor":33.0},{"not_picked":[],"picked":"TalkToTheHand","floor":35.0},{"not_picked":["FlyingSleeves+1"],"picked":"SKIP","floor":36},{"not_picked":["PathToVictory"],"picked":"SKIP","floor":38},{"not_picked":["Crescendo"],"picked":"SKIP","floor":38},{"not_picked":["PathToVictory"],"picked":"SKIP","floor":38},{"not_picked":["Crescendo"],"picked":"SKIP","floor":38},{"not_picked":["CutThroughFate"],"picked":"SKIP","floor":40},{"not_picked":["Consecrate"],"picked":"SKIP","floor":41},{"not_picked":["Study"],"picked":"SKIP","floor":41},{"not_picked":["Vengeance"],"picked":"SKIP","floor":44},{"not_picked":["Fasting2+1"],"picked":"SKIP","floor":44},{"not_picked":["FollowUp"],"picked":"SKIP","floor":47},{"not_picked":["Adaptation"],"picked":"SKIP","floor":47},{"not_picked":["Indignation"],"picked":"SKIP","floor":48},{"not_picked":["Halt"],"picked":"SKIP","floor":48},{"not_picked":["FollowUp"],"picked":"SKIP","floor":55}],"player_experience":552194,"relics_obtained":[{"floor":8.0,"key":"PreservedInsect"},{"floor":9.0,"key":"Happy Flower"},{"floor":10.0,"key":"Bronze Scales"},{"floor":12.0,"key":"Bag of Marbles"},{"floor":25.0,"key":"Akabeko"},{"floor":26.0,"key":"Nunchaku"},{"floor":30.0,"key":"TungstenRod"},{"floor":37,"key":"Prayer Wheel"},{"floor":40,"key":"Blood Vial"},{"floor":55,"key":"Unceasing Top"}],"event_choices":[{"damage_healed":0.0,"max_hp_gain":0.0,"max_hp_loss":0.0,"gold_gain":0.0,"event_name":"Scrap Ooze","player_choice":"Success","floor":2.0,"gold_loss":0.0,"damage_taken":26.0,"relics_obtained":["Letter Opener"]},{"damage_healed":0.0,"max_hp_gain":5.0,"max_hp_loss":0.0,"gold_gain":0.0,"event_name":"Big Fish","player_choice":"Donut","floor":5.0,"gold_loss":0.0,"damage_taken":0.0},{"damage_healed":0.0,"max_hp_gain":0.0,"max_hp_loss":0.0,"gold_gain":0.0,"event_name":"The Mausoleum","player_choice":"Ignored","floor":20.0,"gold_loss":0.0,"damage_taken":0.0},{"damage_healed":0.0,"max_hp_gain":0.0,"max_hp_loss":0.0,"gold_gain":0.0,"event_name":"Ghosts","player_choice":"Ignored","floor":21.0,"gold_loss":0.0,"damage_taken":0.0},{"damage_healed":0.0,"max_hp_gain":0.0,"max_hp_loss":0.0,"gold_gain":0.0,"cards_transformed":["Defend_P","Strike_P"],"event_name":"Drug Dealer","player_choice":"Became Test Subject","floor":28.0,"gold_loss":0.0,"damage_taken":0.0,"cards_obtained":["FollowUp","Judgement"]},{"damage_healed":0,"gold_gain":0,"player_choice":"Fight","damage_taken":0,"max_hp_gain":0,"max_hp_loss":0,"event_name":"Mysterious Sphere","floor":37,"gold_loss":0},{"cards_removed":["Judgement"],"damage_healed":49,"gold_gain":0,"player_choice":"Offered Rare","damage_taken":0,"max_hp_gain":10,"max_hp_loss":0,"event_name":"Bonfire Elementals","floor":39,"gold_loss":0},{"damage_healed":0,"gold_gain":0,"player_choice":"Ignored","damage_taken":0,"max_hp_gain":0,"max_hp_loss":0,"event_name":"Tomb of Lord Red Mask","floor":42,"gold_loss":0},{"damage_healed":0,"gold_gain":0,"player_choice":"Fight","damage_taken":0,"max_hp_gain":0,"max_hp_loss":0,"event_name":"MindBloom","floor":45,"gold_loss":0},{"damage_healed":0,"gold_gain":0,"player_choice":"Paid Gold","damage_taken":0,"relics_obtained":["Oddly Smooth Stone"],"max_hp_gain":0,"max_hp_loss":0,"event_name":"WeMeetAgain","floor":46,"gold_loss":83}],"is_beta":false,"boss_relics":[{"not_picked":["Ectoplasm","Snecko Eye"],"picked":"VioletLotus"},{"not_picked":["Calling Bell","HolyWater"],"picked":"Busted Crown"}],"items_purged_floors":[3,14,24,54],"is_endless":false,"potions_floor_spawned":[4,10,12,13,16,22,29,31,36,40,41,47,48,55],"ascension_level":20}}