{"host":"nwd160me4iqdtr8u","time":1612451033,"event":{"mods":["AchievementEnabler","Act Like it!","BaseMod","Colored Map","DeckTracker","Keyboard Shortcuts","Minty Spire (QoL Compilation)","Quick Restart","Rare Cards Sparkle","Smile Girya","StSLib","SuperFastMode","everything is the same but u backflip on backflip"],"gold_per_floor":[109,119,139,156,156,183,200,213,240,254,254,282,294,307,307,402,402,414,414,447,372,43,74,89,89,89,89,109,122,133,146,146,242,242,260,16,368,384,606,606,606,641,641,659,673,673,690,703,703,703,703],"floor_reached":50,"language":"KOR","playtime":2779,"items_purged":["Strike_R"],"score":664,"play_id":"d0f473e2-d011-450d-a8b7-418a44c8ed7e","local_time":"20210205000353","is_ascension_mode":true,"campfire_choices":[{"data":"Carnage","floor":11.0,"key":"SMITH"},{"data":"Bludgeon","floor":15.0,"key":"SMITH"},{"data":"True Grit","floor":25.0,"key":"SMITH"},{"data":"Power Through","floor":27.0,"key":"SMITH"},{"data":"Dark Embrace","floor":32.0,"key":"SMITH"},{"floor":40.0,"key":"REST"},{"data":"Exhume","floor":46,"key":"SMITH"},{"floor":49,"key":"REST"}],"circlet_count":0,"master_deck":["Strike_R","Strike_R","Strike_R","Defend_R","Defend_R","Defend_R","Defend_R","Bash","Double Tap+1","Carnage+1","Shrug It Off","Reckless Charge","Power Through+1","True Grit+1","Dark Embrace+1","Shockwave","Shrug It Off","Bludgeon+1","Brutality","Body Slam+1","Pommel Strike+1","Dual Wield+1","Second Wind+1","Evolve+1","Headbutt","Exhume+1","CurseOfTheBell","Feel No Pain+1","Seeing Red+1","Pummel+1","Power Through+1"],"relics":["Burning Blood","Red Skull","Bag of Marbles","Question Card","Cursed Key","Red Mask","Kunai","Vajra","Calling Bell","Akabeko","Pear","Pocketwatch","Bottled Lightning","Old Coin","Lantern"],"acts_visited":["Exordium","TheCity","TheBeyond"],"potions_floor_usage":[44,48,50],"damage_taken":[{"damage":9.0,"enemies":"Small Slimes","floor":1.0,"turns":4.0},{"damage":0.0,"enemies":"Cultist","floor":2.0,"turns":2.0},{"damage":12.0,"enemies":"Jaw Worm","floor":3.0,"turns":2.0},{"damage":8.0,"enemies":"2 Fungi Beasts","floor":4.0,"turns":5.0},{"damage":24.0,"enemies":"Lagavulin","floor":6.0,"turns":5.0},{"damage":6.0,"enemies":"Blue Slaver","floor":7.0,"turns":4.0},{"damage":18.0,"enemies":"Exordium Thugs","floor":8.0,"turns":5.0},{"damage":1.0,"enemies":"Large Slime","floor":10.0,"turns":5.0},{"damage":7.0,"enemies":"3 Sentries","floor":12.0,"turns":7.0},{"damage":0.0,"enemies":"2 Fungi Beasts","floor":13.0,"turns":2.0},{"damage":4.0,"enemies":"Exordium Wildlife","floor":14.0,"turns":2.0},{"damage":28.0,"enemies":"The Guardian","floor":16.0,"turns":10.0},{"damage":0.0,"enemies":"Chosen","floor":18.0,"turns":1.0},{"damage":11.0,"enemies":"Masked Bandits","floor":20.0,"turns":5.0},{"damage":29.0,"enemies":"Slavers","floor":23.0,"turns":6.0},{"damage":1.0,"enemies":"2 Thieves","floor":24.0,"turns":3.0},{"damage":4.0,"enemies":"Snake Plant","floor":28.0,"turns":3.0},{"damage":2.0,"enemies":"Chosen and Byrds","floor":29.0,"turns":3.0},{"damage":1.0,"enemies":"Cultist and Chosen","floor":30.0,"turns":3.0},{"damage":14.0,"enemies":"Shelled Parasite and Fungi","floor":31.0,"turns":3.0},{"damage":52.0,"enemies":"Automaton","floor":33.0,"turns":11.0},{"damage":1.0,"enemies":"3 Shapes","floor":35.0,"turns":4.0},{"damage":35.0,"enemies":"2 Orb Walkers","floor":37.0,"turns":5.0},{"damage":33.0,"enemies":"3 Darklings","floor":38.0,"turns":9.0},{"damage":24.0,"enemies":"Nemesis","floor":42.0,"turns":7.0},{"damage":27,"enemies":"Sphere and 2 Shapes","floor":44,"turns":5},{"damage":21,"enemies":"Writhing Mass","floor":45,"turns":3},{"damage":0,"enemies":"4 Shapes","floor":47,"turns":5},{"damage":31,"enemies":"Transient","floor":48,"turns":5},{"damage":53,"enemies":"Time Eater","floor":50,"turns":9}],"seed_played":"5479414251036959013","potions_obtained":[{"floor":3.0,"key":"BlessingOfTheForge"},{"floor":6.0,"key":"Dexterity Potion"},{"floor":7.0,"key":"PowerPotion"},{"floor":10.0,"key":"BlessingOfTheForge"},{"floor":13.0,"key":"AttackPotion"},{"floor":16.0,"key":"SneckoOil"},{"floor":20.0,"key":"Block Potion"},{"floor":23.0,"key":"Fire Potion"},{"floor":24.0,"key":"Fire Potion"},{"floor":33.0,"key":"SpeedPotion"},{"floor":37.0,"key":"Ancient Potion"},{"floor":38.0,"key":"Block Potion"},{"floor":42.0,"key":"BloodPotion"},{"floor":45,"key":"Swift Potion"}],"is_trial":false,"path_per_floor":["M","M","M","M","?","E","M","M","T","M","R","E","M","M","R","B",null,"M","?","?","?","$","E","M","R","T","R","M","M","M","M","R","B",null,"M","$","?","M","?","R","?","E","T","M","M","R","M","M","R","B"],"character_chosen":"IRONCLAD","items_purchased":["Kunai","Bottled Lightning"],"campfire_rested":2,"item_purchase_floors":[22,36],"current_hp_per_floor":[77,80,74,72,72,57,57,45,45,53,53,55,64,66,66,44,92,92,92,87,87,87,64,69,69,69,69,71,75,80,72,72,26,102,102,102,73,46,46,76,76,58,58,57,42,42,48,23,53,0,0],"gold":703,"neow_bonus":"ONE_RANDOM_RARE_CARD","is_daily":false,"chose_seed":false,"campfire_upgraded":6,"win_rate":0.0,"timestamp":1612451033,"path_taken":["M","M","M","M","?","E","M","?","T","M","R","E","M","M","R","BOSS","M","?","?","?","?","E","M","R","T","R","M","M","?","M","R","BOSS","M","$","?","M","?","R","?","E","T","M","M","R","?","M","R","BOSS"],"items_purchased_type":["Relic","Relic"],"build_version":"2020-12-22","purchased_purges":1,"victory":false,"max_hp_per_floor":[80,80,80,80,80,83,83,83,83,86,86,89,92,92,92,92,92,92,92,92,92,92,92,92,92,92,92,92,92,92,92,92,92,102,102,102,102,102,102,102,102,102,102,102,102,102,102,102,102,102,102],"card_choices":[{"not_picked":["Havoc","Twin Strike"],"picked":"Carnage","floor":1.0},{"not_picked":["Clothesline","Burning Pact"],"picked":"Shrug It Off","floor":2.0},{"not_picked":["Pommel Strike","Spot Weakness"],"picked":"Feed","floor":3.0},{"not_picked":["True Grit","Blood for Blood"],"picked":"Reckless Charge","floor":4.0},{"not_picked":["Thunderclap","Sword Boomerang"],"picked":"Power Through","floor":6.0},{"not_picked":["Anger","Wild Strike"],"picked":"True Grit","floor":7.0},{"not_picked":["Rampage","Dropkick"],"picked":"Dark Embrace","floor":8.0},{"not_picked":["Perfected Strike","Thunderclap"],"picked":"Shockwave","floor":10.0},{"not_picked":["Sever Soul","Carnage","Rage"],"picked":"SKIP","floor":12.0},{"not_picked":["Wild Strike","Cleave","Anger"],"picked":"Shrug It Off","floor":13.0},{"not_picked":["Dual Wield","Flex","Twin Strike"],"picked":"Bludgeon","floor":14.0},{"not_picked":["Berserk","Impervious","Juggernaut"],"picked":"Brutality","floor":16.0},{"not_picked":["Wild Strike","Fire Breathing","True Grit+1"],"picked":"Body Slam+1","floor":18.0},{"not_picked":["Metallicize","Spot Weakness+1","Uppercut"],"picked":"Pommel Strike+1","floor":20.0},{"not_picked":["Whirlwind","Entrench+1","Feel No Pain"],"picked":"Dual Wield+1","floor":23.0},{"not_picked":["Clothesline","Armaments","Shockwave"],"picked":"Second Wind+1","floor":24.0},{"not_picked":["Flex","Shrug It Off","Dark Embrace"],"picked":"Evolve+1","floor":28.0},{"not_picked":["Anger+1","Clash","True Grit","Infernal Blade"],"picked":"SKIP","floor":29.0},{"not_picked":["Twin Strike","Whirlwind","Shockwave+1","Wild Strike"],"picked":"SKIP","floor":30.0},{"not_picked":["Cleave+1","Uppercut","Heavy Blade"],"picked":"Headbutt","floor":31.0},{"not_picked":["Brutality","Corruption","Berserk"],"picked":"Exhume","floor":33.0},{"not_picked":["Armaments","Disarm+1","Spot Weakness"],"picked":"Feel No Pain+1","floor":35.0},{"not_picked":["Hemokinesis+1","Clash+1","Iron Wave+1","Havoc"],"picked":"SKIP","floor":38.0},{"not_picked":["Dropkick+1","Carnage+1","Hemokinesis+1"],"picked":"Seeing Red+1","floor":42.0},{"not_picked":["Demon Form","Second Wind+1","Flex","Iron Wave+1"],"picked":"SKIP","floor":44},{"not_picked":["Cleave+1","Intimidate","Clothesline+1"],"picked":"Pummel+1","floor":45},{"not_picked":["Second Wind","Armaments","Hemokinesis","Combust+1"],"picked":"SKIP","floor":47},{"not_picked":["Rampage+1","Bloodletting","Iron Wave"],"picked":"Power Through+1","floor":48}],"player_experience":393733,"relics_obtained":[{"floor":6.0,"key":"Red Skull"},{"floor":9.0,"key":"Bag of Marbles"},{"floor":12.0,"key":"Question Card"},{"floor":20.0,"key":"Red Mask"},{"floor":23.0,"key":"Vajra"},{"floor":34.0,"key":"Akabeko"},{"floor":34.0,"key":"Pear"},{"floor":34.0,"key":"Pocketwatch"},{"floor":37.0,"key":"Old Coin"},{"floor":42.0,"key":"Lantern"}],"event_choices":[{"damage_healed":0.0,"max_hp_gain":0.0,"max_hp_loss":0.0,"gold_gain":0.0,"event_name":"Upgrade Shrine","player_choice":"Upgraded","floor":5.0,"gold_loss":0.0,"damage_taken":0.0,"cards_upgraded":["Double Tap"]},{"damage_healed":0.0,"max_hp_gain":0.0,"max_hp_loss":0.0,"gold_gain":0.0,"event_name":"Vampires","player_choice":"Ignored","floor":19.0,"gold_loss":0.0,"damage_taken":0.0},{"damage_healed":0.0,"max_hp_gain":0.0,"max_hp_loss":0.0,"gold_gain":0.0,"event_name":"Masked Bandits","player_choice":"Fought Bandits","floor":20.0,"gold_loss":0.0,"damage_taken":0.0},{"cards_removed":["Strike_R"],"damage_healed":0.0,"max_hp_gain":0.0,"max_hp_loss":0.0,"gold_gain":0.0,"event_name":"Beggar","player_choice":"Gave Gold","floor":21.0,"gold_loss":75.0,"damage_taken":0.0},{"damage_healed":0.0,"max_hp_gain":0.0,"max_hp_loss":0.0,"gold_gain":0.0,"event_name":"Mysterious Sphere","player_choice":"Fight","floor":37.0,"gold_loss":0.0,"damage_taken":0.0},{"damage_healed":0.0,"max_hp_gain":0.0,"max_hp_loss":0.0,"gold_gain":222.0,"event_name":"Tomb of Lord Red Mask","player_choice":"Wore Mask","floor":39.0,"gold_loss":0.0,"damage_taken":0.0},{"cards_removed":["Feed"],"damage_healed":0.0,"max_hp_gain":0.0,"max_hp_loss":0.0,"gold_gain":0.0,"event_name":"Falling","player_choice":"Removed Attack","floor":41.0,"gold_loss":0.0,"damage_taken":0.0}],"is_beta":false,"boss_relics":[{"not_picked":["Fusion Hammer","Coffee Dripper"],"picked":"Cursed Key"},{"not_picked":["Tiny House","Black Blood"],"picked":"Calling Bell"}],"items_purged_floors":[22],"is_endless":false,"potions_floor_spawned":[3,6,7,10,13,16,20,23,24,33,37,38,42,45],"killed_by":"Time Eater","ascension_level":4}}