{"host":"3fd6e6c5cltq175f","time":1612453740,"event":{"mods":["AchievementEnabler","BaseMod","Colored Map","Colored Powertips","DeckTracker","Minty Spire (QoL Compilation)"],"gold_per_floor":[113,113,41,57,77,77,110,122,160,202,234,257,289,251,263,376,388,415,439,4,4,15,42,59,59,133,13,13,13,29,39,39,39,39],"floor_reached":33,"language":"ENG","playtime":1170,"items_purged":[],"score":349,"play_id":"a758e253-bcb0-4639-acee-b0f01a11024b","local_time":"20210204164859","is_ascension_mode":true,"campfire_choices":[{"data":"Flex","floor":6,"key":"SMITH"},{"data":"Armaments","floor":8,"key":"SMITH"},{"data":"Flex","floor":15,"key":"SMITH"},{"floor":28,"key":"REST"},{"floor":32,"key":"REST"}],"circlet_count":0,"master_deck":["Defend_R","Defend_R","Defend_R","Defend_R+1","Bash","Trip+1","Flex+1","Inflame","Ghostly Armor","Armaments+1","Cleave","Shrug It Off","Flex+1","Bludgeon","Sever Soul+1","Dropkick+1","Brutality+1","Flex+1","Heavy Blade+1","Cleave+1","Seeing Red","Rupture+1"],"relics":["Burning Blood","MawBank","War Paint","Boot","Astrolabe","Kunai","Brimstone","The Courier","MutagenicStrength","Orrery"],"acts_visited":["Exordium","TheCity"],"potions_floor_usage":[7,10,13,16,22,23,23,24],"damage_taken":[{"damage":8,"enemies":"2 Louse","floor":1,"turns":3},{"damage":1,"enemies":"Cultist","floor":4,"turns":3},{"damage":6,"enemies":"Jaw Worm","floor":5,"turns":4},{"damage":21,"enemies":"Lagavulin","floor":7,"turns":8},{"damage":9,"enemies":"3 Sentries","floor":10,"turns":8},{"damage":20,"enemies":"Exordium Wildlife","floor":11,"turns":5},{"damage":8,"enemies":"Blue Slaver","floor":12,"turns":4},{"damage":2,"enemies":"Large Slime","floor":13,"turns":8},{"damage":8,"enemies":"Slime Boss","floor":16,"turns":7},{"damage":17,"enemies":"Shell Parasite","floor":18,"turns":5},{"damage":3,"enemies":"Chosen","floor":19,"turns":4},{"damage":27,"enemies":"Shelled Parasite and Fungi","floor":22,"turns":3},{"damage":22,"enemies":"Gremlin Leader","floor":23,"turns":2},{"damage":22,"enemies":"Snecko","floor":24,"turns":3},{"damage":12,"enemies":"Cultist and Chosen","floor":30,"turns":4},{"damage":21,"enemies":"Snake Plant","floor":31,"turns":3},{"damage":48,"enemies":"Champ","floor":33,"turns":6}],"seed_played":"-1857127837338223732","potions_obtained":[{"floor":1,"key":"SkillPotion"},{"floor":7,"key":"HeartOfIron"},{"floor":10,"key":"Dexterity Potion"},{"floor":11,"key":"Regen Potion"},{"floor":12,"key":"Fruit Juice"},{"floor":18,"key":"Strength Potion"},{"floor":23,"key":"SteroidPotion"}],"is_trial":false,"path_per_floor":["M","?","$","M","M","R","E","R","T","E","M","M","M","?","R","B",null,"M","M","$","?","M","E","M","?","T","$","R","?","M","M","R","B"],"character_chosen":"IRONCLAD","items_purchased":["Inflame","Kunai","Brimstone","ColorlessPotion","Orrery"],"campfire_rested":2,"item_purchase_floors":[3,20,20,20,27],"current_hp_per_floor":[78,78,78,80,80,80,65,65,65,62,48,46,62,62,62,60,75,64,67,67,67,46,35,19,19,19,19,44,44,38,23,48,0,0],"gold":39,"neow_bonus":"RANDOM_COLORLESS","is_daily":false,"chose_seed":false,"campfire_upgraded":3,"win_rate":0.0,"timestamp":1612453739,"path_taken":["M","?","$","?","M","R","E","R","T","E","M","M","?","?","R","BOSS","M","M","$","?","M","E","M","?","T","$","R","?","M","M","R","BOSS"],"items_purchased_type":["Card","Relic","Relic","Potion","Relic"],"build_version":"2020-12-22","purchased_purges":0,"victory":false,"max_hp_per_floor":[80,80,80,80,80,80,80,80,80,80,80,80,80,80,80,80,80,80,80,80,80,80,85,85,85,85,85,85,85,85,85,85,85,85],"card_choices":[{"not_picked":["Madness","Dark Shackles"],"picked":"Trip","floor":0},{"not_picked":["Wild Strike","Ghostly Armor"],"picked":"Flex","floor":1},{"not_picked":["Pommel Strike","Warcry"],"picked":"Ghostly Armor","floor":4},{"not_picked":["Dual Wield","Pommel Strike","Perfected Strike"],"picked":"SKIP","floor":5},{"not_picked":["Shockwave","Feel No Pain"],"picked":"Armaments","floor":7},{"not_picked":["Body Slam","Clothesline"],"picked":"Cleave","floor":10},{"not_picked":["Ghostly Armor","Clash"],"picked":"Shrug It Off","floor":11},{"not_picked":["Headbutt","Shrug It Off"],"picked":"Flex","floor":12},{"not_picked":["Headbutt","Heavy Blade","Clothesline"],"picked":"SKIP","floor":13},{"not_picked":["Brutality","Berserk"],"picked":"Bludgeon","floor":16},{"not_picked":["Twin Strike+1","Havoc"],"picked":"Flex+1","floor":18},{"not_picked":["Iron Wave","Bloodletting"],"picked":"Heavy Blade+1","floor":19},{"not_picked":["Whirlwind","Dual Wield","Shrug It Off"],"picked":"SKIP","floor":22},{"not_picked":["Iron Wave+1","Exhume","Juggernaut"],"picked":"SKIP","floor":23},{"not_picked":["Shockwave","Twin Strike","Headbutt"],"picked":"SKIP","floor":24},{"not_picked":["Headbutt","Barricade"],"picked":"Cleave+1","floor":27},{"not_picked":["Warcry","Disarm"],"picked":"Seeing Red","floor":27},{"not_picked":["Perfected Strike","Warcry","Rampage"],"picked":"SKIP","floor":30},{"not_picked":["Iron Wave+1","Pommel Strike"],"picked":"Rupture+1","floor":31}],"player_experience":177307,"relics_obtained":[{"floor":7,"key":"MawBank"},{"floor":9,"key":"War Paint"},{"floor":10,"key":"Boot"},{"floor":23,"key":"The Courier"}],"event_choices":[{"cards_removed":["Strike_R"],"damage_healed":0,"gold_gain":0,"player_choice":"Purged","damage_taken":0,"max_hp_gain":0,"max_hp_loss":0,"event_name":"Purifier","floor":2,"gold_loss":0},{"cards_removed":["Strike_R"],"damage_healed":0,"gold_gain":0,"player_choice":"Card Removal","damage_taken":0,"max_hp_gain":0,"max_hp_loss":0,"event_name":"The Cleric","floor":14,"gold_loss":50},{"damage_healed":0,"gold_gain":0,"player_choice":"Ignored","damage_taken":0,"max_hp_gain":0,"max_hp_loss":0,"event_name":"Vampires","floor":21,"gold_loss":0},{"damage_healed":0,"gold_gain":0,"player_choice":"Inject Mutagens","damage_taken":0,"relics_obtained":["MutagenicStrength"],"max_hp_gain":0,"max_hp_loss":0,"event_name":"Drug Dealer","floor":25,"gold_loss":0},{"damage_healed":0,"gold_gain":0,"player_choice":"Ignored","damage_taken":0,"max_hp_gain":0,"max_hp_loss":0,"event_name":"Ghosts","floor":29,"gold_loss":0}],"is_beta":false,"boss_relics":[{"not_picked":["SacredBark","Black Star"],"picked":"Astrolabe"}],"items_purged_floors":[],"is_endless":false,"potions_floor_spawned":[1,7,10,11,12,18,23],"killed_by":"Champ","ascension_level":5}}