{"host":"6q94iy5iz6612v89","time":1612412605,"event":{"mods":["2.2 Compatiblity","AchievementEnabler","BaseMod","Colored Map","DeckTracker","Keyboard Shortcuts","Marisa£¨Ùöéë¡¡Øª×âÞÞ£©","Minty Spire (QoL Compilation)","Permanent Neow","StSLib","SuperFastMode"],"gold_per_floor":[18,93,112,132,151,177,177,177,203,203,13,33,58,69,69,148,148,165,115,142,79,79,79,113,113,137,137,171,171,196,121,121,198,198,211,229,229,239,258,258,258,258],"floor_reached":41,"language":"KOR","playtime":897,"items_purged":["Strike_MRS","Defend_MRS","Defend_MRS","Defend_MRS"],"score":777,"play_id":"446f0e6f-fa38-468c-9fbd-71ec90799526","local_time":"20210204132325","is_ascension_mode":true,"campfire_choices":[{"data":"StarBarrage","floor":7,"key":"SMITH"},{"data":"MasterSpark","floor":10,"key":"SMITH"},{"floor":15,"key":"REST"},{"data":"PowerUp","floor":23,"key":"SMITH"},{"data":"TreasureHunter","floor":25,"key":"SMITH"},{"data":"NonDirectionalLaser","floor":27,"key":"SMITH"},{"data":"AlicesGift","floor":32,"key":"SMITH"},{"data":"AsteroidBelt","floor":40,"key":"SMITH"}],"circlet_count":0,"master_deck":["AscendersBane","Defend_MRS","MasterSpark+1","UpSweep","NonDirectionalLaser+1","StarBarrage+1","GalacticHalo+1","TreasureHunter+1","ChargingUp","PowerUp+1","AlicesGift+1","UltimateShortwave","AsteroidBelt+1"],"relics":["MiniHakkero","Pocketwatch","Regal Pillow","Orichalcum","Membership Card","Juzu Bracelet","Empty Cage","Red Mask","Eternal Feather","Bag of Marbles","Bronze Scales","Pantograph","Meat on the Bone","MutagenicStrength","WingedGreaves","Sozu"],"acts_visited":["Exordium","TheCity","TheBeyond"],"potions_floor_usage":[5,13,16,18,30],"damage_taken":[{"damage":0,"enemies":"Small Slimes","floor":1,"turns":3},{"damage":0,"enemies":"2 Louse","floor":3,"turns":3},{"damage":7,"enemies":"Jaw Worm","floor":4,"turns":3},{"damage":0,"enemies":"Lots of Slimes","floor":5,"turns":3},{"damage":15,"enemies":"Lagavulin","floor":6,"turns":7},{"damage":13,"enemies":"Large Slime","floor":12,"turns":3},{"damage":6,"enemies":"Gremlin Nob","floor":13,"turns":3},{"damage":0,"enemies":"Blue Slaver","floor":14,"turns":4},{"damage":13,"enemies":"Hexaghost","floor":16,"turns":6},{"damage":24,"enemies":"3 Byrds","floor":18,"turns":5},{"damage":12,"enemies":"Masked Bandits","floor":20,"turns":3},{"damage":6,"enemies":"Gremlin Leader","floor":24,"turns":4},{"damage":31,"enemies":"Slavers","floor":28,"turns":4},{"damage":24,"enemies":"Book of Stabbing","floor":30,"turns":4},{"damage":22,"enemies":"Collector","floor":33,"turns":6},{"damage":0,"enemies":"Orb Walker","floor":35,"turns":1},{"damage":10,"enemies":"3 Darklings","floor":36,"turns":4},{"damage":10,"enemies":"Jaw Worm Horde","floor":38,"turns":2},{"damage":5,"enemies":"Sphere and 2 Shapes","floor":39,"turns":3},{"damage":72,"enemies":"Nemesis","floor":41,"turns":6}],"seed_played":"-7820863814070475715","potions_obtained":[{"floor":3,"key":"Dexterity Potion"},{"floor":4,"key":"ColorlessPotion"},{"floor":12,"key":"Weak Potion"},{"floor":14,"key":"Strength Potion"},{"floor":16,"key":"Regen Potion"},{"floor":24,"key":"FairyPotion"}],"is_trial":false,"path_per_floor":["M","?","M","M","M","E","R","?","T","R","$","M","E","M","R","B",null,"M","$","?","$","?","R","E","R","T","R","E","?","E","$","R","B",null,"M","M","?","M","M","R","E"],"character_chosen":"MARISA","items_purchased":["Membership Card"],"campfire_rested":1,"item_purchase_floors":[11],"current_hp_per_floor":[63,52,52,45,45,30,30,23,23,23,23,10,4,4,40,27,59,49,49,37,37,37,37,31,37,37,43,12,12,26,26,32,47,64,64,54,54,44,39,45,0,0],"gold":258,"neow_bonus":"ONE_RARE_RELIC","is_daily":false,"chose_seed":false,"campfire_upgraded":7,"win_rate":0.0,"timestamp":1612412605,"path_taken":["M","?","M","M","M","E","R","?","T","R","$","M","E","M","R","BOSS","M","$","?","$","?","R","E","R","T","R","E","?","E","$","R","BOSS","M","M","?","M","M","R","E"],"items_purchased_type":["Relic"],"build_version":"2020-12-22","purchased_purges":4,"victory":false,"max_hp_per_floor":[70,70,70,70,70,70,70,70,70,70,70,70,70,70,70,70,70,70,70,70,70,70,70,70,70,70,70,70,70,70,70,70,70,70,70,70,70,70,70,70,70,70],"card_choices":[{"not_picked":["IllusionStar","Orbital","OpenUniverse"],"picked":"SKIP","floor":1},{"not_picked":["LuminesStrike","MysteriousBeam"],"picked":"NonDirectionalLaser","floor":3},{"not_picked":["GrandCross","StarlightTyphoon"],"picked":"StarBarrage","floor":4},{"not_picked":["Acceleration","PropBag","NonDirectionalLaser"],"picked":"SKIP","floor":5},{"not_picked":["NonDirectionalLaser","WitchOfGreed"],"picked":"GalacticHalo","floor":6},{"not_picked":["MillisecondPulsars","GrandCross","NonDirectionalLaser"],"picked":"SKIP","floor":12},{"not_picked":["ShootingEcho","BinaryStars","WitchLeyline"],"picked":"SKIP","floor":13},{"not_picked":["GravityBeat","GrandCross","ShootingEcho"],"picked":"SKIP","floor":14},{"not_picked":["CasketOfStar","EscapeVelocity"],"picked":"TreasureHunter","floor":16},{"not_picked":["GravityBeat","UnstableBomb","WitchLeyline"],"picked":"SKIP","floor":18},{"not_picked":["GasGiant","IllusionStar+1"],"picked":"ChargingUp","floor":20},{"not_picked":["GravityBeat","WitchOfGreed","6A"],"picked":"SKIP","floor":24},{"not_picked":["IllusionStar","DarkMatter","PropBag"],"picked":"SKIP","floor":28},{"not_picked":["NonDirectionalLaser","JA"],"picked":"AlicesGift","floor":30},{"not_picked":["BlazingStar","CollectingQuirk"],"picked":"UltimateShortwave","floor":33},{"not_picked":["6A+1","ManaConvection","StarlightTyphoon"],"picked":"SKIP","floor":35},{"not_picked":["6A+1","ManaConvection","StarlightTyphoon"],"picked":"SKIP","floor":35},{"not_picked":["Occultation+1","UnstableBomb","ShootingEcho"],"picked":"SKIP","floor":36},{"not_picked":["DoubleSpark","LuminesStrike+1"],"picked":"AsteroidBelt","floor":38},{"not_picked":["PowerUp+1","WitchOfGreed","DoubleSpark"],"picked":"SKIP","floor":39}],"player_experience":1530450,"relics_obtained":[{"floor":6,"key":"Regal Pillow"},{"floor":9,"key":"Orichalcum"},{"floor":13,"key":"Juzu Bracelet"},{"floor":20,"key":"Red Mask"},{"floor":24,"key":"Eternal Feather"},{"floor":24,"key":"Bag of Marbles"},{"floor":26,"key":"Bronze Scales"},{"floor":28,"key":"Pantograph"},{"floor":28,"key":"Meat on the Bone"},{"floor":30,"key":"WingedGreaves"}],"event_choices":[{"damage_healed":0,"gold_gain":75,"player_choice":"Gather Gold","damage_taken":11,"max_hp_gain":0,"max_hp_loss":0,"event_name":"World of Goop","floor":2,"gold_loss":0},{"cards_removed":["Strike_MRS"],"damage_healed":0,"gold_gain":0,"player_choice":"Card Removal","damage_taken":7,"max_hp_gain":0,"max_hp_loss":0,"event_name":"Golden Wing","floor":8,"gold_loss":0},{"damage_healed":0,"gold_gain":0,"player_choice":"Fought Bandits","damage_taken":0,"max_hp_gain":0,"max_hp_loss":0,"event_name":"Masked Bandits","floor":20,"gold_loss":0},{"damage_healed":0,"gold_gain":0,"player_choice":"Read","damage_taken":0,"max_hp_gain":0,"max_hp_loss":0,"event_name":"The Library","floor":22,"gold_loss":0,"cards_obtained":["PowerUp"]},{"damage_healed":0,"gold_gain":0,"player_choice":"Inject Mutagens","damage_taken":0,"relics_obtained":["MutagenicStrength"],"max_hp_gain":0,"max_hp_loss":0,"event_name":"Drug Dealer","floor":29,"gold_loss":0},{"damage_healed":0,"gold_gain":0,"player_choice":"Upgraded","damage_taken":0,"max_hp_gain":0,"max_hp_loss":0,"event_name":"Upgrade Shrine","floor":37,"gold_loss":0,"cards_upgraded":["GalacticHalo"]}],"is_beta":false,"boss_relics":[{"not_picked":["Astrolabe","Ectoplasm"],"picked":"Empty Cage"},{"not_picked":["Philosopher\u0027s Stone","Velvet Choker"],"picked":"Sozu"}],"items_purged_floors":[11,19,21,31],"is_endless":false,"potions_floor_spawned":[3,4,12,14,16,24,28,38,39],"killed_by":"Nemesis","ascension_level":14}}