{"host":"sav7uxregyirlf69","time":1612401511,"event":{"mods":["AchievementEnabler","BaseMod","Colored Map","DeckTracker","Keyboard Shortcuts","Minty Spire (QoL Compilation)","READ ME - Guardian Mod","StSLib","SuperFastMode"],"gold_per_floor":[114,125,137,137,155,155,168,168,168,168,168,43,60,74,74,150,150,169,169,169,169,1,36,36,36,89,100,100,113,26,59,59,134,134,145,158,173,173,173,173],"floor_reached":39,"language":"KOR","playtime":937,"items_purged":["Strike_G"],"score":822,"play_id":"954a8d56-a2f7-4f43-ba9a-d354201aed2d","local_time":"20210204101831","is_ascension_mode":true,"campfire_choices":[{"data":"Blade Dance","floor":6.0,"key":"SMITH"},{"data":"Accuracy","floor":8.0,"key":"SMITH"},{"data":"Tactician","floor":11.0,"key":"SMITH"},{"data":"Noxious Fumes","floor":15.0,"key":"SMITH"},{"data":"Acrobatics","floor":24.0,"key":"SMITH"},{"data":"Prepared","floor":28.0,"key":"SMITH"},{"data":"Ghostly","floor":32.0,"key":"SMITH"}],"circlet_count":0,"master_deck":["AscendersBane","Strike_G","Strike_G","Defend_G","Defend_G","Defend_G","Defend_G","Defend_G","Survivor","Neutralize","Blade Dance+1","Tactician+1","Escape Plan","Accuracy+1","Backflip","Infinite Blades","Noxious Fumes+1","After Image","Acrobatics+1","Prepared+1","Ghostly+1","Ghostly","Ghostly","Malaise","Grand Finale","After Image","Footwork","Reflex","Parasite"],"relics":["Ring of the Snake","NeowsBlessing","CultistMask","Potion Belt","SlaversCollar","Membership Card","Smiling Mask","Nloth\u0027s Gift","Centennial Puzzle","Medical Kit","Singing Bowl","Empty Cage"],"acts_visited":["Exordium","TheCity","TheBeyond"],"potions_floor_usage":[39],"damage_taken":[{"damage":0.0,"enemies":"Jaw Worm","floor":1.0,"turns":1.0},{"damage":0.0,"enemies":"Cultist","floor":2.0,"turns":1.0},{"damage":0.0,"enemies":"Small Slimes","floor":3.0,"turns":1.0},{"damage":9.0,"enemies":"Red Slaver","floor":5.0,"turns":4.0},{"damage":3.0,"enemies":"Looter","floor":7.0,"turns":3.0},{"damage":0.0,"enemies":"Lots of Slimes","floor":13.0,"turns":4.0},{"damage":13.0,"enemies":"3 Louse","floor":14.0,"turns":3.0},{"damage":22.0,"enemies":"Slime Boss","floor":16.0,"turns":9.0},{"damage":13.0,"enemies":"Spheric Guardian","floor":18.0,"turns":8.0},{"damage":1.0,"enemies":"Gremlin Leader","floor":23.0,"turns":9.0},{"damage":1.0,"enemies":"Shell Parasite","floor":27.0,"turns":4.0},{"damage":10.0,"enemies":"Snake Plant","floor":29.0,"turns":7.0},{"damage":1.0,"enemies":"Book of Stabbing","floor":31.0,"turns":5.0},{"damage":1.0,"enemies":"Automaton","floor":33.0,"turns":11.0},{"damage":29,"enemies":"3 Darklings","floor":35,"turns":6},{"damage":1,"enemies":"3 Shapes","floor":36,"turns":6},{"damage":0,"enemies":"Maw","floor":37,"turns":9},{"damage":9,"enemies":"Writhing Mass","floor":39,"turns":6}],"seed_played":"-2852414449693597101","potions_obtained":[{"floor":3.0,"key":"CunningPotion"},{"floor":7.0,"key":"EssenceOfSteel"},{"floor":16.0,"key":"SkillPotion"},{"floor":18.0,"key":"DistilledChaos"},{"floor":27.0,"key":"EntropicBrew"},{"floor":31.0,"key":"DistilledChaos"},{"floor":35,"key":"SpeedPotion"},{"floor":38,"key":"Poison Potion"}],"is_trial":false,"path_per_floor":["M","M","M","?","M","R","M","R","T","T","R","$","M","M","R","B",null,"M","?","?","?","$","E","R","?","T","M","R","M","$","E","R","B",null,"M","M","M","?","M"],"character_chosen":"THE_SILENT","items_purchased":["Backflip","Membership Card","Medical Kit"],"campfire_rested":0,"item_purchase_floors":[12,22,30],"current_hp_per_floor":[59,59,59,59,50,50,47,47,47,57,57,57,57,44,44,22,63,50,50,28,28,28,27,27,27,27,26,26,16,16,17,17,16,36,9,8,8,8,0,0],"gold":173,"neow_bonus":"THREE_ENEMY_KILL","is_daily":false,"chose_seed":false,"campfire_upgraded":7,"win_rate":0.0,"timestamp":1612401511,"path_taken":["M","M","M","?","M","R","?","R","T","?","R","$","?","M","R","BOSS","M","?","?","?","$","E","R","?","T","?","R","M","$","E","R","BOSS","M","M","M","?","?"],"items_purchased_type":["Card","Relic","Relic"],"build_version":"2020-12-22","purchased_purges":1,"victory":false,"max_hp_per_floor":[66,66,66,66,66,66,66,66,66,76,76,76,76,76,76,76,76,76,76,81,40,40,40,40,40,40,40,40,40,40,42,42,42,42,44,44,44,44,44,44],"card_choices":[{"not_picked":["Slice","Sucker Punch","Calculated Gamble"],"picked":"SKIP","floor":1.0},{"not_picked":["Dagger Throw","Blur"],"picked":"Blade Dance","floor":2.0},{"not_picked":["Concentrate","Caltrops"],"picked":"Tactician","floor":3.0},{"not_picked":["PiercingWail","Burst"],"picked":"Escape Plan","floor":5.0},{"not_picked":["Blade Dance","Outmaneuver"],"picked":"Accuracy","floor":7.0},{"not_picked":["Predator","Flechettes"],"picked":"Infinite Blades","floor":13.0},{"not_picked":["Expertise","Slice"],"picked":"Noxious Fumes","floor":14.0},{"not_picked":["Corpse Explosion","Venomology"],"picked":"After Image","floor":16.0},{"not_picked":["Riddle With Holes","Escape Plan"],"picked":"Acrobatics","floor":18.0},{"not_picked":["Quick Slash","Bane"],"picked":"Malaise","floor":23.0},{"not_picked":["Finisher","Bane"],"picked":"Grand Finale","floor":27.0},{"not_picked":["All Out Attack","Dash","Glass Knife"],"picked":"SKIP","floor":29.0},{"not_picked":["Expertise","Cloak And Dagger","Deflect"],"picked":"Singing Bowl","floor":31.0},{"not_picked":["Phantasmal Killer","Venomology"],"picked":"After Image","floor":33.0},{"not_picked":["Deflect+1","Corpse Explosion","Skewer"],"picked":"Singing Bowl","floor":35},{"not_picked":["PiercingWail+1","Cloak And Dagger"],"picked":"Footwork","floor":36},{"not_picked":["Flying Knee","Backflip+1"],"picked":"Reflex","floor":37}],"player_experience":1476778,"relics_obtained":[{"floor":9.0,"key":"Potion Belt"},{"floor":10.0,"key":"Pear"},{"floor":23.0,"key":"Smiling Mask"},{"floor":26.0,"key":"Centennial Puzzle"},{"floor":31.0,"key":"Singing Bowl"}],"event_choices":[{"damage_healed":0.0,"max_hp_gain":0.0,"max_hp_loss":0.0,"gold_gain":0.0,"event_name":"FaceTrader","player_choice":"Trade","floor":4.0,"gold_loss":0.0,"damage_taken":0.0,"relics_obtained":["CultistMask"]},{"damage_healed":0.0,"max_hp_gain":0.0,"max_hp_loss":0.0,"gold_gain":0.0,"event_name":"The Library","player_choice":"Read","floor":19.0,"gold_loss":0.0,"damage_taken":0.0,"cards_obtained":["Prepared"]},{"damage_healed":0.0,"max_hp_gain":5.0,"max_hp_loss":0.0,"gold_gain":0.0,"event_name":"Forgotten Altar","player_choice":"Shed Blood","floor":20.0,"gold_loss":0.0,"damage_taken":27.0},{"damage_healed":0.0,"max_hp_gain":0.0,"max_hp_loss":41.0,"gold_gain":0.0,"event_name":"Ghosts","player_choice":"Became a Ghost","floor":21.0,"gold_loss":0.0,"damage_taken":0.0,"cards_obtained":["Ghostly","Ghostly","Ghostly"]},{"damage_healed":0.0,"max_hp_gain":0.0,"max_hp_loss":0.0,"gold_gain":0.0,"event_name":"N\u0027loth","player_choice":"Traded Relic","floor":25.0,"relics_lost":["Pear"],"gold_loss":0.0,"damage_taken":0.0,"relics_obtained":["Nloth\u0027s Gift"]},{"damage_healed":0,"gold_gain":0,"player_choice":"Got Potions","damage_taken":0,"max_hp_gain":0,"max_hp_loss":0,"event_name":"Lab","floor":38,"gold_loss":0}],"is_beta":false,"boss_relics":[{"not_picked":["Tiny House","Snecko Eye"],"picked":"SlaversCollar"},{"not_picked":["SacredBark","Coffee Dripper"],"picked":"Empty Cage"}],"items_purged_floors":[12],"is_endless":false,"potions_floor_spawned":[3,7,16,18,27,31,35],"killed_by":"Writhing Mass","ascension_level":20}}