{"host":"928gv66myv2vlnsd","time":1612398479,"event":{"mods":["BaseMod","Highlight Path","Minty Spire (QoL Compilation)","StSLib"],"gold_per_floor":[109,122,134,146,146,176,194,194,194,223,373,406,438,451,451,530,530,549,560,485,485,6,6,6],"floor_reached":23,"language":"ENG","playtime":1558,"items_purged":[],"score":467,"play_id":"e4277bf4-dc43-437b-bd98-29238d9705a1","local_time":"20210203192759","is_ascension_mode":true,"campfire_choices":[{"data":"Fire Breathing","floor":8,"key":"SMITH"},{"floor":15,"key":"REST"}],"circlet_count":0,"master_deck":["AscendersBane","Strike_R","Strike_R","Strike_R","Strike_R","Strike_R","Defend_R","Defend_R","Defend_R","Defend_R","Bash","Dual Wield","Cleave","Rampage","Fiend Fire+1","Fire Breathing+1","Dark Embrace","Power Through","Feel No Pain","Ghostly Armor","Feed","True Grit","Flame Barrier"],"relics":["Burning Blood","Anchor","WingedGreaves","Self Forming Clay","Darkstone Periapt","InkBottle","Mango","Cursed Key","Ice Cream","Omamori"],"acts_visited":["Exordium","TheCity"],"potions_floor_usage":[12,13,16,16,23],"damage_taken":[{"damage":1,"enemies":"Cultist","floor":1,"turns":3},{"damage":2,"enemies":"2 Louse","floor":2,"turns":3},{"damage":12,"enemies":"Small Slimes","floor":3,"turns":4},{"damage":5,"enemies":"3 Louse","floor":4,"turns":3},{"damage":30,"enemies":"Lagavulin","floor":6,"turns":6},{"damage":0,"enemies":"Looter","floor":7,"turns":2},{"damage":29,"enemies":"Gremlin Nob","floor":10,"turns":4},{"damage":10,"enemies":"Lagavulin","floor":12,"turns":4},{"damage":10,"enemies":"3 Sentries","floor":13,"turns":5},{"damage":0,"enemies":"2 Fungi Beasts","floor":14,"turns":2},{"damage":44,"enemies":"The Guardian","floor":16,"turns":11},{"damage":14,"enemies":"Shell Parasite","floor":18,"turns":7},{"damage":34,"enemies":"2 Thieves","floor":19,"turns":4},{"damage":68,"enemies":"Slavers","floor":23,"turns":7}],"seed_played":"3716897895841687186","potions_obtained":[{"floor":1,"key":"Energy Potion"},{"floor":7,"key":"Block Potion"},{"floor":12,"key":"DuplicationPotion"},{"floor":14,"key":"ElixirPotion"},{"floor":18,"key":"PowerPotion"},{"floor":19,"key":"Fire Potion"}],"is_trial":false,"path_per_floor":["M","M","M","M","?","E","M","R","T","E","?","E","E","M","R","B",null,"M","M","?","?","$","E"],"character_chosen":"IRONCLAD","items_purchased":["Ice Cream","Omamori"],"campfire_rested":1,"item_purchase_floors":[22,22],"current_hp_per_floor":[73,75,69,70,70,46,52,52,52,29,35,31,41,47,75,37,81,73,48,48,68,68,0,0],"gold":6,"neow_bonus":"RANDOM_COMMON_RELIC","is_daily":false,"chose_seed":false,"campfire_upgraded":1,"win_rate":0.0,"timestamp":1612398479,"path_taken":["M","M","M","M","?","E","M","R","T","E","?","E","E","M","R","BOSS","M","M","?","?","$","E"],"items_purchased_type":["Relic","Relic"],"build_version":"2020-12-22","purchased_purges":0,"victory":false,"max_hp_per_floor":[75,75,75,75,75,75,75,75,75,75,81,81,95,95,95,95,95,95,98,98,98,98,98,98],"card_choices":[{"not_picked":["Wild Strike","Sentinel"],"picked":"Dual Wield","floor":1},{"not_picked":["Searing Blow","Rage"],"picked":"Cleave","floor":2},{"not_picked":["Warcry","Iron Wave"],"picked":"Rampage","floor":3},{"not_picked":["Flex","Pommel Strike"],"picked":"Fiend Fire","floor":4},{"not_picked":["Berserk","Searing Blow","Uppercut"],"picked":"SKIP","floor":6},{"not_picked":["Infernal Blade","Uppercut"],"picked":"Fire Breathing","floor":7},{"not_picked":["Blood for Blood","Pommel Strike"],"picked":"Dark Embrace","floor":10},{"not_picked":["Wild Strike","Inflame"],"picked":"Power Through","floor":12},{"not_picked":["Dropkick","Entrench"],"picked":"Feel No Pain","floor":13},{"not_picked":["Heavy Blade","Intimidate"],"picked":"Ghostly Armor","floor":14},{"not_picked":["Brutality","Juggernaut"],"picked":"Feed","floor":16},{"not_picked":["Iron Wave","Infernal Blade"],"picked":"True Grit","floor":18},{"not_picked":["Iron Wave+1","Thunderclap+1"],"picked":"Flame Barrier","floor":19}],"player_experience":1436101,"relics_obtained":[{"floor":6,"key":"WingedGreaves"},{"floor":9,"key":"Self Forming Clay"},{"floor":10,"key":"Darkstone Periapt"},{"floor":12,"key":"InkBottle"},{"floor":13,"key":"Mango"}],"event_choices":[{"damage_healed":0,"gold_gain":0,"player_choice":"Grow","damage_taken":0,"max_hp_gain":0,"max_hp_loss":0,"event_name":"Living Wall","floor":5,"gold_loss":0,"cards_upgraded":["Fiend Fire"]},{"damage_healed":0,"gold_gain":150,"player_choice":"AGREE","damage_taken":0,"max_hp_gain":0,"max_hp_loss":0,"event_name":"Liars Game","floor":11,"gold_loss":0,"cards_obtained":["Doubt"]},{"cards_removed":["Doubt"],"damage_healed":0,"gold_gain":0,"player_choice":"Gave Gold","damage_taken":0,"max_hp_gain":0,"max_hp_loss":0,"event_name":"Beggar","floor":20,"gold_loss":75},{"damage_healed":20,"gold_gain":0,"player_choice":"Heal","damage_taken":0,"max_hp_gain":0,"max_hp_loss":0,"event_name":"The Library","floor":21,"gold_loss":0}],"is_beta":false,"boss_relics":[{"not_picked":["Black Star","Busted Crown"],"picked":"Cursed Key"}],"items_purged_floors":[],"is_endless":false,"potions_floor_spawned":[1,7,12,14,18,19],"killed_by":"Slavers","ascension_level":20}}