{"host":"i9o3eksapkmftcbs","time":1612428879,"event":{"mods":["2.2 Compatiblity","AchievementEnabler","Act Like it!","Arknights","Bard","BaseMod","BetterRewards","Colored Map","Colored Powertips","Conspire","Duelist Mod","Halation","Hubris","Infinite Spire","Lobotomy","Minty Spire (QoL Compilation)","Rare Cards Sparkle","Reliquary","Robot Space Explorer","StSLib","The Blackbeard","The Clintock","The Dragon Tamer","The Mystic","Transform Curses"],"gold_per_floor":[118,118,136,22,33,65,65,80,80,80,80,80,80,91,91,91,91],"floor_reached":16,"language":"ENG","playtime":743,"items_purged":[],"score":102,"play_id":"7a8c16f9-acaf-4337-beb5-5706b42765f9","local_time":"20210204025439","is_ascension_mode":false,"campfire_choices":[{"floor":10,"key":"RECALL"},{"floor":13,"key":"REST"},{"floor":15,"key":"REST"}],"circlet_count":0,"master_deck":["bard:Strike","bard:Strike","bard:Strike","bard:Strike","bard:Defend+1","bard:Defend","bard:Defend","bard:Riposte","bard:Inspire","bard:HideousLaughter","bard:GreaterMagicWeapon+1","bard:GlyphOfWarding","bard:Solo","bard:GreaterMagicWeapon","bard:DeathMetal","bard:Doot"],"relics":["bard:PitchPipe","bard:BagPipes","reliquary:SharkskinSheath","Juzu Bracelet"],"acts_visited":["Exordium"],"potions_floor_usage":[6,8,8,12,16],"damage_taken":[{"damage":0,"enemies":"2 Louse","floor":1,"turns":3},{"damage":0,"enemies":"Cultist","floor":3,"turns":3},{"damage":0,"enemies":"Small Slimes","floor":5,"turns":3},{"damage":18,"enemies":"Gremlin Nob","floor":6,"turns":5},{"damage":26,"enemies":"Gremlin Gang","floor":8,"turns":6},{"damage":0,"enemies":"Large Slime","floor":12,"turns":2},{"damage":15,"enemies":"3 Louse","floor":14,"turns":2},{"damage":57,"enemies":"The Guardian","floor":16,"turns":9}],"seed_played":"-7717713080078002776","potions_obtained":[{"floor":3,"key":"Block Potion"},{"floor":6,"key":"SkillPotion"},{"floor":8,"key":"SmokeBomb"},{"floor":14,"key":"ColorlessPotion"}],"is_trial":false,"path_per_floor":["M","?","M","$","M","E","?","M","T","R","?","M","R","M","R","B"],"character_chosen":"BARD","items_purchased":["bard:GlyphOfWarding","bard:Solo"],"campfire_rested":2,"item_purchase_floors":[4,4],"current_hp_per_floor":[70,63,63,63,63,45,70,44,44,44,30,30,51,36,57,0,0],"gold":91,"neow_bonus":"RANDOM_COMMON_RELIC","is_daily":false,"chose_seed":false,"campfire_upgraded":0,"win_rate":0.0,"timestamp":1612428879,"path_taken":["M","?","M","$","M","E","?","M","T","R","?","M","R","M","R","BOSS"],"items_purchased_type":["Card","Card"],"build_version":"2020-12-22","purchased_purges":0,"victory":false,"max_hp_per_floor":[70,70,70,70,70,70,70,70,70,70,70,70,70,70,70,70,70],"card_choices":[{"not_picked":["bard:Greatness","bard:QuickSong"],"picked":"bard:HideousLaughter","floor":1},{"not_picked":["bard:CuttingWords","bard:TinyHut"],"picked":"bard:GreaterMagicWeapon","floor":3},{"not_picked":["bard:Fermata","bard:QuickSong"],"picked":"bard:GreaterMagicWeapon","floor":5},{"not_picked":["bard:GlyphOfWarding","bard:TinyHut"],"picked":"bard:FaerieFire","floor":6},{"not_picked":["bard:OffKey","bard:GlyphOfWarding"],"picked":"bard:DeathMetal","floor":8},{"not_picked":["bard:DervishDance","bard:ViciousMockery"],"picked":"bard:Doot","floor":14}],"player_experience":390307,"relics_obtained":[{"floor":6,"key":"Juzu Bracelet"}],"event_choices":[{"cards_removed":["bard:Defend"],"damage_healed":0,"gold_gain":0,"player_choice":"Card Removal","damage_taken":7,"max_hp_gain":0,"max_hp_loss":0,"event_name":"Golden Wing","floor":2,"gold_loss":0},{"cards_removed":["bard:FaerieFire"],"damage_healed":25,"gold_gain":0,"player_choice":"Offered Uncommon","damage_taken":0,"max_hp_gain":0,"max_hp_loss":0,"event_name":"Bonfire Elementals","floor":7,"gold_loss":0},{"damage_healed":0,"gold_gain":0,"player_choice":"Entered Light","damage_taken":14,"max_hp_gain":0,"max_hp_loss":0,"event_name":"Shining Light","floor":11,"gold_loss":0,"cards_upgraded":["bard:GreaterMagicWeapon","bard:Defend"]}],"is_beta":false,"boss_relics":[],"items_purged_floors":[],"is_endless":false,"potions_floor_spawned":[3,6,8,14],"killed_by":"The Guardian","ascension_level":0}}