{"host":"nptej036rrbiurf5","time":1612418410,"event":{"mods":["BaseMod","Colored Map","Colored Powertips","DeckTracker","Minty Spire (QoL Compilation)","StSLib","SuperFastMode"],"gold_per_floor":[119,119,119,132,144,169,169,49,49,77,91,148,48,48,48,48,48],"floor_reached":16,"language":"KOR","playtime":961,"items_purged":["Strike_R","Strike_R"],"score":216,"play_id":"04df0beb-30fb-4eb5-b37e-a4bcce502cb9","local_time":"20210204150010","is_ascension_mode":true,"campfire_choices":[{"floor":7,"key":"REST"},{"data":"Carnage","floor":15,"key":"SMITH"}],"circlet_count":0,"master_deck":["AscendersBane","Strike_R","Strike_R","Defend_R","Defend_R","Defend_R","Defend_R","Bash","Mayhem+1","Clothesline","Cleave","Dropkick","Feel No Pain","Battle Trance","Carnage+1","Shrug It Off"],"relics":["Burning Blood","Prayer Wheel","Torii","Bag of Preparation","Strawberry"],"acts_visited":["Exordium"],"potions_floor_usage":[6,16],"damage_taken":[{"damage":4,"enemies":"Small Slimes","floor":1,"turns":4},{"damage":4,"enemies":"Cultist","floor":4,"turns":4},{"damage":9,"enemies":"Jaw Worm","floor":5,"turns":4},{"damage":20,"enemies":"3 Sentries","floor":6,"turns":8},{"damage":25,"enemies":"Gremlin Nob","floor":10,"turns":4},{"damage":2,"enemies":"Blue Slaver","floor":11,"turns":4},{"damage":29,"enemies":"3 Sentries","floor":12,"turns":8},{"damage":21,"enemies":"The Guardian","floor":16,"turns":8}],"seed_played":"4794748409784451946","potions_obtained":[{"floor":1,"key":"DuplicationPotion"},{"floor":12,"key":"BlessingOfTheForge"}],"is_trial":false,"path_per_floor":["M","?","?","M","M","E","R","$","T","E","M","?","$","$","R","B"],"character_chosen":"IRONCLAD","items_purchased":["Feel No Pain"],"campfire_rested":1,"item_purchase_floors":[8],"current_hp_per_floor":[52,45,45,47,44,30,52,52,52,33,37,21,21,21,21,0,0],"gold":48,"neow_bonus":"RANDOM_COLORLESS_2","is_daily":false,"chose_seed":false,"campfire_upgraded":1,"win_rate":0.0,"timestamp":1612418410,"path_taken":["M","?","?","M","?","E","R","?","T","E","M","?","?","$","R","BOSS"],"items_purchased_type":["Card"],"build_version":"2020-12-22","purchased_purges":2,"victory":false,"max_hp_per_floor":[75,75,75,75,75,75,75,75,75,75,75,82,82,82,82,82,82],"card_choices":[{"not_picked":["Master of Strategy","Secret Technique"],"picked":"Mayhem","floor":0},{"not_picked":["Twin Strike","Intimidate"],"picked":"Clothesline","floor":1},{"not_picked":["Warcry","Dual Wield"],"picked":"Cleave","floor":4},{"not_picked":["Perfected Strike","Entrench"],"picked":"Dropkick","floor":5},{"not_picked":["Thunderclap","Clothesline","Warcry"],"picked":"SKIP","floor":6},{"not_picked":["Intimidate","Dual Wield"],"picked":"Battle Trance","floor":10},{"not_picked":["Wild Strike","Flex"],"picked":"Carnage","floor":11},{"not_picked":["Iron Wave","Flex"],"picked":"Shrug It Off","floor":11}],"player_experience":899165,"relics_obtained":[{"floor":6,"key":"Prayer Wheel"},{"floor":9,"key":"Torii"},{"floor":10,"key":"Bag of Preparation"}],"event_choices":[{"cards_removed":["Strike_R"],"damage_healed":0,"gold_gain":0,"player_choice":"Card Removal","damage_taken":7,"max_hp_gain":0,"max_hp_loss":0,"event_name":"Golden Wing","floor":2,"gold_loss":0},{"damage_healed":0,"gold_gain":0,"player_choice":"Forge","damage_taken":0,"max_hp_gain":0,"max_hp_loss":0,"event_name":"Accursed Blacksmith","floor":3,"gold_loss":0,"cards_upgraded":["Mayhem"]},{"damage_healed":0,"gold_gain":0,"player_choice":"Searched \u00272\u0027 times","damage_taken":0,"relics_obtained":["Strawberry"],"max_hp_gain":0,"max_hp_loss":0,"event_name":"Dead Adventurer","floor":12,"gold_loss":0}],"is_beta":false,"boss_relics":[],"items_purged_floors":[8,13],"is_endless":false,"potions_floor_spawned":[1,12],"killed_by":"The Guardian","ascension_level":20}}