{"host":"fmb9x04chdot191d","time":1612396959,"event":{"mods":["2.2 Compatiblity","AchievementEnabler","BaseMod","BetterRewards","Colored Map","Downfall","Hermit","Highlight Path","Marisa（霧雨　魔理沙）","Minty Spire (QoL Compilation)","Permanent Neow","Quick Restart","StSLib","The Servant 0.9.4"],"gold_per_floor":[112,127,127,150,150,185,185,206,229,229,229],"floor_reached":10,"language":"ENG","playtime":459,"items_purged":[],"score":68,"play_id":"d19490f7-aca8-4d19-b3ef-0fc87fa211a0","local_time":"20210204130239","is_ascension_mode":false,"campfire_choices":[{"floor":7,"key":"REST"}],"circlet_count":0,"master_deck":["Strike_P","Strike_P","Strike_P","Strike_P","Defend_P","Defend_P","Defend_P","Defend_P","Eruption","Vigilance","Trip","WindmillStrike","PathToVictory","Pray"],"relics":["PureWater","Golden Idol","Vajra","Nunchaku","Tiny Chest"],"acts_visited":["Exordium"],"potions_floor_usage":[6],"damage_taken":[{"damage":6,"enemies":"Jaw Worm","floor":1,"turns":2},{"damage":3,"enemies":"Small Slimes","floor":2,"turns":2},{"damage":0,"enemies":"2 Louse","floor":4,"turns":3},{"damage":57,"enemies":"3 Sentries","floor":6,"turns":7},{"damage":5,"enemies":"Looter","floor":8,"turns":2},{"damage":28,"enemies":"Gremlin Nob","floor":10,"turns":2}],"seed_played":"5311493272702730313","potions_obtained":[{"floor":4,"key":"SneckoOil"},{"floor":6,"key":"sneckomod:MuddlingPotion"},{"floor":8,"key":"ColorlessPotion"}],"is_trial":false,"path_per_floor":["M","M","?","M","?","E","R","M","T","E"],"character_chosen":"WATCHER","items_purchased":[],"campfire_rested":1,"item_purchase_floors":[],"current_hp_per_floor":[66,63,63,63,60,3,23,18,18,0,0],"gold":229,"neow_bonus":"RANDOM_COLORLESS","is_daily":false,"chose_seed":false,"campfire_upgraded":0,"win_rate":0.0,"timestamp":1612396959,"path_taken":["M","M","?","M","?","E","R","M","T","E"],"items_purchased_type":[],"build_version":"2020-12-22","purchased_purges":0,"victory":false,"max_hp_per_floor":[72,72,67,67,67,67,67,67,67,67,67],"card_choices":[{"not_picked":["Mind Blast","Finesse"],"picked":"Trip","floor":0},{"not_picked":["FlyingSleeves","InnerPeace","ClearTheMind"],"picked":"SKIP","floor":1},{"not_picked":["EmptyBody","Nirvana"],"picked":"WindmillStrike","floor":2},{"not_picked":["ClearTheMind","FlurryOfBlows"],"picked":"PathToVictory","floor":4},{"not_picked":["ThirdEye","SashWhip","FlyingSleeves"],"picked":"SKIP","floor":6},{"not_picked":["FlurryOfBlows","BattleHymn"],"picked":"Pray","floor":8}],"player_experience":80753,"relics_obtained":[{"floor":6,"key":"Nunchaku"},{"floor":9,"key":"Tiny Chest"}],"event_choices":[{"damage_healed":0,"gold_gain":0,"player_choice":"Lose Max HP","damage_taken":0,"relics_obtained":["Golden Idol"],"max_hp_gain":0,"max_hp_loss":5,"event_name":"Golden Idol","floor":3,"gold_loss":0},{"damage_healed":0,"gold_gain":0,"player_choice":"Success","damage_taken":3,"relics_obtained":["Vajra"],"max_hp_gain":0,"max_hp_loss":0,"event_name":"Scrap Ooze","floor":5,"gold_loss":0}],"is_beta":false,"boss_relics":[],"items_purged_floors":[],"is_endless":false,"potions_floor_spawned":[4,6,8],"killed_by":"Gremlin Nob","ascension_level":0}}