{"host":"jpcy2bclvs7juczu","time":1612402957,"event":{"mods":["Alarm Clock","BaseMod","Bestiary","Block Reminder","Colored Map","Colored Powertips","Curses Come First","Dark Map","Filter the Spire","Minty Spire (QoL Compilation)","Quick Restart","RNG Fix","Relic Stats","Slay the Relics Exporter","Smile Girya","StSLib","everything is the same but u backflip on backflip","ojb\u0027s Better Paths Mod","ojb\u0027s Info Mod","slay the spire mod where everything is the same but ironclad has a cowboy hat"],"gold_per_floor":[110,120,140,155,155,184,184,184,184,202,23,52,62,87,87,181,181,201,215,225,238,256,284,334,334,357,370,230,263,263,273,273,347,347,359,31,0,17,37,63,63,63,63,107,129,129,159,179,179,179,179,179,179,31,65,65],"floor_reached":57,"language":"ENG","playtime":12299,"items_purged":[],"score":3112,"play_id":"a2972acd-8ee7-4fe9-99b8-4dbb5b782608","local_time":"20210203204237","is_ascension_mode":true,"campfire_choices":[{"data":"Twin Strike","floor":8,"key":"SMITH"},{"data":"Apotheosis","floor":15,"key":"SMITH"},{"data":"Offering","floor":25,"key":"SMITH"},{"data":"Dark Embrace","floor":32,"key":"SMITH"},{"floor":42,"key":"RECALL"},{"floor":46,"key":"REST"},{"data":"Feel No Pain","floor":49,"key":"SMITH"},{"data":"Feel No Pain","floor":53,"key":"SMITH"}],"circlet_count":0,"master_deck":["AscendersBane","Bash","Double Tap+1","Anger","Twin Strike+1","Rage","Spot Weakness","Fire Breathing","Apotheosis+1","True Grit","Feel No Pain+1","Offering+1","Intimidate","Intimidate","Feel No Pain+1","Feel No Pain","Rage","Flame Barrier","Double Tap","Reckless Charge","Bloodletting","Battle Trance","Battle Trance","Dark Embrace+1","Exhume","Body Slam","Carnage+1","Havoc","Dark Embrace","Sword Boomerang","Reaper","Impervious","Flame Barrier","Shockwave+1","Disarm","Feed","Offering","Body Slam+1","Impervious","Dual Wield","Rupture","Feel No Pain"],"relics":["Burning Blood","Magic Flower","Self Forming Clay","Bird Faced Urn","Question Card","Pandora\u0027s Box","Anchor","Lantern","Runic Pyramid","Bag of Preparation","Medical Kit","Red Mask","Pocketwatch","Bronze Scales","Bottled Lightning","CeramicFish","Meat on the Bone","StoneCalendar"],"acts_visited":["Exordium","TheCity","TheBeyond","TheEnding"],"potions_floor_usage":[4,12,16,23,23,29,29,56],"damage_taken":[{"damage":6,"enemies":"Cultist","floor":1,"turns":3},{"damage":7,"enemies":"Jaw Worm","floor":2,"turns":3},{"damage":8,"enemies":"2 Louse","floor":3,"turns":3},{"damage":5,"enemies":"Gremlin Gang","floor":4,"turns":2},{"damage":39,"enemies":"Gremlin Nob","floor":6,"turns":4},{"damage":0,"enemies":"Large Slime","floor":10,"turns":4},{"damage":21,"enemies":"Lagavulin","floor":12,"turns":6},{"damage":4,"enemies":"Looter","floor":13,"turns":2},{"damage":17,"enemies":"3 Sentries","floor":14,"turns":5},{"damage":23,"enemies":"Hexaghost","floor":16,"turns":9},{"damage":14,"enemies":"Spheric Guardian","floor":18,"turns":5},{"damage":16,"enemies":"2 Thieves","floor":19,"turns":3},{"damage":18,"enemies":"Snake Plant","floor":20,"turns":7},{"damage":10,"enemies":"3 Cultists","floor":21,"turns":4},{"damage":15,"enemies":"Centurion and Healer","floor":22,"turns":3},{"damage":41,"enemies":"Book of Stabbing","floor":23,"turns":5},{"damage":14,"enemies":"Cultist and Chosen","floor":27,"turns":6},{"damage":41,"enemies":"Slavers","floor":29,"turns":7},{"damage":29,"enemies":"Snake Plant","floor":31,"turns":5},{"damage":19,"enemies":"Champ","floor":33,"turns":6},{"damage":8,"enemies":"Orb Walker","floor":35,"turns":4},{"damage":14,"enemies":"3 Darklings","floor":38,"turns":4},{"damage":9,"enemies":"Maw","floor":39,"turns":7},{"damage":18,"enemies":"Giant Head","floor":40,"turns":4},{"damage":3,"enemies":"Nemesis","floor":44,"turns":7},{"damage":15,"enemies":"Sphere and 2 Shapes","floor":45,"turns":3},{"damage":15,"enemies":"Reptomancer","floor":47,"turns":2},{"damage":12,"enemies":"4 Shapes","floor":48,"turns":4},{"damage":18,"enemies":"Donu and Deca","floor":50,"turns":7},{"damage":43,"enemies":"Awakened One","floor":51,"turns":9},{"damage":24,"enemies":"Shield and Spear","floor":55,"turns":8},{"damage":44,"enemies":"The Heart","floor":56,"turns":8}],"seed_played":"-8466267277148332678","potions_obtained":[{"floor":1,"key":"ColorlessPotion"},{"floor":2,"key":"Explosive Potion"},{"floor":4,"key":"Energy Potion"},{"floor":14,"key":"BloodPotion"},{"floor":16,"key":"SmokeBomb"},{"floor":18,"key":"AttackPotion"},{"floor":21,"key":"ColorlessPotion"},{"floor":27,"key":"Weak Potion"},{"floor":38,"key":"SpeedPotion"},{"floor":45,"key":"ColorlessPotion"}],"is_trial":false,"path_per_floor":["M","M","M","M","?","E","?","R","T","M","$","E","M","E","R","B",null,"M","M","M","M","M","E","?","R","T","M","$","E","?","M","R","B",null,"M","$","?","M","M","E","T","R","T","E","M","R","E","M","R","B","B",null,"R","$","E","B",null],"character_chosen":"IRONCLAD","items_purchased":["Apotheosis","AttackPotion","Dark Embrace","Bag of Preparation","Medical Kit","Dual Wield","Rupture"],"campfire_rested":1,"item_purchase_floors":[11,28,28,36,36,54,54],"current_hp_per_floor":[68,67,65,66,55,22,22,22,22,31,31,19,24,19,19,11,54,61,66,68,68,68,48,48,48,48,55,55,41,41,39,39,68,68,68,68,68,68,68,68,68,68,68,72,76,76,76,84,84,88,88,88,88,88,88,92],"gold":65,"neow_bonus":"THREE_RARE_CARDS","is_daily":false,"chose_seed":false,"campfire_upgraded":6,"win_rate":0.0,"timestamp":1612402957,"path_taken":["M","M","M","M","?","E","?","R","T","M","$","E","M","E","R","BOSS","M","M","M","M","M","E","?","R","T","M","$","E","?","M","R","BOSS","M","$","?","M","?","E","?","R","T","E","M","R","E","M","R","BOSS","BOSS","R","$","E","BOSS"],"items_purchased_type":["Card","Potion","Card","Relic","Relic","Card","Card"],"build_version":"2020-12-22","purchased_purges":0,"victory":true,"max_hp_per_floor":[68,68,68,68,68,68,68,68,68,68,68,68,68,68,68,68,68,68,68,68,68,68,68,68,68,68,68,68,68,68,68,68,68,68,68,68,68,68,68,68,68,68,68,72,76,76,76,84,84,88,88,88,88,88,88,92],"relic_stats":{"counters":[32,159],"Self Forming Clay":[273],"CeramicFish":54,"Magic Flower":[153],"StoneCalendar":[30],"Bag of Preparation":[22],"Question Card":20,"Medical Kit":[24],"Burning Blood":178,"Bird Faced Urn":[269],"Bronze Scales":[211],"Pandora\u0027s Box":["Intimidate","Intimidate","Feel No Pain","Feel No Pain","Rage","Flame Barrier","Double Tap","Reckless Charge","Bloodletting"],"obtain_stats":[{"Lantern":29,"Self Forming Clay":9,"CeramicFish":44,"Magic Flower":6,"StoneCalendar":55,"Bag of Preparation":36,"Question Card":14,"Medical Kit":36,"Burning Blood":0,"Anchor":23,"Bird Faced Urn":12,"Bronze Scales":41,"Pandora\u0027s Box":17,"Red Mask":37,"Bottled Lightning":43,"Runic Pyramid":34,"Pocketwatch":40,"Meat on the Bone":47},{"Lantern":18,"Self Forming Clay":5,"CeramicFish":25,"Magic Flower":5,"StoneCalendar":31,"Bag of Preparation":21,"Question Card":9,"Medical Kit":21,"Burning Blood":0,"Anchor":16,"Bird Faced Urn":7,"Bronze Scales":24,"Pandora\u0027s Box":10,"Red Mask":21,"Bottled Lightning":24,"Runic Pyramid":20,"Pocketwatch":24,"Meat on the Bone":27},{"Lantern":81,"Self Forming Clay":15,"CeramicFish":118,"Magic Flower":15,"StoneCalendar":151,"Bag of Preparation":96,"Question Card":32,"Medical Kit":96,"Burning Blood":0,"Anchor":68,"Bird Faced Urn":25,"Bronze Scales":111,"Pandora\u0027s Box":41,"Red Mask":96,"Bottled Lightning":111,"Runic Pyramid":92,"Pocketwatch":111,"Meat on the Bone":123}],"Pocketwatch":[0],"Meat on the Bone":0},"card_choices":[{"not_picked":["Juggernaut","Barricade"],"picked":"Double Tap","floor":0},{"not_picked":["Pommel Strike","Rage"],"picked":"Anger","floor":1},{"not_picked":["True Grit","Headbutt"],"picked":"Twin Strike","floor":2},{"not_picked":["Infernal Blade","Shrug It Off"],"picked":"Rage","floor":3},{"not_picked":["Warcry","Thunderclap","Rage"],"picked":"SKIP","floor":4},{"not_picked":["Iron Wave","Headbutt"],"picked":"Spot Weakness","floor":6},{"not_picked":["Double Tap","Iron Wave"],"picked":"Fire Breathing","floor":10},{"not_picked":["Clothesline","Demon Form"],"picked":"True Grit","floor":12},{"not_picked":["Flex","Iron Wave","Headbutt"],"picked":"SKIP","floor":13},{"not_picked":["Warcry","Burning Pact"],"picked":"Feel No Pain","floor":14},{"not_picked":["Barricade","Limit Break","Double Tap"],"picked":"Offering","floor":16},{"not_picked":["Pommel Strike","Cleave","Shockwave"],"picked":"Battle Trance","floor":18},{"not_picked":["Clash","Heavy Blade+1","Iron Wave"],"picked":"Battle Trance","floor":19},{"not_picked":["Pommel Strike+1","Shrug It Off","Sever Soul"],"picked":"Dark Embrace","floor":20},{"not_picked":["Shrug It Off","Fire Breathing","Iron Wave"],"picked":"Exhume","floor":21},{"not_picked":["Battle Trance","Perfected Strike","True Grit+1"],"picked":"Body Slam","floor":22},{"not_picked":["Clash","Perfected Strike","Twin Strike"],"picked":"Carnage+1","floor":23},{"not_picked":["Heavy Blade","True Grit","Carnage"],"picked":"Havoc","floor":27},{"not_picked":["Flex","Clothesline","Twin Strike"],"picked":"Sword Boomerang","floor":29},{"not_picked":["Body Slam","Thunderclap","Hemokinesis"],"picked":"Reaper","floor":31},{"not_picked":["Berserk","Exhume","Reaper"],"picked":"Impervious","floor":33},{"not_picked":["Rage","Iron Wave","Flex"],"picked":"Flame Barrier","floor":35},{"not_picked":["Armaments","Uppercut+1","Headbutt"],"picked":"Shockwave+1","floor":38},{"not_picked":["Perfected Strike","Twin Strike+1","Clothesline"],"picked":"Disarm","floor":39},{"not_picked":["Headbutt","Dropkick","Shrug It Off"],"picked":"Feed","floor":40},{"not_picked":["Thunderclap","Brutality","Seeing Red"],"picked":"Offering","floor":44},{"not_picked":["Iron Wave+1","Anger+1","Cleave"],"picked":"Body Slam+1","floor":45},{"not_picked":["Anger","Uppercut","Blood for Blood+1","Pommel Strike"],"picked":"SKIP","floor":47},{"not_picked":["Anger","Iron Wave","Pommel Strike"],"picked":"Impervious","floor":48},{"not_picked":["Clothesline","Pommel Strike","Anger"],"picked":"Feel No Pain","floor":55}],"player_experience":1551477,"relics_obtained":[{"floor":6,"key":"Magic Flower"},{"floor":9,"key":"Self Forming Clay"},{"floor":12,"key":"Bird Faced Urn"},{"floor":14,"key":"Question Card"},{"floor":23,"key":"Anchor"},{"floor":29,"key":"Lantern"},{"floor":40,"key":"Pocketwatch"},{"floor":41,"key":"Bronze Scales"},{"floor":43,"key":"Bottled Lightning"},{"floor":44,"key":"CeramicFish"},{"floor":47,"key":"Meat on the Bone"},{"floor":55,"key":"StoneCalendar"}],"event_choices":[{"damage_healed":0,"gold_gain":0,"player_choice":"Fled","damage_taken":11,"max_hp_gain":0,"max_hp_loss":0,"event_name":"Scrap Ooze","floor":5,"gold_loss":0},{"damage_healed":0,"gold_gain":0,"player_choice":"Grow","damage_taken":0,"max_hp_gain":0,"max_hp_loss":0,"event_name":"Living Wall","floor":7,"gold_loss":0,"cards_upgraded":["Double Tap"]},{"damage_healed":0,"gold_gain":50,"player_choice":"Stole From Cult","damage_taken":0,"max_hp_gain":0,"max_hp_loss":0,"event_name":"Nest","floor":24,"gold_loss":0},{"damage_healed":0,"gold_gain":0,"player_choice":"Ignored","damage_taken":0,"max_hp_gain":0,"max_hp_loss":0,"event_name":"Vampires","floor":30,"gold_loss":0},{"damage_healed":0,"gold_gain":0,"player_choice":"Paid","damage_taken":0,"relics_obtained":["Red Mask"],"max_hp_gain":0,"max_hp_loss":0,"event_name":"Tomb of Lord Red Mask","floor":37,"gold_loss":31}],"is_beta":false,"boss_relics":[{"not_picked":["Velvet Choker","Cursed Key"],"picked":"Pandora\u0027s Box"},{"not_picked":["Mark of Pain","SlaversCollar"],"picked":"Runic Pyramid"}],"items_purged_floors":[],"is_endless":false,"potions_floor_spawned":[1,2,4,6,14,16,18,19,21,27,38,45,47],"ascension_level":20}}