{"host":"qrt7o4dq2qslzw13","time":1612428592,"event":{"mods":["AchievementEnabler","BaseMod","Colored Map","Colored Powertips","Minty Spire (QoL Compilation)","Quick Restart","StSLib","SuperFastMode"],"gold_per_floor":[212,212,226,226,247,247,260,9,61,76,251,251,19,33,33,158,221,245,245,67,67,67,67,67,102,129,129,153,153,34,52,52,181,181,194,209,140,140,221,221,221,221],"floor_reached":41,"language":"ENG","playtime":894,"items_purged":[],"score":482,"play_id":"7b909bed-79ef-4e5b-b88e-f78a0f0bf104","local_time":"20210204034952","is_ascension_mode":true,"campfire_choices":[{"data":"Loop","floor":6.0,"key":"SMITH"},{"data":"Electrodynamics","floor":12.0,"key":"SMITH"},{"data":"Capacitor","floor":15.0,"key":"SMITH"},{"data":"White Noise","floor":23.0,"key":"SMITH"},{"floor":27.0,"key":"REST"},{"floor":29,"key":"REST"},{"data":"Thunder Strike","floor":32,"key":"SMITH"},{"floor":40,"key":"REST"}],"circlet_count":0,"master_deck":["Zap","Dualcast","Conserve Battery","Undo","Loop+1","Leap","Electrodynamics+1","Good Instincts","Ball Lightning","Doubt","Capacitor+1","Cold Snap","Seek","Redo+1","Auto Shields","White Noise+1","Heatsinks","Writhe","Genetic Algorithm","Fission","Thunder Strike+1","Reinforced Body","Storm","Creative AI","Turbo","Stack","Heatsinks","Gash","All For One","Leap","Echo Form","Defragment"],"relics":["Cracked Core","Golden Idol","Pen Nib","Oddly Smooth Stone","Tiny House","Enchiridion","Blood Vial","Turnip","Bag of Marbles","Pandora\u0027s Box","Shuriken"],"acts_visited":["Exordium","TheCity","TheBeyond"],"potions_floor_usage":[35,35,41],"damage_taken":[{"damage":4.0,"enemies":"Jaw Worm","floor":1.0,"turns":4.0},{"damage":0.0,"enemies":"Small Slimes","floor":3.0,"turns":3.0},{"damage":0.0,"enemies":"2 Louse","floor":5.0,"turns":2.0},{"damage":1.0,"enemies":"2 Fungi Beasts","floor":7.0,"turns":4.0},{"damage":0.0,"enemies":"Exordium Wildlife","floor":10.0,"turns":2.0},{"damage":0.0,"enemies":"Looter","floor":14.0,"turns":3.0},{"damage":33.0,"enemies":"Hexaghost","floor":16.0,"turns":11.0},{"damage":7.0,"enemies":"Shell Parasite","floor":18.0,"turns":8.0},{"damage":44.0,"enemies":"Book of Stabbing","floor":25.0,"turns":6.0},{"damage":12,"enemies":"2 Thieves","floor":28,"turns":4},{"damage":15,"enemies":"Centurion and Healer","floor":31,"turns":5},{"damage":14,"enemies":"Champ","floor":33,"turns":12},{"damage":22,"enemies":"3 Darklings","floor":35,"turns":4},{"damage":23,"enemies":"3 Shapes","floor":36,"turns":2},{"damage":68,"enemies":"Writhing Mass","floor":41,"turns":3}],"seed_played":"1186210991310962204","potions_obtained":[{"floor":10.0,"key":"FocusPotion"},{"floor":14.0,"key":"Regen Potion"},{"floor":16.0,"key":"Swift Potion"},{"floor":28,"key":"SteroidPotion"},{"floor":36,"key":"GamblersBrew"}],"is_trial":false,"path_per_floor":["M","?","M","?","M","R","M","$","T","M","?","R","$","M","R","B",null,"M","?","$","?","?","R","?","E","T","R","M","R","$","M","R","B",null,"M","M","$","?","T","R","M"],"character_chosen":"DEFECT","items_purchased":["Electrodynamics","Good Instincts","Capacitor","Oddly Smooth Stone","Auto Shields","White Noise","Heatsinks","Storm","Block Potion","Defragment"],"campfire_rested":3,"item_purchase_floors":[8,8,13,13,20,20,20,30,30,37],"current_hp_per_floor":[71,71,71,64,64,64,63,63,63,63,63,63,63,63,63,30,80,73,57,57,57,57,57,57,30,30,54,44,68,68,55,55,43,80,58,37,37,37,37,61,0,0],"gold":221,"neow_bonus":"HUNDRED_GOLD","is_daily":false,"chose_seed":false,"campfire_upgraded":5,"win_rate":0.0,"timestamp":1612428592,"path_taken":["M","?","M","?","?","R","M","$","T","M","?","R","$","M","R","BOSS","M","?","$","?","?","R","?","E","T","R","M","R","$","?","R","BOSS","M","M","$","?","?","R","M"],"items_purchased_type":["Card","Card","Card","Relic","Card","Card","Card","Card","Potion","Card"],"build_version":"2020-12-22","purchased_purges":0,"victory":false,"max_hp_per_floor":[75,75,75,75,75,75,75,75,75,75,75,75,75,75,75,75,80,80,80,80,80,80,80,80,80,80,80,80,80,80,80,80,80,80,80,80,80,80,80,80,80,80],"card_choices":[{"not_picked":["Stack","Compile Driver"],"picked":"Conserve Battery","floor":1.0},{"not_picked":["Scrape","Beam Cell"],"picked":"Undo","floor":3.0},{"not_picked":["Hologram","Rebound"],"picked":"Loop","floor":5.0},{"not_picked":["Sweeping Beam","Sunder"],"picked":"Leap","floor":7.0},{"not_picked":["Hologram","Coolheaded"],"picked":"Ball Lightning","floor":10.0},{"not_picked":["Redo","Steam"],"picked":"Cold Snap","floor":14.0},{"not_picked":["Machine Learning","Hyperbeam"],"picked":"Seek","floor":16.0},{"not_picked":["Conserve Battery","Sweeping Beam"],"picked":"Redo+1","floor":18.0},{"not_picked":["Doom and Gloom","Coolheaded"],"picked":"Thunder Strike","floor":25.0},{"not_picked":["Hologram","Gash+1"],"picked":"Reinforced Body","floor":28},{"not_picked":["Sweeping Beam+1","Coolheaded","Conserve Battery"],"picked":"SKIP","floor":31},{"not_picked":["Reboot","Machine Learning"],"picked":"Creative AI","floor":33},{"not_picked":["Hologram","Rebound","Streamline+1"],"picked":"SKIP","floor":35},{"not_picked":["Barrage","Hello World"],"picked":"Echo Form","floor":36}],"player_experience":619310,"relics_obtained":[{"floor":9.0,"key":"Pen Nib"},{"floor":19.0,"key":"Enchiridion"},{"floor":25.0,"key":"Turnip"},{"floor":26.0,"key":"Bag of Marbles"},{"floor":39,"key":"Shuriken"}],"event_choices":[{"damage_healed":0.0,"max_hp_gain":0.0,"max_hp_loss":0.0,"gold_gain":0.0,"event_name":"Golden Idol","player_choice":"Take Wound","floor":2.0,"gold_loss":0.0,"damage_taken":0.0,"relics_obtained":["Golden Idol"],"cards_obtained":["Injury"]},{"cards_removed":["Injury"],"damage_healed":0.0,"max_hp_gain":0.0,"max_hp_loss":0.0,"gold_gain":0.0,"event_name":"Golden Wing","player_choice":"Card Removal","floor":4.0,"gold_loss":0.0,"damage_taken":7.0},{"damage_healed":0.0,"max_hp_gain":0.0,"max_hp_loss":0.0,"gold_gain":175.0,"event_name":"Liars Game","player_choice":"AGREE","floor":11.0,"gold_loss":0.0,"damage_taken":0.0,"cards_obtained":["Doubt"]},{"damage_healed":0.0,"max_hp_gain":0.0,"max_hp_loss":0.0,"gold_gain":0.0,"event_name":"Cursed Tome","player_choice":"Obtained Book","floor":19.0,"gold_loss":0.0,"damage_taken":16.0},{"damage_healed":0.0,"max_hp_gain":0.0,"max_hp_loss":0.0,"gold_gain":0.0,"event_name":"The Mausoleum","player_choice":"Opened","floor":21.0,"gold_loss":0.0,"damage_taken":0.0,"relics_obtained":["Blood Vial"],"cards_obtained":["Writhe"]},{"damage_healed":0.0,"max_hp_gain":0.0,"max_hp_loss":0.0,"gold_gain":0.0,"event_name":"Ghosts","player_choice":"Ignored","floor":22.0,"gold_loss":0.0,"damage_taken":0.0},{"damage_healed":0.0,"max_hp_gain":0.0,"max_hp_loss":0.0,"gold_gain":0.0,"cards_transformed":["Strike_B","Strike_B"],"event_name":"Drug Dealer","player_choice":"Became Test Subject","floor":24.0,"gold_loss":0.0,"damage_taken":0.0,"cards_obtained":["Genetic Algorithm","Fission"]},{"damage_healed":0,"gold_gain":0,"player_choice":"Ignored","damage_taken":0,"max_hp_gain":0,"max_hp_loss":0,"event_name":"Tomb of Lord Red Mask","floor":38,"gold_loss":0}],"is_beta":false,"boss_relics":[{"not_picked":["Coffee Dripper","Astrolabe"],"picked":"Tiny House"},{"not_picked":["Velvet Choker","Fusion Hammer"],"picked":"Pandora\u0027s Box"}],"items_purged_floors":[],"is_endless":false,"potions_floor_spawned":[10,14,16,28,33,36],"killed_by":"Writhing Mass","ascension_level":3}}