{"host":"18ybagvpjbhxblmx","time":1612459567,"event":{"mods":["BaseMod","BetterRewards","Colored Map","Conspire","Friendly Minions","Hubris","Infinite Spire","Koishi","Marisa????????","Minty Spire (QoL Compilation)","Quick Restart","Replay The Spire","StSLib","The Administrix","The Servant 0.9.4"],"gold_per_floor":[115,15,15,15,15,40,40,57,81,81,114,114,114,68,68,199,199,224,247,247,547,547,547],"floor_reached":22,"language":"ENG","playtime":2629,"items_purged":["AdministrixMod:Strike_Administrix","AdministrixMod:Defend_Administrix"],"score":317,"play_id":"2e2c383a-abcf-4adb-b5d0-2d2ac981938c","local_time":"20210204182607","is_ascension_mode":true,"campfire_choices":[{"floor":10,"key":"REST"},{"floor":13,"key":"REST"},{"data":"AdministrixMod:Convergence","floor":15,"key":"SMITH"}],"circlet_count":0,"master_deck":["AdministrixMod:Strike_Administrix","AdministrixMod:Strike_Administrix","AdministrixMod:RedCloak","AdministrixMod:Defend_Administrix","AdministrixMod:Defend_Administrix","AdministrixMod:Defend_Administrix","AdministrixMod:BlueCloak","AdministrixMod:Convergence+1","AdministrixMod:BegetEternity","AdministrixMod:BishamonBlessing","AdministrixMod:FeastOfDew","AdministrixMod:FeastOfDew","AdministrixMod:ImmortalClarity","CurseOfTheBell","Pot Of Greed","Pot Of Greed","AdministrixMod:CastOffRegrets+1"],"relics":["AdministrixMod:ConductorRitualBaton","infinitespire:Joker Card","ClockworkSouvenir","Tiny Chest","hubris:64BitClover","Ancient Tea Set","infinitespire:Eraser","Pen Nib","Blue Doll","Golden Idol","Calling Bell","Replay:Towering Pillar of Hats","Meat on the Bone","Grinning Jar","Old Coin"],"acts_visited":["Exordium","TheCity"],"potions_floor_usage":[],"damage_taken":[{"damage":0,"enemies":"Small Slimes","floor":1,"turns":3},{"damage":0,"enemies":"Lagavulin","floor":6,"turns":7},{"damage":0,"enemies":"Cultist","floor":8,"turns":3},{"damage":9,"enemies":"Gremlin Nob","floor":11,"turns":4},{"damage":0,"enemies":"Fading Forest","floor":16,"turns":9},{"damage":1,"enemies":"Spheric Guardian","floor":18,"turns":4},{"damage":0,"enemies":"conspire:FuzzyDice","floor":19,"turns":8},{"damage":11,"enemies":"Shelled Parasite and Fungi","floor":22,"turns":3}],"seed_played":"-3380218350663606662","potions_obtained":[{"floor":1,"key":"LiquidMemories"},{"floor":16,"key":"AttackPotion"},{"floor":18,"key":"AttackPotion"}],"is_trial":false,"path_per_floor":["M","$","?","$","?","E","T","M","T","R","E","?","R","$","R","B",null,"M","M","?","T","M"],"character_chosen":"TheAdministrix","items_purchased":["infinitespire:Joker Card","ClockworkSouvenir","Tiny Chest","AdministrixMod:FeastOfDew"],"campfire_rested":2,"item_purchase_floors":[0,0,0,14],"current_hp_per_floor":[34,34,34,34,34,34,34,34,34,53,44,28,47,47,47,47,65,64,64,64,64,53,53],"gold":547,"neow_bonus":"","is_daily":false,"chose_seed":false,"campfire_upgraded":1,"win_rate":0.0,"timestamp":1612459567,"path_taken":["M","$","?","?","?","E","?","?","T","R","E","?","R","$","R","BOSS","M","M","?","?","?"],"items_purchased_type":["Relic","Relic","Relic","Card"],"build_version":"2020-12-22","purchased_purges":2,"victory":false,"max_hp_per_floor":[65,65,65,65,65,65,65,65,65,65,65,65,65,65,65,65,65,65,65,65,65,65,65],"card_choices":[{"not_picked":["AdministrixMod:ImmortalGrace","AdministrixMod:TrickOfTheLight"],"picked":"AdministrixMod:Convergence","floor":1},{"not_picked":["AdministrixMod:CenturiesAscent","AdministrixMod:BloodBargain","AdministrixMod:SipOfSparks"],"picked":"SKIP","floor":6},{"not_picked":["AdministrixMod:ImmortalGrace","AdministrixMod:BloodlessSapphire","AdministrixMod:FuneraryRites"],"picked":"SKIP","floor":8},{"not_picked":["AdministrixMod:Katabasis","AdministrixMod:TouchOfCinnabar","AdministrixMod:SealAway"],"picked":"SKIP","floor":11},{"not_picked":["AdministrixMod:LuminaryPath","AdministrixMod:BattleforgedBonds"],"picked":"AdministrixMod:ImmortalClarity","floor":16},{"not_picked":["AdministrixMod:BegetEternity","AdministrixMod:FuneraryRites","AdministrixMod:BloodlessSapphire+1"],"picked":"SKIP","floor":18},{"not_picked":["AdministrixMod:ArmillarySphere+1","AdministrixMod:Untouchable"],"picked":"AdministrixMod:CastOffRegrets+1","floor":19}],"player_experience":174425,"relics_obtained":[{"floor":6,"key":"Ancient Tea Set"},{"floor":7,"key":"infinitespire:Eraser"},{"floor":9,"key":"Pen Nib"},{"floor":11,"key":"Blue Doll"},{"floor":17,"key":"Replay:Towering Pillar of Hats"},{"floor":17,"key":"Meat on the Bone"},{"floor":17,"key":"Grinning Jar"},{"floor":21,"key":"Old Coin"}],"event_choices":[{"damage_healed":0,"gold_gain":0,"cards_transformed":["AdministrixMod:Strike_Administrix"],"player_choice":"Transformed","damage_taken":0,"max_hp_gain":0,"max_hp_loss":0,"event_name":"Transmorgrifier","floor":3,"gold_loss":0,"cards_obtained":["AdministrixMod:BegetEternity"]},{"damage_healed":0,"gold_gain":0,"player_choice":"Take Damage","damage_taken":16,"relics_obtained":["Golden Idol"],"max_hp_gain":0,"max_hp_loss":0,"event_name":"Golden Idol","floor":12,"gold_loss":0},{"damage_healed":0,"gold_gain":0,"player_choice":"Ignored","damage_taken":0,"max_hp_gain":0,"max_hp_loss":0,"event_name":"The Mausoleum","floor":20,"gold_loss":0}],"is_beta":false,"boss_relics":[{"not_picked":["ChewingGum","Runic Dome"],"picked":"Calling Bell"}],"items_purged_floors":[0,2],"is_endless":false,"potions_floor_spawned":[1,16,18,19],"killed_by":"Shelled Parasite and Fungi","ascension_level":2}}