{"host":"njo8qgvy2a57fcny","time":1612423751,"event":{"mods":["Aspiration","BaseMod","BetterRewards","CCEM2","Colored Map","Colored Powertips","Conspire","Custom Start","Downfall","Energized Spire","GifTheSpireLib","Halation","Hermit","Hubris","Infinite Spire","Jedi Mod","Jorbs\u0027s Wanderer Trilogy","Mimic Mod","Minty Spire (QoL Compilation)","Quick Restart","Random Character Button","Random Character Mod","Rare Cards Sparkle","Relic Sorter","Reliquary","Replay The Spire","Shop Mod","StSLib","Stuff the Spire","The Animator","The Jungle","The Runesmith","The Servant 0.9.4","Unceasing Turn Reminder","thorton"],"gold_per_floor":[99,113,132,149,149,182,231,31,41,56,56,67,82,111,122,122,122,122],"floor_reached":16,"language":"ENG","playtime":762,"items_purged":[],"score":147,"play_id":"19b0f895-b889-4302-8f33-0ee25f065231","local_time":"20210204182911","is_ascension_mode":true,"campfire_choices":[{"floor":1,"key":"RECALL"},{"data":"champ:EnragedBash","floor":8,"key":"SMITH"},{"data":"champ:Taunt","floor":11,"key":"SMITH"}],"circlet_count":0,"master_deck":["champ:Strike","champ:Strike","champ:Strike","champ:Defend","champ:Defend","champ:Defend","champ:Defend","champ:Execute","champ:Taunt+1","AbeCurse","champ:FocusedDefense","champ:TornadoPunch","champ:EnragedBash+1","Deep Breath","champ:GladiatorStyle","champ:FocusedBerserking","champ:BringItOn","champ:RapidStrikes","champ:EnragedBash","champ:BringItOn"],"relics":["Abe\u0027s Treasure","Replay:Baseball","downfall:HeartBlessingBlue","downfall:HeartBlessingRed","Slimebound:StickyStick"],"acts_visited":["Exordium"],"potions_floor_usage":[6,9,14,14],"damage_taken":[{"damage":10,"enemies":"2 Louse","floor":2,"turns":3},{"damage":10,"enemies":"Cultist","floor":3,"turns":3},{"damage":11,"enemies":"Jaw Worm","floor":4,"turns":3},{"damage":43,"enemies":"3 Sentries","floor":6,"turns":4},{"damage":10,"enemies":"Blue Slaver","floor":9,"turns":1},{"damage":23,"enemies":"Red Slaver","floor":10,"turns":2},{"damage":25,"enemies":"Exordium Thugs","floor":12,"turns":3},{"damage":15,"enemies":"Blue Slaver","floor":13,"turns":3},{"damage":90,"enemies":"Gremlin Nob","floor":14,"turns":6},{"damage":4,"enemies":"Large Slime","floor":15,"turns":4},{"damage":5,"enemies":"SI_SHIV_ARCHETYPE","floor":16,"turns":2}],"seed_played":"8726724744600914240","potions_obtained":[{"floor":4,"key":"SteroidPotion"},{"floor":6,"key":"Fruit Juice"},{"floor":10,"key":"jedi:mysterypotion"},{"floor":13,"key":"champ:UltimateStancePotion"},{"floor":15,"key":"SneckoOil"}],"is_trial":false,"path_per_floor":["R_BF","M","M","M","?","E","T","R","M","M","R","M","M","E","M","B"],"character_chosen":"THE_CHAMP","items_purchased":[],"campfire_rested":0,"item_purchase_floors":[],"current_hp_per_floor":[90,90,90,89,89,76,76,86,86,78,78,68,68,3,3,0,0,0],"gold":122,"neow_bonus":"BOSS_RELIC","is_daily":false,"chose_seed":false,"campfire_upgraded":2,"win_rate":0.0,"timestamp":1612423751,"path_taken":["R_BF","M","M","M","?","E","T","R","M","M","R","M","?","E","M","BOSS"],"items_purchased_type":[],"build_version":"2020-12-22","purchased_purges":0,"victory":false,"max_hp_per_floor":[90,90,90,90,90,95,95,105,105,105,105,105,105,105,105,105,105,105],"card_choices":[{"not_picked":["champ:BladeFlurry","champ:BringItOn"],"picked":"champ:FocusedDefense","floor":2},{"not_picked":["champ:SetATrap","champ:Circumvent"],"picked":"champ:TornadoPunch","floor":3},{"not_picked":["champ:EnGarde","champ:DefensiveShout"],"picked":"champ:EnragedBash","floor":4},{"not_picked":["champ:Backstep","champ:CalledShot"],"picked":"champ:GladiatorStyle","floor":6},{"not_picked":["champ:FocusedDefense","champ:BerserkersShout"],"picked":"champ:FocusedBerserking","floor":9},{"not_picked":["champ:HeartStrike","champ:FocusedDefense"],"picked":"champ:BringItOn","floor":10},{"not_picked":["champ:CrownThrow","champ:Shatter","champ:HeartStrike"],"picked":"SKIP","floor":12},{"not_picked":["champ:SteelEdge","champ:FocusedBerserking"],"picked":"champ:RapidStrikes","floor":13},{"not_picked":["champ:Shatter","champ:GladiatorStyle"],"picked":"champ:EnragedBash","floor":14},{"not_picked":["champ:EnragedBash","champ:Shatter"],"picked":"champ:BringItOn","floor":15}],"player_experience":759589,"relics_obtained":[{"floor":6,"key":"Replay:Baseball"},{"floor":14,"key":"Slimebound:StickyStick"}],"event_choices":[{"cards_removed":["champ:Strike"],"damage_healed":0,"gold_gain":0,"player_choice":"Took Card","damage_taken":0,"max_hp_gain":0,"max_hp_loss":0,"event_name":"NoteForYourself","floor":5,"gold_loss":0,"cards_obtained":["Deep Breath"]}],"is_beta":false,"boss_relics":[],"items_purged_floors":[],"is_endless":false,"potions_floor_spawned":[4,6,10,13,15],"killed_by":"SI_SHIV_ARCHETYPE","ascension_level":1}}