{"host":"tk5pyv01hxoi3ka3","time":1612430594,"event":{"mods":["100% Spire Juice","2.2 Compatiblity","Abigail Mod","Arknights","BaseMod","Better Note","Card Forge","Colored Map","Gold Saver","GungeonMod","Hermit","Koishi","Lobotomy","Marisa£¨Ùöéë¡¡Øª×âÞÞ£©","Minty Spire (QoL Compilation)","Prisma Mod","READ ME - Guardian Mod","Shop Mod","StSLib","The Administrix","The Gatherer","The Jungle","Waifu the Spire"],"gold_per_floor":[1012,1012,1012,1025,385,385,417,367,367,384,384,414,414,429,429,530,530,546,104,114,114,127,159,159,193,193,193,213,232,250,266,279,279,279,379,379,398,743,761,811,26,26,42,58,84,117,117,8,8,8,8,8,8,8,8,47,79,79],"floor_reached":59,"language":"KOR","playtime":5982,"items_purged":["Pain","ats:Strike C","ats:Strike G","ats:Defend"],"score":1067,"play_id":"f43b7fd2-c954-4cb5-8191-3a207b5af124","local_time":"20210204182314","is_ascension_mode":false,"campfire_choices":[{"data":"ats:Powerful Strike","floor":6,"key":"SMITH"},{"data":"ats:Apocalypse","floor":11,"key":"SMITH"},{"data":"ats:Emotion Absorption","floor":13,"key":"SMITH"},{"data":"ats:Neurotoxin","floor":15,"key":"SMITH"},{"data":"ats:Consecutive Shot Auto","floor":24,"key":"SMITH"},{"data":"ats:Thorns","floor":27,"key":"SMITH"},{"data":"ats:Armor Crushing Shot","floor":33,"key":"SMITH"},{"floor":42,"key":"RECALL"},{"data":"ats:Part Time Job","floor":47,"key":"SMITH"},{"data":"ats:Overload","floor":51,"key":"SMITH"},{"data":"ats:Absolute Focus","floor":55,"key":"SMITH"}],"circlet_count":0,"master_deck":["ats:Strike S","ats:Armor Crushing Shot+1","ats:Defend","ats:Defend","ats:Defend","ats:Emotion Absorption+1","ats:Powerful Strike+1","ats:Apocalypse+1","ats:Automatic Cover","ats:Absolute Focus+1","ats:Explosion Area Strengthen","ats:Neurotoxin+1","ats:Calcification","ats:Thorns+1","ats:Consecutive Shot Auto+1","ats:Poison Spread+1","ats:Song Of Battle+1","DemoMod:Elimentaler","ats:Dogmatic Field","ats:Flexible Camouflage","ats:Neurotoxin+1","ats:Part Time Job+1","ats:Healing Strengthening+1","ats:Overload+1","ats:Ambush","ats:Thorns+1","ats:Directed Diagnosis+1"],"relics":["ats:Sanity Plus","Hammer of Thor","Seething Fire","Anvil of the Gods","WarpedTongs","MerchantsRug","ats:Snipe","MealTicket","ats:Originium","Bird Faced Urn","HornCleat","White Beast Statue","PreservedInsect","DemoMod:BlueGuonStone","Pen Nib","Ancient Tea Set","DemoMod:RatBoots","DemoMod:ResourcefulSack","DemoMod:PartiallyEatenCheese","ats:Tactical Delivery","CaptainsWheel","Bag of Preparation","TungstenRod","Bottled Lightning","Bag of Marbles"],"acts_visited":["Exordium","Exordium","theJungle:Jungle","TheBeyond","TheEnding"],"potions_floor_usage":[23,34,34,58,58],"damage_taken":[{"damage":1,"enemies":"Jaw Worm","floor":1,"turns":5},{"damage":4,"enemies":"Cultist","floor":4,"turns":4},{"damage":45,"enemies":"Lagavulin","floor":7,"turns":7},{"damage":0,"enemies":"2 Louse","floor":10,"turns":3},{"damage":20,"enemies":"3 Sentries","floor":12,"turns":11},{"damage":0,"enemies":"2 Fungi Beasts","floor":14,"turns":3},{"damage":10,"enemies":"Slime Boss","floor":16,"turns":6},{"damage":5,"enemies":"theJungle:MUSHROOMGANG","floor":18,"turns":4},{"damage":5,"enemies":"theJungle:5_Spyders","floor":20,"turns":6},{"damage":7,"enemies":"theJungle:JungleHuntersEncounter","floor":22,"turns":5},{"damage":15,"enemies":"theJungle:2_Phrogs","floor":23,"turns":6},{"damage":0,"enemies":"theJungle:Cassacara","floor":25,"turns":5},{"damage":14,"enemies":"DemoMod:Red_and_blue_shotgun_kin","floor":28,"turns":2},{"damage":3,"enemies":"DemoMod:4_Bullet_Kins","floor":29,"turns":4},{"damage":24,"enemies":"DemoMod:Red_and_blue_shotgun_kin_with_gunsinger","floor":30,"turns":2},{"damage":21,"enemies":"DemoMod:2_Mousers","floor":31,"turns":3},{"damage":13,"enemies":"DemoMod:Veteran_shot_gun_kin_and_blue_shotgun_kin","floor":32,"turns":4},{"damage":23,"enemies":"DemoMod:ResourcefulRat","floor":35,"turns":12},{"damage":46,"enemies":"3 Darklings","floor":37,"turns":6},{"damage":55,"enemies":"2 Orb Walkers","floor":38,"turns":6},{"damage":4,"enemies":"Orb Walker","floor":39,"turns":3},{"damage":7,"enemies":"Mind Bloom Boss Battle","floor":40,"turns":6},{"damage":13,"enemies":"Jaw Worm Horde","floor":43,"turns":3},{"damage":11,"enemies":"Writhing Mass","floor":44,"turns":6},{"damage":3,"enemies":"Nemesis","floor":46,"turns":5},{"damage":63,"enemies":"Time Eater","floor":52,"turns":10},{"damage":23,"enemies":"Shield and Spear","floor":57,"turns":6},{"damage":72,"enemies":"The Heart","floor":58,"turns":11}],"seed_played":"-1636809850367379656","potions_obtained":[{"floor":0,"key":"Strength Potion"},{"floor":0,"key":"EssenceOfSteel"},{"floor":0,"key":"DuplicationPotion"},{"floor":20,"key":"Regen Potion"},{"floor":21,"key":"Energy Potion"},{"floor":21,"key":"AttackPotion"},{"floor":23,"key":"Fire Potion"},{"floor":35,"key":"ColorlessPotion"},{"floor":37,"key":"BlessingOfTheForge"},{"floor":44,"key":"DemoMod:LeadSkinPotion"},{"floor":57,"key":"ColorlessPotion"}],"is_trial":false,"path_per_floor":["M","?","?","M","$","R","E","?","T","M","R","E","R","M","R","B",null,"M","$","M","?","M","E","R","E","T","R","M","M","M","M","M","R","B","B",null,"M","?","M","?","$","R","M","M","T","E","R","$","?","T","R","B",null,null,"R","$","E","B",null],"character_chosen":"DOCTOR_CLASS","items_purchased":["MerchantsRug","DemoMod:GnawedKey","ats:Snipe","MealTicket","PreservedInsect","DemoMod:BlueGuonStone","Bag of Preparation","ats:Overload","ats:Ambush","DollysMirror","TungstenRod"],"campfire_rested":0,"item_purchase_floors":[5,5,5,5,19,19,41,41,41,41,41],"current_hp_per_floor":[71,76,76,72,72,72,41,41,41,45,45,43,43,49,49,59,77,74,77,74,74,71,62,62,67,77,77,65,73,58,45,51,51,50,54,77,77,33,34,50,65,65,67,77,77,77,77,77,73,73,73,73,73,73,73,73,71,56],"gold":79,"neow_bonus":"THREE_SMALL_POTIONS","is_daily":false,"chose_seed":false,"campfire_upgraded":10,"win_rate":0.0,"timestamp":1612430594,"path_taken":["M","?","?","?","$","R","E","?","T","M","R","E","R","M","R","BOSS","M","$","M","?","M","E","R","E","T","R","M","M","M","M","M","R","BOSS","BOSS","M","?","M","?","$","R","M","M","T","E","R","$","?","?","R","BOSS","R","$","E","BOSS"],"items_purchased_type":["Relic","Relic","Relic","Relic","Relic","Relic","Relic","Card","Card","Relic","Relic"],"build_version":"2020-12-22","purchased_purges":4,"victory":true,"max_hp_per_floor":[72,77,77,77,77,77,77,77,77,77,77,77,77,77,77,77,77,77,77,77,77,77,77,77,77,77,77,77,77,77,77,77,77,77,77,77,77,77,77,77,77,77,77,77,77,77,77,77,73,73,73,73,73,73,73,73,73,73],"card_choices":[{"not_picked":["ats:Very Hot Blade","ats:Explosion Area Strengthen"],"picked":"ats:Powerful Strike","floor":1},{"not_picked":["ats:Curse Doll","ats:Hook Shot"],"picked":"ats:Apocalypse","floor":4},{"not_picked":["ats:Sunburst","ats:Durian"],"picked":"ats:Automatic Cover","floor":7},{"not_picked":["ats:Guard Mode","ats:Curse Doll"],"picked":"ats:Absolute Focus","floor":10},{"not_picked":["ats:Very Hot Blade","ats:Soul Absorption"],"picked":"ats:Explosion Area Strengthen","floor":12},{"not_picked":["ats:Closed Bolt Burst Fire","ats:Chain Hook"],"picked":"ats:Neurotoxin","floor":14},{"not_picked":["ats:Rat Pack","ats:Disruption Kick"],"picked":"ats:Calcification","floor":16},{"not_picked":["ats:Counter Healing Mode","ats:Collapsing Strike"],"picked":"ats:Thorns","floor":18},{"not_picked":["ats:Thermite Blade+1","ats:Cat Scratch"],"picked":"ats:Consecutive Shot Auto","floor":20},{"not_picked":["ats:Hammer On+1","ats:Thermite Blade","ats:Apocalypse+1"],"picked":"SKIP","floor":22},{"not_picked":["ats:Hammer On+1","ats:Absolute Focus+1","ats:Closed Bolt Burst Fire+1"],"picked":"SKIP","floor":23},{"not_picked":["ats:Guard Mode","ats:Powerful Strike","ats:Healing Strengthening"],"picked":"SKIP","floor":25},{"not_picked":["ats:Sashimi Platter+1","ats:Blood Oath+1"],"picked":"ats:Poison Spread+1","floor":28},{"not_picked":["ats:Curse Doll","ats:Explosion Area Strengthen","ats:Very Hot Blade+1"],"picked":"SKIP","floor":29},{"not_picked":["ats:Curse Doll","ats:Explosion Area Strengthen","ats:Very Hot Blade+1"],"picked":"SKIP","floor":29},{"not_picked":["ats:Closed Bolt Burst Fire","ats:Hammer On","ats:Song Of Battle+1"],"picked":"SKIP","floor":30},{"not_picked":["ats:Closed Bolt Burst Fire","ats:Hammer On"],"picked":"ats:Song Of Battle+1","floor":30},{"not_picked":["ats:Spore Proliferation+1","ats:Demon Strength","ats:Curse Doll+1"],"picked":"SKIP","floor":31},{"not_picked":["ats:Absolute Focus","ats:Sashimi Platter","ats:Collapsing Strike+1"],"picked":"SKIP","floor":32},{"not_picked":[],"picked":"DemoMod:Elimentaler","floor":35},{"not_picked":["ats:Roar Of Ursus","ats:Calcification"],"picked":"ats:Dogmatic Field","floor":35},{"not_picked":["ats:Counter Healing Mode","ats:Soul Absorption+1"],"picked":"ats:Flexible Camouflage","floor":36},{"not_picked":["ats:Consecutive Shot Auto+1","ats:Ignite"],"picked":"ats:Neurotoxin+1","floor":37},{"not_picked":["ats:Very Hot Blade","ats:Blood Oath"],"picked":"ats:Part Time Job","floor":39},{"not_picked":["ats:Phantom","ats:Ignite"],"picked":"ats:Healing Strengthening+1","floor":40},{"not_picked":["ats:Blood Oath+1","ats:Powerful Strike","ats:Phantom+1"],"picked":"SKIP","floor":43},{"not_picked":["ats:Apocalypse","ats:Very Hot Blade","ats:Counter Healing Mode"],"picked":"SKIP","floor":44},{"not_picked":["ats:Serious Mode","ats:Cat Scratch+1","ats:Explosion Area Strengthen"],"picked":"SKIP","floor":46},{"not_picked":["ats:Hammer On","ats:Counter Healing Mode"],"picked":"ats:Directed Diagnosis+1","floor":57}],"player_experience":250987,"relics_obtained":[{"floor":7,"key":"ats:Originium"},{"floor":7,"key":"Bird Faced Urn"},{"floor":9,"key":"HornCleat"},{"floor":12,"key":"ats:Originium"},{"floor":12,"key":"White Beast Statue"},{"floor":23,"key":"ats:Originium"},{"floor":23,"key":"Pen Nib"},{"floor":25,"key":"ats:Originium"},{"floor":25,"key":"Ancient Tea Set"},{"floor":36,"key":"DemoMod:RatBoots"},{"floor":36,"key":"DemoMod:ResourcefulSack"},{"floor":36,"key":"DemoMod:PartiallyEatenCheese"},{"floor":36,"key":"ats:Tactical Delivery"},{"floor":36,"key":"Cursed Key"},{"floor":38,"key":"Old Coin"},{"floor":40,"key":"CaptainsWheel"},{"floor":46,"key":"Omamori"},{"floor":50,"key":"Bottled Lightning"},{"floor":57,"key":"Bag of Marbles"}],"event_choices":[{"damage_healed":0,"gold_gain":0,"player_choice":"Donut","damage_taken":0,"max_hp_gain":5,"max_hp_loss":0,"event_name":"Big Fish","floor":2,"gold_loss":0},{"damage_healed":0,"gold_gain":0,"player_choice":"Rummage","damage_taken":0,"relics_obtained":["WarpedTongs"],"max_hp_gain":0,"max_hp_loss":0,"event_name":"Accursed Blacksmith","floor":3,"gold_loss":0,"cards_obtained":["Pain"]},{"cards_removed":["ats:Strike V"],"damage_healed":0,"gold_gain":0,"player_choice":"Card Removal","damage_taken":0,"max_hp_gain":0,"max_hp_loss":0,"event_name":"The Cleric","floor":8,"gold_loss":50},{"damage_healed":0,"gold_gain":0,"player_choice":"Got Potions","damage_taken":0,"max_hp_gain":0,"max_hp_loss":0,"event_name":"Lab","floor":21,"gold_loss":0},{"damage_healed":0,"gold_gain":0,"player_choice":"Fight","damage_taken":0,"max_hp_gain":0,"max_hp_loss":0,"event_name":"Mysterious Sphere","floor":38,"gold_loss":0},{"damage_healed":0,"gold_gain":0,"player_choice":"Fight","damage_taken":0,"max_hp_gain":0,"max_hp_loss":0,"event_name":"MindBloom","floor":40,"gold_loss":0},{"damage_healed":0,"gold_gain":0,"player_choice":"Max HP","damage_taken":0,"max_hp_gain":0,"max_hp_loss":4,"event_name":"Winding Halls","floor":49,"gold_loss":0}],"is_beta":false,"boss_relics":[{"not_picked":["Snecko Eye","Busted Crown"],"picked":"ats:Sanity Plus"},{"not_picked":[]}],"items_purged_floors":[5,19,41,48],"is_endless":false,"potions_floor_spawned":[1,4,14,16,18,20,22,23,25,28,29,30,31,32,35,37,38,39,40,43,44,46,57],"ascension_level":0}}