{"host":"xkmvu47k9fdstweo","time":1612472266,"event":{"mods":["BaseMod","Colored Map","Conspire","HololiveMod","Hubris","Minty Spire (QoL Compilation)","Quick Restart","Shop Mod","StSLib"],"gold_per_floor":[76,76,91,120,132,132,161,161,161,126,126,137,157,192,192,294,294,305,404,424,424,444,479,492,518,542,335,355,355,374,385,385,480,480,496,496,265,265,281,281,310,324,373,391,424,424,105,151,151,167],"floor_reached":51,"language":"ENG","playtime":1529,"items_purged":["Hololive_Strike"],"score":1694,"play_id":"88108320-5510-47e7-abfd-4787b55f6218","local_time":"20210204155746","is_ascension_mode":true,"campfire_choices":[{"data":"Hololive_SoulCatcher","floor":6,"key":"SMITH"},{"data":"Hololive_CallShiroganeNoel","floor":11,"key":"SMITH"},{"data":"Hololive_CallNakiriAyame","floor":15,"key":"SMITH"},{"data":"Hololive_WolfAndLamb","floor":32,"key":"SMITH"},{"data":"Hololive_MaximGun","floor":40,"key":"SMITH"},{"data":"Hololive_CallAZKi","floor":46,"key":"SMITH"},{"data":"Hololive_CallAmaneKanata","floor":49,"key":"SMITH"}],"circlet_count":0,"master_deck":["AscendersBane","Hololive_Strike","Hololive_Defend","Hololive_Defend","Hololive_SoulCatcher+1","Hololive_CallNekomataOkayu","Hololive_CallMoonaHoshinova","Hololive_CallHoushouMarine","Hololive_CallShiroganeNoel+1","Hololive_CallNatsuiroMatsuri","Hololive_CallNekomataOkayu","Hololive_CallMomosuzuNene+14","Hololive_CallRoboco","Hololive_CallInugamiKorone","Hololive_CallNakiriAyame+1","Hololive_CocoNews","Hololive_DurableLive","Hololive_CallAiraniIofifteen","Hololive_WolfAndLamb+1","Hololive_CallDoris+1","Hololive_CallYuzukiChoco","Hololive_CallKiryuuCoco","Hololive_SoulCatcher+1","Hololive_IdolExercise+1","Hololive_CallAZKi+1","Hololive_BringToTrial+1","Hololive_CallAmaneKanata+1","Hololive_FlyingPonyTail+1","Hololive_MaximGun+1","Hololive_IdolExercise+1","Hololive_MaximGun+1","Hololive_CallFriendA","Hololive_RevenueBasedLive+1","Hololive_BringToTrial+1","Hololive_CallShirakamiFubuki","Hololive_CallSakuraMiko","Hololive_Yoholoon"],"relics":["Hololive_TheStar","NeowsBlessing","CultistMask","Meat on the Bone","Tiny Chest","hubris:EvacipatedBox","Hololive_FriedShrimpLion","Ancient Tea Set","Bag of Preparation","hubris:Backtick","Mummified Hand","Toxic Egg 2","conspire:DecoderRing","hubris:PeanutButter","MawBank","ClockworkSouvenir","Shuriken","Sozu","DollysMirror","hubris:BottledRain","Smiling Mask","conspire:TopHat","Pear","Blue Candle"],"acts_visited":["Exordium","TheCity","TheBeyond"],"potions_floor_usage":[45,45],"damage_taken":[{"damage":0,"enemies":"Small Slimes","floor":1,"turns":1},{"damage":0,"enemies":"Cultist","floor":3,"turns":1},{"damage":0,"enemies":"conspire:MimicChest","floor":4,"turns":1},{"damage":1,"enemies":"Jaw Worm","floor":5,"turns":2},{"damage":0,"enemies":"Gremlin Nob","floor":7,"turns":4},{"damage":0,"enemies":"Exordium Wildlife","floor":12,"turns":2},{"damage":0,"enemies":"Exordium Thugs","floor":13,"turns":2},{"damage":0,"enemies":"3 Sentries","floor":14,"turns":3},{"damage":0,"enemies":"The Guardian","floor":16,"turns":4},{"damage":0,"enemies":"2 Thieves","floor":18,"turns":2},{"damage":0,"enemies":"Shell Parasite","floor":20,"turns":3},{"damage":0,"enemies":"Snake Plant","floor":22,"turns":1},{"damage":0,"enemies":"Gremlin Leader","floor":23,"turns":2},{"damage":0,"enemies":"Sentry and Sphere","floor":24,"turns":2},{"damage":0,"enemies":"conspire:Head Lice","floor":25,"turns":4},{"damage":0,"enemies":"3 Cultists","floor":28,"turns":2},{"damage":0,"enemies":"Cultist and Chosen","floor":30,"turns":3},{"damage":0,"enemies":"Centurion and Healer","floor":31,"turns":3},{"damage":0,"enemies":"Automaton","floor":33,"turns":5},{"damage":0,"enemies":"3 Shapes","floor":35,"turns":2},{"damage":0,"enemies":"3 Darklings","floor":39,"turns":1},{"damage":0,"enemies":"Nemesis","floor":41,"turns":5},{"damage":0,"enemies":"Jaw Worm Horde","floor":42,"turns":2},{"damage":0,"enemies":"Transient","floor":44,"turns":5},{"damage":0,"enemies":"Giant Head","floor":45,"turns":4},{"damage":0,"enemies":"Reptomancer","floor":48,"turns":2},{"damage":1,"enemies":"Awakened One","floor":50,"turns":8}],"seed_played":"5695202288601391240","potions_obtained":[{"floor":1,"key":"Dexterity Potion"},{"floor":7,"key":"BlessingOfTheForge"},{"floor":18,"key":"EntropicBrew"}],"is_trial":false,"path_per_floor":["M","?","M","?","M","R","E","$","T","?","R","M","M","E","R","B",null,"M","?","M","T","M","E","M","E","T","$","M","T","M","M","R","B",null,"M","?","$","?","M","R","E","M","T","M","E","R","$","E","R","B",null],"character_chosen":"Hololive_HololiveCharacter","items_purchased":["hubris:EvacipatedBox","Hololive_FriedShrimpLion","Hololive_CallAZKi","ClockworkSouvenir","DollysMirror","Hololive_CallSakuraMiko","Pear"],"campfire_rested":0,"item_purchase_floors":[8,8,27,27,37,47,47],"current_hp_per_floor":[32,32,32,32,31,31,31,2,2,10,10,22,22,22,22,22,32,32,32,32,32,35,35,35,35,35,35,35,35,35,35,35,35,35,35,35,35,35,35,35,35,35,35,35,35,35,45,45,45,44],"gold":167,"neow_bonus":"THREE_ENEMY_KILL","is_daily":false,"chose_seed":false,"campfire_upgraded":7,"win_rate":0.0,"timestamp":1612472266,"path_taken":["M","?","?","?","M","R","E","?","T","?","R","M","M","E","R","BOSS","M","?","M","?","?","E","M","E","T","?","?","?","M","M","R","BOSS","M","?","$","?","M","R","E","M","T","M","E","R","$","E","R","BOSS"],"items_purchased_type":["Relic","Relic","Card","Relic","Relic","Card","Relic"],"build_version":"2020-12-22","purchased_purges":1,"victory":true,"max_hp_per_floor":[35,35,35,35,35,35,35,35,35,35,35,35,35,35,35,35,35,35,35,35,35,35,35,35,35,35,35,35,35,35,35,35,35,35,35,35,35,35,35,35,35,35,35,35,35,35,45,45,45,45],"card_choices":[{"not_picked":["Hololive_HuntDinosaur","Hololive_Watashimo","Hololive_Rebound"],"picked":"Hololive_CallNekomataOkayu","floor":1},{"not_picked":["Hololive_Psychosis","Hololive_Teleport","Hololive_SummonFox"],"picked":"Hololive_CallMomosuzuNene","floor":3},{"not_picked":["Hololive_RevenueBasedLive","Hololive_OvertimeWork","Hololive_DevilCharm"],"picked":"Hololive_CallRoboco","floor":4},{"not_picked":["Hololive_CallHoshimachiSuisei","Hololive_DevilCharm","Hololive_OvertimeWork"],"picked":"Hololive_CallInugamiKorone","floor":5},{"not_picked":["Hololive_Trident","Hololive_CallTokoyamiTowa","Hololive_HuntDinosaur"],"picked":"Hololive_CallNakiriAyame","floor":7},{"not_picked":["Hololive_RevenueBasedLive","Hololive_Rebound","Hololive_CallSakuraMiko"],"picked":"Hololive_CocoNews","floor":12},{"not_picked":["Hololive_Sequa","Hololive_StrengthChampion","Hololive_HuntDinosaur"],"picked":"Hololive_DurableLive","floor":13},{"not_picked":["Hololive_Sequa","Hololive_CallSpadeEcho","Hololive_CallHoshimachiSuisei"],"picked":"Hololive_CallAiraniIofifteen","floor":14},{"not_picked":["Hololive_DiamondStrike","Hololive_Rebirth","Hololive_FlareMind"],"picked":"Hololive_WolfAndLamb","floor":16},{"not_picked":["Hololive_Breathe","Hololive_CallRoboco","Hololive_CallFriendA"],"picked":"Hololive_CallDoris+1","floor":18},{"not_picked":["Hololive_StrengthChampion+1","Hololive_CocoNews","Hololive_Drill","Hololive_LuckPotion"],"picked":"SKIP","floor":20},{"not_picked":["Hololive_CallRosalyn","Hololive_CallRoboco","Hololive_CallMomosuzuNene"],"picked":"Hololive_CallYuzukiChoco","floor":22},{"not_picked":["Hololive_RevenueBasedLive+1","Hololive_HuntDinosaur+1","Hololive_StrengthChampion"],"picked":"Hololive_CallKiryuuCoco","floor":23},{"not_picked":["Hololive_RevenueBasedLive+1","Hololive_Sequa","Hololive_StrengthChampion"],"picked":"Hololive_SoulCatcher+1","floor":24},{"not_picked":["Hololive_Rebound+1","Hololive_CallYogiri","Hololive_FlyingPonyTail+1"],"picked":"Hololive_IdolExercise+1","floor":25},{"not_picked":["Hololive_OvertimeWork","Hololive_Rebound+1","Hololive_LuckPotion+1"],"picked":"Hololive_BringToTrial+1","floor":28},{"not_picked":["Hololive_Psychosis","Hololive_HuntDinosaur+1","Hololive_FlyingPonyTail+1"],"picked":"Hololive_CallAmaneKanata","floor":30},{"not_picked":["Hololive_Psychosis","Hololive_Trident","Hololive_Sequa"],"picked":"Hololive_FlyingPonyTail+1","floor":31},{"not_picked":["Hololive_Thief+1","Hololive_Recruit+1","Hololive_Rebirth+1"],"picked":"Hololive_MaximGun","floor":33},{"not_picked":["Hololive_CallManoAloe","Hololive_CocoNews","Hololive_Psychosis","Hololive_StrengthChampion"],"picked":"SKIP","floor":35},{"not_picked":["Hololive_FlyingPonyTail+1","Hololive_OvertimeWork","Hololive_CallInugamiKorone+1"],"picked":"Hololive_MaximGun","floor":39},{"not_picked":["Hololive_DevilCharm+1","Hololive_CallAyundaRisu","Hololive_CallMomosuzuNene"],"picked":"Hololive_CallFriendA","floor":41},{"not_picked":["Hololive_Trident","Hololive_CocoNews","Hololive_Rebound+1"],"picked":"Hololive_RevenueBasedLive+1","floor":42},{"not_picked":["Hololive_CallAmaneKanata","Hololive_FlyingPonyTail+1","Hololive_LuckPotion+1"],"picked":"Hololive_BringToTrial+1","floor":44},{"not_picked":["Hololive_Yoholoon+1","Hololive_CocoNews","Hololive_CallCivia"],"picked":"Hololive_CallShirakamiFubuki","floor":45},{"not_picked":["Hololive_ASMR","Hololive_RevenueBasedLive+1","Hololive_FlyingPonyTail+1"],"picked":"Hololive_Yoholoon","floor":48}],"player_experience":337603,"relics_obtained":[{"floor":4,"key":"Meat on the Bone"},{"floor":7,"key":"Tiny Chest"},{"floor":9,"key":"Ancient Tea Set"},{"floor":14,"key":"Bag of Preparation"},{"floor":21,"key":"Toxic Egg 2"},{"floor":23,"key":"conspire:DecoderRing"},{"floor":25,"key":"hubris:PeanutButter"},{"floor":26,"key":"MawBank"},{"floor":29,"key":"Shuriken"},{"floor":41,"key":"hubris:BottledRain"},{"floor":43,"key":"Smiling Mask"},{"floor":45,"key":"conspire:TopHat"},{"floor":48,"key":"Blue Candle"}],"event_choices":[{"damage_healed":0,"gold_gain":0,"player_choice":"Trade","damage_taken":0,"relics_obtained":["CultistMask"],"max_hp_gain":0,"max_hp_loss":0,"event_name":"FaceTrader","floor":2,"gold_loss":0},{"damage_healed":8,"gold_gain":0,"player_choice":"Healed","damage_taken":0,"max_hp_gain":0,"max_hp_loss":0,"event_name":"The Cleric","floor":10,"gold_loss":35},{"damage_healed":0,"gold_gain":99,"player_choice":"Stole From Cult","damage_taken":0,"max_hp_gain":0,"max_hp_loss":0,"event_name":"Nest","floor":19,"gold_loss":0},{"damage_healed":0,"gold_gain":0,"player_choice":"Ignored","damage_taken":0,"max_hp_gain":0,"max_hp_loss":0,"event_name":"Tomb of Lord Red Mask","floor":36,"gold_loss":0}],"is_beta":false,"boss_relics":[{"not_picked":["SacredBark","Tiny House","Fusion Hammer"],"picked":"hubris:Backtick"},{"not_picked":["Velvet Choker","conspire:RoyalGoblet","Pandora\u0027s Box"],"picked":"Sozu"}],"items_purged_floors":[37],"is_endless":false,"potions_floor_spawned":[1,7,13,16,18,20,28,30,31,39,44],"ascension_level":12}}