{"host":"8z0h4areh8sio1k0","time":1612404852,"event":{"mods":["Aspiration","BaseMod","Colored Map","Conspire","Hubris","Infinite Spire","Minty Spire (QoL Compilation)","Replay The Spire","StSLib","TestMod","The Bug Knight"],"gold_per_floor":[119,119,74,93,93,93,126,137,137,137,156,184,184,62,62,62,62],"floor_reached":16,"language":"ZHS","playtime":554,"items_purged":["HollowMod:NailStrikeStart"],"score":133,"play_id":"4504e7a6-10f4-46a2-ab67-abfb7444986c","local_time":"20210204101412","is_ascension_mode":false,"campfire_choices":[{"data":"HollowMod:SoulStrike","floor":6,"key":"SMITH"},{"data":"HollowMod:SharpenedNail","floor":10,"key":"SMITH"},{"data":"HollowMod:HeavyBlow","floor":13,"key":"SMITH"},{"floor":15,"key":"REST"}],"circlet_count":0,"master_deck":["HollowMod:NailStrikeStart","HollowMod:NailStrikeStart","HollowMod:NailStrikeStart","HollowMod:QuickDashStart","HollowMod:QuickDashStart","HollowMod:QuickDashStart","HollowMod:FocusHealStart","HollowMod:PogoStrike","HollowMod:HuntersJournal","HollowMod:SoulStrike+1","HollowMod:SharpenedNail+1","HollowMod:InfectedCysts","HollowMod:PerfectDash","HollowMod:CycloneSlash","HollowMod:HeavyBlow+1","HollowMod:CloakDash"],"relics":["HollowMod:VesselMask","testmod-TestBox","testmod-CasingShield","NeowsBlessing","Happy Flower","testmod-Motorcycle","Bottled Flame"],"acts_visited":["Exordium"],"potions_floor_usage":[16],"damage_taken":[{"damage":2,"enemies":"conspire:RoseBush","floor":1,"turns":1},{"damage":0,"enemies":"infinitespire:Voidling","floor":4,"turns":1},{"damage":0,"enemies":"HollowMod:MossKnight","floor":7,"turns":1},{"damage":4,"enemies":"2 Louse","floor":8,"turns":1},{"damage":19,"enemies":"Blue Slaver","floor":11,"turns":3},{"damage":33,"enemies":"3 Sentries","floor":12,"turns":5},{"damage":36,"enemies":"The Guardian","floor":16,"turns":6}],"seed_played":"-3301677953199188929","potions_obtained":[{"floor":4,"key":"BlessingOfTheForge"},{"floor":11,"key":"Dexterity Potion"},{"floor":12,"key":"Strength Potion"}],"is_trial":false,"path_per_floor":["M","?","$","M","?","R","E","M","T","R","M","E","R","$","R","B"],"character_chosen":"THE_BUGKNIGHT","items_purchased":["HollowMod:SoulStrike","HollowMod:CloakDash"],"campfire_rested":1,"item_purchase_floors":[3,14],"current_hp_per_floor":[73,66,66,66,66,66,66,62,62,62,49,26,26,26,48,18,18],"gold":62,"neow_bonus":"THREE_ENEMY_KILL","is_daily":false,"chose_seed":false,"campfire_upgraded":3,"win_rate":0.0,"timestamp":1612404852,"path_taken":["M","?","$","M","?","R","E","?","T","R","M","E","R","$","R","BOSS"],"items_purchased_type":["Card","Card"],"build_version":"2020-12-22","purchased_purges":1,"victory":false,"max_hp_per_floor":[75,75,75,75,75,75,75,75,75,75,75,75,75,75,75,75,75],"card_choices":[{"not_picked":["HollowMod:CrystalDash","HollowMod:CoiledNail"],"picked":"HollowMod:HuntersJournal","floor":1},{"not_picked":["HollowMod:QuirrelsAssistance","HollowMod:NewLittleFool"],"picked":"HollowMod:SharpenedNail","floor":4},{"not_picked":["HollowMod:TaintedHusks","HollowMod:NewJinnsSoul"],"picked":"HollowMod:InfectedCysts","floor":7},{"not_picked":["HollowMod:DungDefenderAura","HollowMod:SlysStrikes"],"picked":"HollowMod:PerfectDash","floor":8},{"not_picked":["HollowMod:WraithStrike","HollowMod:RecoilStrike"],"picked":"HollowMod:CycloneSlash","floor":11},{"not_picked":["HollowMod:MonarchWings","HollowMod:HowlingWraiths"],"picked":"HollowMod:HeavyBlow","floor":12}],"player_experience":481369,"relics_obtained":[{"floor":7,"key":"Happy Flower"},{"floor":9,"key":"testmod-Motorcycle"},{"floor":12,"key":"Bottled Flame"}],"event_choices":[{"cards_removed":["HollowMod:QuickDashStart"],"damage_healed":0,"gold_gain":0,"player_choice":"Card Removal","damage_taken":7,"max_hp_gain":0,"max_hp_loss":0,"event_name":"Golden Wing","floor":2,"gold_loss":0},{"damage_healed":0,"gold_gain":0,"player_choice":"Bought 0 Potions","damage_taken":0,"max_hp_gain":0,"max_hp_loss":0,"event_name":"The Woman in Blue","floor":5,"gold_loss":0}],"is_beta":false,"boss_relics":[],"items_purged_floors":[14],"is_endless":false,"potions_floor_spawned":[4,11,12],"killed_by":"The Guardian","ascension_level":0}}