{"host":"tzwuiju9jhaz8xpk","time":1612474707,"event":{"mods":["AchievementEnabler","Act Like it!","Ascension Unlocker","BaseMod","Better Altar","Better Match","Better Sensory Stone","Displayed Cursed Tome","Duelist Mod","Evolution","GungeonMod","Highlight Path","Infinite Spire","Minty Spire (QoL Compilation)","Permanent Neow","RNG Fix","Reliquary","Replay The Spire","Spicy Shops","StSLib","The Animator","Uncapped"],"gold_per_floor":[111,111,42,52,52,52,52,52,66,66,90,15,31,65,81,94,94,199,199,213,213,213,213,230,230,85,85,85,85,103,118,136,61,61,166,166,182,201,201,47,57,88,88,118,166,13,13,26,26,39,39,39],"floor_reached":53,"language":"ENG","playtime":2442,"items_purged":["BasicCrystalCard"],"score":717,"play_id":"32eacbd4-0462-4e9c-aae9-ad6e7b69d8f2","local_time":"20210204163827","is_ascension_mode":false,"campfire_choices":[{"data":"Hologram","floor":6,"key":"SMITH"},{"floor":17,"key":"REST"},{"data":"infinitespire:Oblivion","floor":25,"key":"SMITH"},{"data":"Zap","floor":27,"key":"SMITH"},{"data":"Leap","floor":29,"key":"SMITH"},{"data":"BootSequence","floor":34,"key":"SMITH"},{"floor":43,"key":"REST"},{"floor":47,"key":"REST"},{"floor":49,"key":"REST"},{"floor":51,"key":"REST"}],"circlet_count":0,"master_deck":["Strike_B+1","Strike_B+1","Defend_B","Defend_B+1","Defend_B+1","Defend_B+1","Zap+1","Dualcast+1","Hologram+1","ReplayGash+1","Leap+1","BootSequence+1","infinitespire:Oblivion+1","Echo Form","Panic Button+1","Madness","Madness","Skim","Panic Button+1","Seek","Hologram+1","Panic Button"],"relics":["Cracked Core","EVO:Axolotl","Calipers","reliquary:RedPaperclip","Lee\u0027s Waffle","DemoMod:OrangeGuonStone","Sozu","DemoMod:GundromedaStrain","Strange Spoon","Vajra","DemoMod:PoisonVial","Gremlin Food","Whetstone"],"acts_visited":["Exordium","TheCity","TheBeyond"],"potions_floor_usage":[14,14,15,18,24,24,32,35,41],"damage_taken":[{"damage":6,"enemies":"infinitespire:Voidling","floor":1,"turns":4},{"damage":0,"enemies":"2 Louse","floor":4,"turns":2},{"damage":0,"enemies":"Jaw Worm","floor":9,"turns":4},{"damage":4,"enemies":"2 Fungi Beasts","floor":13,"turns":2},{"damage":1,"enemies":"Replay:BlueRogue","floor":14,"turns":5},{"damage":6,"enemies":"Looter","floor":15,"turns":3},{"damage":6,"enemies":"Exordium Wildlife","floor":16,"turns":4},{"damage":10,"enemies":"Slime Boss","floor":18,"turns":8},{"damage":8,"enemies":"3 Byrds","floor":20,"turns":5},{"damage":0,"enemies":"2 Thieves","floor":24,"turns":3},{"damage":0,"enemies":"Chosen and Byrds","floor":30,"turns":4},{"damage":2,"enemies":"Cultist and Chosen","floor":31,"turns":4},{"damage":0,"enemies":"Snake Plant","floor":32,"turns":4},{"damage":49,"enemies":"Champ","floor":35,"turns":10},{"damage":3,"enemies":"3 Shapes","floor":37,"turns":4},{"damage":3,"enemies":"3 Darklings","floor":38,"turns":4},{"damage":14,"enemies":"Maw","floor":41,"turns":6},{"damage":14,"enemies":"R_Hoarder","floor":42,"turns":7},{"damage":29,"enemies":"Nemesis","floor":44,"turns":5},{"damage":8,"enemies":"Sphere and 2 Shapes","floor":48,"turns":4},{"damage":0,"enemies":"Spire Growth","floor":50,"turns":3},{"damage":65,"enemies":"Time Eater","floor":52,"turns":11}],"seed_played":"8964767769414514349","potions_obtained":[{"floor":4,"key":"DemoMod:LeadSkinPotion"},{"floor":9,"key":"Strength Potion"},{"floor":13,"key":"Explosive Potion"},{"floor":14,"key":"PowerPotion"},{"floor":18,"key":"Flashbang"},{"floor":20,"key":"DuplicationPotion"},{"floor":22,"key":"LifebloodPotion"},{"floor":22,"key":"SneckoOil"},{"floor":22,"key":"Swift Potion"},{"floor":30,"key":"SkillPotion"},{"floor":35,"key":"Weak Potion"}],"is_trial":false,"path_per_floor":["M","?","$","M","?","R","PTL","PTL","M","?","T","$","M","E","M","M","R","B",null,"M","?","?","?","M","R","$","R","T","R","M","M","M","?","R","B",null,"M","M","?","$","M","E","R","E","T","$","R","M","R","M","R","B",null],"character_chosen":"DEFECT","items_purchased":["ReplayGash","Lee\u0027s Waffle","DemoMod:GundromedaStrain","Strange Spoon","Whetstone"],"campfire_rested":5,"item_purchase_floors":[3,26,40,40,46],"current_hp_per_floor":[69,69,69,69,54,54,54,54,54,54,54,54,50,49,43,37,59,49,75,67,49,49,54,54,54,82,82,82,82,82,80,80,80,80,31,82,79,76,66,66,52,38,62,33,33,33,57,49,73,73,82,17],"gold":39,"neow_bonus":"RANDOM_COMMON_RELIC","is_daily":false,"chose_seed":false,"campfire_upgraded":5,"win_rate":0.0,"timestamp":1612474707,"path_taken":["M","?","$","?","?","R","PTL","PTL","M","?","T","$","?","E","M","M","R","BOSS","M","?","?","?","M","R","$","R","T","R","M","?","M","?","R","BOSS","M","M","?","?","?","E","R","E","T","$","R","M","R","?","R","BOSS"],"items_purchased_type":["Card","Relic","Relic","Relic","Relic"],"build_version":"2020-12-22","purchased_purges":1,"victory":true,"max_hp_per_floor":[75,75,75,75,75,75,75,75,75,75,75,75,75,75,75,75,75,75,75,75,75,75,75,75,75,82,82,82,82,82,82,82,82,82,82,82,82,82,82,82,82,82,82,82,82,82,82,82,82,82,82,82],"card_choices":[{"not_picked":["Sweeping Beam","Go for the Eyes"],"picked":"Hologram","floor":1},{"not_picked":["FTL","Capacitor","Self Repair"],"picked":"SKIP","floor":4},{"not_picked":["Self Repair","Hello World","Chaos"],"picked":"SKIP","floor":9},{"not_picked":["Loop","Stack"],"picked":"Barrage","floor":13},{"not_picked":["Panic Button","Reprogram"],"picked":"Leap","floor":14},{"not_picked":["Stack","Time Bomb","Double Energy"],"picked":"SKIP","floor":15},{"not_picked":["Skim","Rebound","Thunder Strike"],"picked":"SKIP","floor":16},{"not_picked":["Stack","Chill"],"picked":"BootSequence","floor":20},{"not_picked":["ReplayTheSpireMod:Echoes of Time","infinitespire:SevenWalls"],"picked":"infinitespire:Oblivion","floor":21},{"not_picked":["Darkness","White Noise","Hello World"],"picked":"SKIP","floor":24},{"not_picked":["ReplayTheSpireMod:Calculation Training","Self Repair","Time Bomb"],"picked":"SKIP","floor":30},{"not_picked":["Ball Lightning","Loop","Recycle"],"picked":"SKIP","floor":31},{"not_picked":["Force Field","Auto Shields","Rebound"],"picked":"SKIP","floor":32},{"not_picked":["Machine Learning","Amplify"],"picked":"Echo Form","floor":35},{"not_picked":["Chill","Reprogram+1","FTL+1"],"picked":"SKIP","floor":37},{"not_picked":["Force Field+1","Compile Driver+1"],"picked":"Panic Button","floor":38},{"not_picked":["Streamline","Steam"],"picked":"Skim","floor":41},{"not_picked":["Hologram","Turbo"],"picked":"Panic Button+1","floor":42},{"not_picked":["ReplayTheSpireMod:System Scan","Undo+1"],"picked":"Seek","floor":44},{"not_picked":["Coolheaded+1","Chaos+1"],"picked":"Hologram+1","floor":48},{"not_picked":["Beam Cell+1","Ball Lightning"],"picked":"Panic Button","floor":50}],"player_experience":78541,"relics_obtained":[{"floor":11,"key":"Centennial Puzzle"},{"floor":14,"key":"Calipers"},{"floor":28,"key":"DemoMod:OrangeGuonStone"},{"floor":42,"key":"Vajra"},{"floor":44,"key":"DemoMod:PoisonVial"},{"floor":45,"key":"Gremlin Food"}],"event_choices":[{"damage_healed":0,"gold_gain":0,"player_choice":"Entered Light","damage_taken":15,"max_hp_gain":0,"max_hp_loss":0,"event_name":"Shining Light","floor":5,"gold_loss":0,"cards_upgraded":["ReplayGash","Defend_B"]},{"damage_healed":0,"gold_gain":0,"cards_transformed":["Strike_B"],"player_choice":"Transformed","damage_taken":0,"max_hp_gain":0,"max_hp_loss":0,"event_name":"Transmorgrifier","floor":10,"gold_loss":0,"cards_obtained":["BasicCrystalCard"]},{"damage_healed":0,"gold_gain":0,"player_choice":"Got Potions","damage_taken":0,"max_hp_gain":0,"max_hp_loss":0,"event_name":"Lab","floor":22,"gold_loss":0},{"cards_removed":["Barrage"],"damage_healed":5,"gold_gain":0,"player_choice":"Offered Common","damage_taken":0,"max_hp_gain":0,"max_hp_loss":0,"event_name":"Bonfire Elementals","floor":23,"gold_loss":0},{"cards_removed":["Barrage"],"damage_healed":5,"gold_gain":0,"player_choice":"Offered Special","damage_taken":0,"max_hp_gain":0,"max_hp_loss":0,"event_name":"Bonfire Elementals","floor":23,"gold_loss":0},{"cards_removed":["Strike_B"],"damage_healed":0,"gold_gain":0,"player_choice":"Gave Gold","damage_taken":0,"max_hp_gain":0,"max_hp_loss":0,"event_name":"Beggar","floor":33,"gold_loss":75},{"damage_healed":0,"gold_gain":0,"player_choice":"Embrace Madness","damage_taken":10,"max_hp_gain":0,"max_hp_loss":0,"event_name":"Winding Halls","floor":39,"gold_loss":0,"cards_obtained":["Madness","Madness"]}],"is_beta":false,"boss_relics":[{"not_picked":["Fusion Hammer","reliquary:KinkedSpring"],"picked":"reliquary:RedPaperclip"},{"not_picked":["Replay:Grab Bag","ReplayTheSpireMod:DimensionalGlitch"],"picked":"Sozu"}],"items_purged_floors":[12],"is_endless":false,"potions_floor_spawned":[4,9,13,14,18,20,30,35,38,41,48,50],"ascension_level":0}}