{"host":"l5zfpd2l2htson6l","time":1612476476,"event":{"mods":["AchievementEnabler","BaseMod","Colored Map","Colored Powertips","Minty Spire (QoL Compilation)","Permanent Neow","Quick Restart","Rare Cards Sparkle","Relic Stats","SuperFastMode"],"gold_per_floor":[369,31,45,60,60,93,93,93,93,93,114,114,153,153,153,252,252,252,24,24,24,24,24,24,24,24,24,24,24,24,24,24,24,24],"floor_reached":33,"language":"ENG","playtime":1557,"items_purged":["Strike_R"],"score":858,"play_id":"b97bf619-723b-424e-ba11-23727427c435","local_time":"20210204140756","is_ascension_mode":true,"campfire_choices":[{"floor":7,"key":"REST"},{"data":"Uppercut","floor":10,"key":"SMITH"},{"data":"Carnage","floor":12,"key":"SMITH"},{"data":"Fire Breathing","floor":15,"key":"SMITH"},{"floor":24,"key":"REST"},{"floor":27,"key":"REST"},{"data":"Rage","floor":29,"key":"SMITH"},{"data":"Metallicize","floor":32,"key":"SMITH"}],"circlet_count":0,"master_deck":["AscendersBane","Strike_R","Strike_R","Strike_R","Strike_R","Defend_R","Defend_R","Defend_R","Defend_R","Bash","Rage+1","Fire Breathing+1","Carnage+1","Metallicize+1","Uppercut+1","Metallicize","Feed","Shrug It Off+1","True Grit+1","Cleave","Writhe","Disarm+1","Intimidate+1","Offering+1","Metallicize"],"relics":["Burning Blood","Anchor","Gremlin Horn","Golden Idol","PreservedInsect","Toxic Egg 2","Ectoplasm","Toolbox","Calipers","Vajra","Self Forming Clay","Regal Pillow","Centennial Puzzle","Bag of Preparation","Red Mask"],"acts_visited":["Exordium","TheCity"],"potions_floor_usage":[6,13,13,30],"damage_taken":[{"damage":9.0,"enemies":"Small Slimes","floor":1.0,"turns":4.0},{"damage":9.0,"enemies":"Jaw Worm","floor":3.0,"turns":6.0},{"damage":0.0,"enemies":"Cultist","floor":4.0,"turns":3.0},{"damage":54,"enemies":"Lagavulin","floor":6,"turns":7},{"damage":10,"enemies":"Looter","floor":11,"turns":4},{"damage":0,"enemies":"3 Sentries","floor":13,"turns":5},{"damage":31,"enemies":"Slime Boss","floor":16,"turns":6},{"damage":30,"enemies":"Spheric Guardian","floor":18,"turns":6},{"damage":8,"enemies":"3 Byrds","floor":20,"turns":9},{"damage":29,"enemies":"Sentry and Sphere","floor":21,"turns":9},{"damage":0,"enemies":"Gremlin Leader","floor":23,"turns":5},{"damage":7,"enemies":"Book of Stabbing","floor":25,"turns":6},{"damage":0,"enemies":"Gremlin Leader","floor":28,"turns":7},{"damage":0,"enemies":"Slavers","floor":30,"turns":5},{"damage":20,"enemies":"Masked Bandits","floor":31,"turns":4},{"damage":64,"enemies":"Champ","floor":33,"turns":31}],"seed_played":"6271016559243630536","potions_obtained":[{"floor":1.0,"key":"Regen Potion"},{"floor":4.0,"key":"SteroidPotion"},{"floor":6,"key":"Strength Potion"},{"floor":11,"key":"DuplicationPotion"},{"floor":20,"key":"DuplicationPotion"},{"floor":28,"key":"SneckoOil"}],"is_trial":false,"path_per_floor":["M","$","M","M","?","E","R","?","T","R","M","R","E","T","R","B",null,"M","$","M","M","?","E","R","E","T","R","E","R","E","?","R","B"],"character_chosen":"IRONCLAD","items_purchased":["Anchor","Fire Breathing","Fire Potion","Toolbox","True Grit+1"],"campfire_rested":3,"item_purchase_floors":[2,2,2,19,19],"current_hp_per_floor":[65,65,62,68,68,20,40,40,40,40,36,36,56,56,56,31,54,30,30,31,8,8,14,33,32,32,65,68,68,71,60,60,0,0],"gold":24,"neow_bonus":"TWO_FIFTY_GOLD","is_daily":false,"chose_seed":false,"campfire_upgraded":5,"win_rate":0.0,"timestamp":1612476476,"path_taken":["M","$","M","M","?","E","R","?","T","R","M","R","E","?","R","BOSS","M","$","M","M","?","E","R","E","T","R","E","R","E","?","R","BOSS"],"items_purchased_type":["Relic","Card","Potion","Relic","Card"],"build_version":"2020-12-22","purchased_purges":1,"victory":false,"max_hp_per_floor":[68,68,68,68,68,68,68,62,62,62,62,62,62,62,62,62,62,62,62,65,65,65,65,65,65,65,65,68,68,71,74,74,74,74],"relic_stats":{"Regal Pillow":14,"Centennial Puzzle":[6],"Gremlin Horn":[22,22],"counters":[16,117],"Golden Idol":83,"Self Forming Clay":[33],"PreservedInsect":178,"Ectoplasm":252,"Bag of Preparation":[4],"obtain_stats":[{"Regal Pillow":26,"Calipers":22,"Gremlin Horn":6,"Golden Idol":8,"Self Forming Clay":25,"Vajra":23,"PreservedInsect":13,"Bag of Preparation":30,"Burning Blood":0,"Anchor":2,"Centennial Puzzle":28,"Toolbox":19,"Ectoplasm":17,"Red Mask":31,"Toxic Egg 2":14},{"Regal Pillow":12,"Calipers":10,"Gremlin Horn":4,"Golden Idol":4,"Self Forming Clay":12,"Vajra":11,"PreservedInsect":6,"Bag of Preparation":14,"Burning Blood":0,"Anchor":1,"Centennial Puzzle":13,"Toolbox":8,"Ectoplasm":7,"Red Mask":15,"Toxic Egg 2":6},{"Regal Pillow":70,"Calipers":59,"Gremlin Horn":20,"Golden Idol":20,"Self Forming Clay":70,"Vajra":64,"PreservedInsect":29,"Bag of Preparation":82,"Burning Blood":0,"Anchor":4,"Centennial Puzzle":77,"Toolbox":41,"Ectoplasm":35,"Red Mask":86,"Toxic Egg 2":29}],"Burning Blood":78},"card_choices":[{"not_picked":["Sentinel","Combust"],"picked":"Rage","floor":1.0},{"not_picked":["Dark Embrace","Spot Weakness"],"picked":"Carnage","floor":3.0},{"not_picked":["Sword Boomerang","Thunderclap"],"picked":"Metallicize","floor":4.0},{"not_picked":["Clothesline","Sword Boomerang"],"picked":"Uppercut","floor":6},{"not_picked":["Thunderclap","Dark Embrace","True Grit"],"picked":"SKIP","floor":11},{"not_picked":["Havoc","Inflame"],"picked":"Metallicize","floor":13},{"not_picked":["Barricade","Bludgeon"],"picked":"Feed","floor":16},{"not_picked":["Clash","Anger"],"picked":"Shrug It Off+1","floor":18},{"not_picked":["Anger","Pommel Strike"],"picked":"Cleave","floor":20},{"not_picked":["Clothesline","Flex+1","Clash"],"picked":"SKIP","floor":21},{"not_picked":["Headbutt","Body Slam"],"picked":"Disarm+1","floor":23},{"not_picked":["Flex+1","Headbutt","Combust"],"picked":"SKIP","floor":25},{"not_picked":["Rage+1","Perfected Strike"],"picked":"Intimidate+1","floor":28},{"not_picked":["Havoc+1","Ghostly Armor+1"],"picked":"Offering+1","floor":30},{"not_picked":["Wild Strike","Thunderclap"],"picked":"Metallicize","floor":31}],"player_experience":891298,"relics_obtained":[{"floor":6,"key":"Gremlin Horn"},{"floor":13,"key":"PreservedInsect"},{"floor":14,"key":"Toxic Egg 2"},{"floor":23,"key":"Vajra"},{"floor":25,"key":"Self Forming Clay"},{"floor":26,"key":"Regal Pillow"},{"floor":28,"key":"Centennial Puzzle"},{"floor":30,"key":"Bag of Preparation"},{"floor":31,"key":"Red Mask"}],"event_choices":[{"damage_healed":0.0,"max_hp_gain":0.0,"max_hp_loss":0.0,"gold_gain":0.0,"event_name":"The Cleric","player_choice":"Leave","floor":5.0,"gold_loss":0.0,"damage_taken":0.0},{"damage_healed":0,"gold_gain":0,"player_choice":"Lose Max HP","damage_taken":0,"relics_obtained":["Golden Idol"],"max_hp_gain":0,"max_hp_loss":6,"event_name":"Golden Idol","floor":8,"gold_loss":0},{"damage_healed":0,"gold_gain":0,"player_choice":"Opened","damage_taken":0,"relics_obtained":["Calipers"],"max_hp_gain":0,"max_hp_loss":0,"event_name":"The Mausoleum","floor":22,"gold_loss":0,"cards_obtained":["Writhe"]},{"damage_healed":0,"gold_gain":0,"player_choice":"Fought Bandits","damage_taken":0,"max_hp_gain":0,"max_hp_loss":0,"event_name":"Masked Bandits","floor":31,"gold_loss":0}],"is_beta":false,"boss_relics":[{"not_picked":["Runic Cube","Busted Crown"],"picked":"Ectoplasm"}],"items_purged_floors":[2],"is_endless":false,"potions_floor_spawned":[1,4,6,11,20,28],"killed_by":"Champ","ascension_level":20}}