{"host":"l4am8ae7vj09bp0g","time":1612442425,"event":{"mods":["Act Like it!","BaseMod","Colored Powertips","Conspire","LagranYue(拉格朗・月)","Minty Spire (QoL Compilation)","Quick Restart","Relic Filter","Reliquary","Replay The Spire","Shop Mod","StSLib","SuperFastMode","TestMod"],"gold_per_floor":[109,304,317,317,329,361,361,381,408,408,420,454,71,100,100,195,195,209,222,222,222,222,251,251,285,285,285,302,320,320,320],"floor_reached":30,"language":"ZHS","playtime":1713,"items_purged":[],"score":460,"play_id":"36605d67-a10f-4713-b382-91c2667be97f","local_time":"20210204204025","daily_mods":["SealedDeck","Heirloom","DeadlyEvents","Elite Swarm","Uncertain Future"],"is_ascension_mode":true,"campfire_choices":[{"data":"Armaments","floor":7.0,"key":"SMITH"},{"data":"Body Slam","floor":10.0,"key":"SMITH"},{"data":"Capacitor","floor":15.0,"key":"SMITH"},{"data":"Entrench","floor":24.0,"key":"SMITH"},{"data":"Exhume","floor":27.0,"key":"SMITH"}],"circlet_count":0,"master_deck":["Flame Barrier","Battle Trance","Burning Pact","Cleave","Body Slam+1","Armaments+1","Twin Strike","Entrench+1","Shrug It Off","Power Through","Self Repair+1","Mirror Shield","Juggernaut","Capacitor+1","Overencumbered","Hallucinations","Languid","Languid","Feed","Exhume+1"],"relics":["LagranYue:RandomDrawCardRelic","testmod-AssaultLearning","testmod-Maize","Iron Core","Akabeko","MerchantsRug","Charon\u0027s Ashes","Anchor","Replay:Ancient Bell","PreservedInsect","HornCleat","testmod-Alchemist","Ring of Hypnosis","Ring of Panic","testmod-TestBox","Smiling Mask","Ornamental Fan","reliquary:MedicineBall"],"acts_visited":["Exordium","TheCity"],"potions_floor_usage":[],"damage_taken":[{"damage":0.0,"enemies":"Small Slimes","floor":1.0,"turns":3.0},{"damage":0.0,"enemies":"Jaw Worm","floor":3.0,"turns":3.0},{"damage":0.0,"enemies":"Cultist","floor":5.0,"turns":3.0},{"damage":0.0,"enemies":"3 Sentries","floor":6.0,"turns":7.0},{"damage":0.0,"enemies":"Large Slime","floor":8.0,"turns":6.0},{"damage":0.0,"enemies":"Exordium Wildlife","floor":11.0,"turns":3.0},{"damage":4.0,"enemies":"Gremlin Nob","floor":12.0,"turns":3.0},{"damage":0.0,"enemies":"Lagavulin","floor":14.0,"turns":6.0},{"damage":0.0,"enemies":"Hexaghost","floor":16.0,"turns":7.0},{"damage":0.0,"enemies":"Chosen","floor":18.0,"turns":4.0},{"damage":0.0,"enemies":"2 Thieves","floor":19.0,"turns":3.0},{"damage":0.0,"enemies":"Slavers","floor":23.0,"turns":3.0},{"damage":0.0,"enemies":"conspire:SneckoGhost","floor":25.0,"turns":5.0},{"damage":0.0,"enemies":"Snake Plant","floor":28.0,"turns":3.0},{"damage":0.0,"enemies":"Shelled Parasite and Fungi","floor":29.0,"turns":4.0},{"damage":0,"enemies":"Gremlin Leader","floor":30,"turns":1}],"seed_played":"2035322168012952909","potions_obtained":[{"floor":1.0,"key":"SkillPotion"},{"floor":3.0,"key":"Milkshake"},{"floor":12.0,"key":"BlessingOfTheForge"},{"floor":19.0,"key":"Energy Potion"},{"floor":29.0,"key":"SteroidPotion"}],"is_trial":true,"path_per_floor":["M","?","M","?","M","E","R","M","T","R","M","E","$","E","R","B",null,"M","M","?","?","?","E","R","E","T","R","M","M","E"],"character_chosen":"IRONCLAD","items_purchased":["MerchantsRug","Charon\u0027s Ashes","Capacitor"],"campfire_rested":0,"item_purchase_floors":[13,13,13],"current_hp_per_floor":[1,1,1,1,1,1,1,1,8,8,8,8,8,8,8,8,8,8,8,11,11,11,13,13,17,17,17,17,20,20,20],"gold":320,"neow_bonus":"","is_daily":false,"chose_seed":false,"campfire_upgraded":5,"win_rate":0.0,"timestamp":1612442425,"path_taken":["M","?","?","?","M","E","R","M","T","R","M","E","$","E","R","BOSS","M","M","?","?","?","E","R","E","T","R","M","M","E"],"items_purchased_type":["Relic","Relic","Card"],"build_version":"2020-12-22","purchased_purges":0,"victory":false,"max_hp_per_floor":[1,1,1,1,1,1,1,1,8,8,8,8,8,8,8,8,8,8,8,13,13,13,13,13,17,17,17,17,20,20,20],"card_choices":[{"not_picked":["Clash","Cleave","True Grit"],"picked":"SKIP","floor":1.0},{"not_picked":["True Grit","Clash","Replay:Undeath\u0027s Touch"],"picked":"SKIP","floor":3.0},{"not_picked":["Rebound","conspire:HitWhereItHurts","Burning Pact"],"picked":"SKIP","floor":5.0},{"not_picked":["Exhume","Brutality"],"picked":"Mirror Shield","floor":6.0},{"not_picked":["Flex","conspire:ExplosiveBarrier","ReplayTheSpireMod:LeadingStrike"],"picked":"SKIP","floor":8.0},{"not_picked":["Replay:Undeath\u0027s Touch","Carnage","Heavy Blade"],"picked":"SKIP","floor":11.0},{"not_picked":["Demonic Infusion","Reaper"],"picked":"Juggernaut","floor":12.0},{"not_picked":["Brutality","Impervious","Reaper"],"picked":"SKIP","floor":14.0},{"not_picked":["ReplayTheSpireMod:Faulty Equipment","ReplayTheSpireMod:Restless Dread"],"picked":"Overencumbered","floor":17.0},{"not_picked":["Overencumbered","Amnesia"],"picked":"Hallucinations","floor":17.0},{"not_picked":["Pain","AbeCurse"],"picked":"Languid","floor":17.0},{"not_picked":["Cleave","Heavy Blade","Combust"],"picked":"SKIP","floor":18.0},{"not_picked":["ReplayTheSpireMod:LeadingStrike","Pommel Strike","Headbutt"],"picked":"SKIP","floor":19.0},{"not_picked":["Demonic Infusion","Corruption"],"picked":"Feed","floor":23.0},{"not_picked":["Reaper","Demonic Infusion"],"picked":"Exhume","floor":25.0},{"not_picked":["Iron Wave+1","True Grit","Anger+1"],"picked":"SKIP","floor":28.0},{"not_picked":["Massacre","Cleave","ReplayTheSpireMod:LeadingStrike+1"],"picked":"SKIP","floor":29.0}],"player_experience":60205,"relics_obtained":[{"floor":6.0,"key":"Akabeko"},{"floor":9.0,"key":"Strawberry"},{"floor":12.0,"key":"Pocketwatch"},{"floor":14.0,"key":"Anchor"},{"floor":21.0,"key":"Ring of Hypnosis"},{"floor":21.0,"key":"Ring of Panic"},{"floor":23.0,"key":"Smiling Mask"},{"floor":25.0,"key":"Ornamental Fan"},{"floor":26.0,"key":"reliquary:MedicineBall"}],"event_choices":[{"damage_healed":0.0,"max_hp_gain":5.0,"max_hp_loss":0.0,"gold_gain":0.0,"event_name":"Forgotten Altar","player_choice":"Shed Blood","floor":20.0,"gold_loss":0.0,"damage_taken":2.0},{"damage_healed":0.0,"max_hp_gain":0.0,"max_hp_loss":0.0,"gold_gain":0.0,"event_name":"给自己的盒子","player_choice":"Swap Relic","floor":22.0,"relics_lost":["testmod-TestBox"],"gold_loss":0.0,"damage_taken":0.0,"relics_obtained":["testmod-TestBox"]}],"is_beta":false,"boss_relics":[{"not_picked":["conspire:SlowCooker","testmod-Temperance"],"picked":"Replay:Ancient Bell"},{"not_picked":["Red Skull","LagranYue:MagicReflectiveArmorRelic"],"picked":"PreservedInsect"},{"not_picked":["reliquary:IridiumChain","Onion Ring"],"picked":"HornCleat"},{"not_picked":["Thread and Needle","TungstenRod"],"picked":"testmod-Alchemist"}],"items_purged_floors":[],"is_endless":true,"potions_floor_spawned":[1,3,12,19,29],"killed_by":"Gremlin Leader","ascension_level":1}}