{"host":"1ooxfz79hmpvpehx","time":1612479693,"event":{"mods":["BaseMod","Minty Spire (QoL Compilation)","Quick Restart","Replay The Spire","StSLib","SuperFastMode"],"gold_per_floor":[111,111,111,126,144,173,173,173,173,188,188,200,213,213,228,262,262,393,393,417,417,185,445,445,480,480,493,493,493,493,249,284,484,484,608,608,632,632,632],"floor_reached":38,"language":"ENG","playtime":1296,"items_purged":["Defend_R","Defend_R"],"score":470,"play_id":"9bf16974-1933-4745-a578-f567dc76a6b1","local_time":"20210204200133","is_ascension_mode":false,"campfire_choices":[{"data":"ReplayTheSpireMod:LeadingStrike","floor":7,"key":"SMITH"},{"data":"Demonic Infusion","floor":17,"key":"SMITH"},{"floor":26,"key":"REST"},{"data":"Shockwave","floor":29,"key":"SMITH"},{"floor":34,"key":"DIG"}],"circlet_count":0,"master_deck":["Strike_R","Strike_R","Strike_R","Strike_R","Strike_R","Defend_R+1","Bash+1","ReplayTheSpireMod:LeadingStrike+1","Pommel Strike","Anger","Perfected Strike","Demonic Infusion+1","Demon Form","Shockwave+1","Perfected Strike","Twin Strike+1","Twin Strike+1","Twin Strike","Replay:Undeath\u0027s Touch+1"],"relics":["Burning Blood","ReplayTheSpireMod:Ring of Collecting","Replay:Accelerometer","Ring of Hypnosis","Ice Cream","Golden Idol","Garlic","Black Star","Enchiridion","Chemical X","Regal Pillow","PreservedInsect","ReplayTheSpireMod:Ring of Exchange","Juzu Bracelet","Bag of Marbles","Matryoshka","War Paint","ReplayFunnel","Orrery"],"acts_visited":["Exordium","TheCity","TheBeyond"],"potions_floor_usage":[6,16,16,25,25,35,35,38],"damage_taken":[{"damage":0,"enemies":"Small Slimes","floor":1,"turns":3},{"damage":3,"enemies":"2 Louse","floor":4,"turns":3},{"damage":1,"enemies":"Cultist","floor":5,"turns":3},{"damage":21,"enemies":"3 Sentries","floor":6,"turns":10},{"damage":10,"enemies":"Looter","floor":10,"turns":3},{"damage":0,"enemies":"Large Slime","floor":12,"turns":3},{"damage":9,"enemies":"3 Louse","floor":13,"turns":3},{"damage":7,"enemies":"Gremlin Gang","floor":15,"turns":4},{"damage":4,"enemies":"Replay:BlueRogue","floor":16,"turns":2},{"damage":47,"enemies":"Fading Forest","floor":18,"turns":12},{"damage":23,"enemies":"Spheric Guardian","floor":20,"turns":4},{"damage":9,"enemies":"Book of Stabbing","floor":25,"turns":4},{"damage":0,"enemies":"3 Byrds","floor":27,"turns":5},{"damage":0,"enemies":"Gremlin Leader","floor":32,"turns":1},{"damage":10,"enemies":"Champ","floor":35,"turns":6},{"damage":33,"enemies":"3 Darklings","floor":37,"turns":6},{"damage":61,"enemies":"2 Orb Walkers","floor":38,"turns":4}],"seed_played":"-1335102381273066693","potions_obtained":[{"floor":1,"key":"Adrenaline Potion"},{"floor":5,"key":"Fire Potion"},{"floor":12,"key":"Fire Potion"},{"floor":20,"key":"BlessingOfTheForge"},{"floor":24,"key":"Block Potion"},{"floor":24,"key":"CultistPotion"},{"floor":32,"key":"Flashbang"},{"floor":35,"key":"PowerPotion"}],"is_trial":false,"path_per_floor":["M","?","?","M","M","E","R","PTL","PTL","M","T","M","M","?","M","E","R","B",null,"M","?","$","?","?","E","R","M","T","R","?","$","E","?","R","B",null,"M","?"],"character_chosen":"IRONCLAD","items_purchased":["Chemical X","Bag of Marbles"],"campfire_rested":1,"item_purchase_floors":[22,31],"current_hp_per_floor":[80,80,80,80,80,65,65,65,65,61,61,67,64,44,43,45,45,14,80,63,47,47,15,15,12,51,57,57,57,57,57,63,63,63,59,80,53,0,0],"gold":632,"neow_bonus":"","is_daily":false,"chose_seed":false,"campfire_upgraded":3,"win_rate":0.0,"timestamp":1612479693,"path_taken":["M","?","?","M","M","E","R","PTL","PTL","M","T","M","?","?","M","E","R","BOSS","M","?","$","?","?","E","R","M","T","R","?","?","E","?","R","BOSS","M","?"],"items_purchased_type":["Relic","Relic"],"build_version":"2020-12-22","purchased_purges":2,"victory":false,"max_hp_per_floor":[80,80,80,80,80,80,80,80,80,80,80,80,80,80,80,80,80,80,80,80,80,80,80,80,80,80,80,80,80,80,80,80,80,80,80,80,80,80,80],"card_choices":[{"not_picked":["Battle Trance","Headbutt","Uppercut"],"picked":"SKIP","floor":1},{"not_picked":["ReplayTheSpireMod:Strike From Hell","Twin Strike"],"picked":"ReplayTheSpireMod:LeadingStrike","floor":4},{"not_picked":["Headbutt","Second Wind"],"picked":"Pommel Strike","floor":5},{"not_picked":["Body Slam","Twin Strike"],"picked":"Anger","floor":6},{"not_picked":["Warcry","Metallicize"],"picked":"Perfected Strike","floor":10},{"not_picked":["Carnage","Sword Boomerang","Twin Strike"],"picked":"SKIP","floor":12},{"not_picked":["Carnage","Warcry","Headbutt"],"picked":"SKIP","floor":13},{"not_picked":["ReplayTheSpireMod:Strike From Hell","Shrug It Off","Sword Boomerang"],"picked":"SKIP","floor":15},{"not_picked":["Metallicize","Power Through"],"picked":"Demonic Infusion","floor":16},{"not_picked":["Demonic Infusion","Juggernaut"],"picked":"Demon Form","floor":18},{"not_picked":["True Grit","Twin Strike","Uppercut"],"picked":"SKIP","floor":20},{"not_picked":["Anger","Shrug It Off","Run Through"],"picked":"SKIP","floor":25},{"not_picked":["Cleave","ReplayTheSpireMod:LeadingStrike"],"picked":"Shockwave","floor":27},{"not_picked":["Reaper","Ghostly Armor","Berserk"],"picked":"SKIP","floor":32},{"not_picked":["Abandon","Massacre"],"picked":"Perfected Strike","floor":36},{"not_picked":["Clothesline","Feel No Pain+1"],"picked":"Twin Strike+1","floor":36},{"not_picked":["Clash","Flex"],"picked":"Twin Strike+1","floor":36},{"not_picked":["Uppercut+1","Anger+1"],"picked":"Twin Strike","floor":36},{"not_picked":["Flex+1","Shrug It Off"],"picked":"Replay:Undeath\u0027s Touch+1","floor":37}],"player_experience":0,"relics_obtained":[{"floor":2,"key":"ReplayTheSpireMod:Ring of Collecting"},{"floor":6,"key":"Replay:Accelerometer"},{"floor":11,"key":"Ring of Hypnosis"},{"floor":11,"key":"Ice Cream"},{"floor":16,"key":"Garlic"},{"floor":21,"key":"Enchiridion"},{"floor":25,"key":"Regal Pillow"},{"floor":25,"key":"PreservedInsect"},{"floor":28,"key":"ReplayTheSpireMod:Ring of Exchange"},{"floor":28,"key":"Juzu Bracelet"},{"floor":32,"key":"Matryoshka"},{"floor":32,"key":"War Paint"},{"floor":34,"key":"ReplayFunnel"}],"event_choices":[{"damage_healed":0,"gold_gain":0,"player_choice":"Upgraded","damage_taken":0,"max_hp_gain":0,"max_hp_loss":0,"event_name":"Upgrade Shrine","floor":3,"gold_loss":0,"cards_upgraded":["Bash"]},{"damage_healed":0,"gold_gain":0,"player_choice":"Take Damage","damage_taken":20,"relics_obtained":["Golden Idol"],"max_hp_gain":0,"max_hp_loss":0,"event_name":"Golden Idol","floor":14,"gold_loss":0},{"damage_healed":0,"gold_gain":0,"player_choice":"Obtained Book","damage_taken":16,"max_hp_gain":0,"max_hp_loss":0,"event_name":"Cursed Tome","floor":21,"gold_loss":0},{"damage_healed":0,"gold_gain":0,"player_choice":"Got Potions","damage_taken":0,"max_hp_gain":0,"max_hp_loss":0,"event_name":"Lab","floor":24,"gold_loss":0},{"cards_removed":["Defend_R"],"damage_healed":0,"gold_gain":0,"player_choice":"Purged","damage_taken":0,"max_hp_gain":0,"max_hp_loss":0,"event_name":"Purifier","floor":30,"gold_loss":0},{"damage_healed":0,"gold_gain":250,"player_choice":"Bet on Owner","damage_taken":0,"max_hp_gain":0,"max_hp_loss":0,"event_name":"The Joust","floor":33,"gold_loss":50},{"damage_healed":0,"gold_gain":0,"player_choice":"Fight","damage_taken":0,"max_hp_gain":0,"max_hp_loss":0,"event_name":"Mysterious Sphere","floor":38,"gold_loss":0}],"is_beta":false,"boss_relics":[{"not_picked":["Mark of Pain","Ectoplasm"],"picked":"Black Star"},{"not_picked":["Sozu","Philosopher\u0027s Stone"],"picked":"Orrery"}],"items_purged_floors":[22,31],"is_endless":false,"potions_floor_spawned":[1,5,12,20,32,35],"killed_by":"2 Orb Walkers","ascension_level":0}}