{"host":"5p9hybygolzp0efr","time":1612417653,"event":{"mods":["AchievementEnabler","BaseMod","Bestiary","Colored Map","Minty Spire (QoL Compilation)","Permanent Neow","Relic Stats"],"gold_per_floor":[118,135,210,228,178,178,198,226,226,226,237,255,235,266,266,367,367,382,394,419,419,344,382,382,398,471,514,532,532,532,460,460,568,568,591,641,651,669,687,687,119,144,195,417,417,187,31,57,57,57],"floor_reached":51,"language":"ENG","playtime":2178,"items_purged":["Defend_P+1"],"score":1090,"play_id":"4e7e8531-2835-47f7-a7f3-91f456595b7f","local_time":"20210204134733","is_ascension_mode":true,"campfire_choices":[{"data":"Eruption","floor":6.0,"key":"SMITH"},{"data":"Meditate","floor":10.0,"key":"SMITH"},{"data":"BattleHymn","floor":15.0,"key":"SMITH"},{"floor":24.0,"key":"REST"},{"data":"Ragnarok","floor":30.0,"key":"SMITH"},{"data":"BowlingBash","floor":32.0,"key":"SMITH"},{"data":"Tantrum","floor":40.0,"key":"SMITH"},{"floor":45.0,"key":"REST"},{"floor":49,"key":"REST"}],"circlet_count":0,"master_deck":["Strike_P+1","Strike_P+1","Strike_P+1","Defend_P+1","Defend_P+1","Defend_P+1","Eruption+1","Vigilance","Meditate+1","BowlingBash+1","BattleHymn+1","Tantrum+1","JustLucky","Ragnarok+1","Halt+1","ThirdEye","ReachHeaven+1","Worship","ClearTheMind","Tantrum","DevaForm","EmptyBody+1","Wish","Establishment","TalkToTheHand"],"relics":["PureWater","Omamori","Bag of Marbles","StrikeDummy","CaptainsWheel","Velvet Choker","Red Mask","CeramicFish","Meat on the Bone","Yang","Cursed Key","Turnip","Shuriken","Akabeko","Vajra","Bronze Scales","OrangePellets"],"acts_visited":["Exordium","TheCity","TheBeyond"],"potions_floor_usage":[50],"damage_taken":[{"damage":2.0,"enemies":"2 Louse","floor":1.0,"turns":3.0},{"damage":1.0,"enemies":"Small Slimes","floor":2.0,"turns":3.0},{"damage":0.0,"enemies":"Cultist","floor":4.0,"turns":2.0},{"damage":4.0,"enemies":"Looter","floor":7.0,"turns":4.0},{"damage":0.0,"enemies":"Lagavulin","floor":8.0,"turns":4.0},{"damage":2.0,"enemies":"2 Fungi Beasts","floor":11.0,"turns":3.0},{"damage":0.0,"enemies":"3 Louse","floor":12.0,"turns":2.0},{"damage":16.0,"enemies":"Gremlin Nob","floor":14.0,"turns":3.0},{"damage":29.0,"enemies":"The Guardian","floor":16.0,"turns":7.0},{"damage":18.0,"enemies":"2 Thieves","floor":18.0,"turns":3.0},{"damage":0.0,"enemies":"Chosen","floor":19.0,"turns":3.0},{"damage":6.0,"enemies":"Masked Bandits","floor":20.0,"turns":3.0},{"damage":6.0,"enemies":"Gremlin Leader","floor":23.0,"turns":4.0},{"damage":0.0,"enemies":"Sentry and Sphere","floor":25.0,"turns":3.0},{"damage":2.0,"enemies":"Book of Stabbing","floor":27.0,"turns":4.0},{"damage":0.0,"enemies":"3 Cultists","floor":28.0,"turns":3.0},{"damage":7.0,"enemies":"Collector","floor":33.0,"turns":5.0},{"damage":4.0,"enemies":"3 Shapes","floor":35.0,"turns":3.0},{"damage":8.0,"enemies":"2 Orb Walkers","floor":36.0,"turns":2.0},{"damage":14.0,"enemies":"3 Darklings","floor":37.0,"turns":4.0},{"damage":0.0,"enemies":"Jaw Worm Horde","floor":38.0,"turns":2.0},{"damage":14.0,"enemies":"4 Shapes","floor":39.0,"turns":4.0},{"damage":24.0,"enemies":"Nemesis","floor":42.0,"turns":3.0},{"damage":0,"enemies":"Maw","floor":48,"turns":4},{"damage":51,"enemies":"Donu and Deca","floor":50,"turns":5}],"seed_played":"-7742686690873264516","potions_obtained":[{"floor":2.0,"key":"PowerPotion"},{"floor":4.0,"key":"FairyPotion"},{"floor":13.0,"key":"Fruit Juice"},{"floor":16.0,"key":"Strength Potion"},{"floor":18.0,"key":"BottledMiracle"},{"floor":20.0,"key":"Fire Potion"}],"is_trial":false,"path_per_floor":["M","M","?","M","?","R","M","E","T","R","M","M","?","E","R","B",null,"M","M","?","?","?","E","R","M","T","E","M","?","R","$","R","B",null,"M","?","M","M","M","R","$","E","T","?","R","$","$","M","R","B",null],"character_chosen":"WATCHER","items_purchased":["Tantrum","Shuriken","Akabeko","Wish","PowerPotion","Establishment","OrangePellets"],"campfire_rested":3,"item_purchase_floors":[31,41,41,41,41,46,47],"current_hp_per_floor":[63,62,51,51,51,51,47,47,47,47,45,45,45,34,34,5,59,41,41,35,35,35,29,52,52,52,50,50,50,50,50,50,43,69,65,57,43,43,41,41,41,29,29,29,52,52,52,52,75,36],"gold":57,"neow_bonus":"RANDOM_COMMON_RELIC","is_daily":false,"chose_seed":false,"campfire_upgraded":6,"win_rate":0.0,"timestamp":1612417653,"path_taken":["M","M","?","M","?","R","M","E","T","R","M","M","?","E","R","BOSS","M","?","?","?","?","E","R","M","T","E","M","?","R","$","R","BOSS","M","?","M","M","M","R","$","E","T","?","R","?","$","?","R","BOSS"],"items_purchased_type":["Card","Relic","Relic","Card","Potion","Card","Relic"],"build_version":"2020-12-22","purchased_purges":1,"victory":true,"max_hp_per_floor":[72,72,72,72,72,72,72,72,72,72,72,72,72,77,77,77,77,77,77,77,77,77,77,77,77,77,77,77,77,77,77,77,77,77,77,77,77,77,77,77,77,77,77,77,77,77,77,77,77,77],"relic_stats":{"OrangePellets":[3],"counters":[25,86],"Shuriken":[7],"CeramicFish":72,"Bronze Scales":[15],"Yang":[90],"Turnip":[3],"Cursed Key":1,"obtain_stats":[{"CeramicFish":23,"Velvet Choker":17,"Vajra":42,"Yang":27,"Omamori":0,"Cursed Key":34,"Akabeko":41,"OrangePellets":47,"CaptainsWheel":14,"Shuriken":41,"Bronze Scales":43,"Turnip":36,"Bag of Marbles":8,"Red Mask":20,"PureWater":0,"StrikeDummy":9,"Meat on the Bone":26},{"CeramicFish":13,"Velvet Choker":9,"Vajra":23,"Yang":15,"Omamori":0,"Cursed Key":17,"Akabeko":22,"OrangePellets":23,"CaptainsWheel":8,"Shuriken":22,"Bronze Scales":23,"Turnip":19,"Bag of Marbles":5,"Red Mask":12,"PureWater":0,"StrikeDummy":5,"Meat on the Bone":14},{"CeramicFish":44,"Velvet Choker":31,"Vajra":77,"Yang":51,"Omamori":0,"Cursed Key":59,"Akabeko":74,"OrangePellets":77,"CaptainsWheel":24,"Shuriken":74,"Bronze Scales":77,"Turnip":64,"Bag of Marbles":16,"Red Mask":40,"PureWater":0,"StrikeDummy":16,"Meat on the Bone":47}],"Meat on the Bone":36},"card_choices":[{"not_picked":["SashWhip","MentalFortress"],"picked":"Meditate","floor":1.0},{"not_picked":["CrushJoints","ThirdEye"],"picked":"BowlingBash","floor":2.0},{"not_picked":["FollowUp","Protect","Prostrate"],"picked":"SKIP","floor":4.0},{"not_picked":["LikeWater","ForeignInfluence"],"picked":"BattleHymn","floor":7.0},{"not_picked":["CrushJoints","Crescendo","Prostrate"],"picked":"SKIP","floor":8.0},{"not_picked":["JustLucky","ForeignInfluence"],"picked":"Tantrum","floor":11.0},{"not_picked":["CrushJoints","JustLucky","PathToVictory"],"picked":"SKIP","floor":12.0},{"not_picked":["CrushJoints","PathToVictory"],"picked":"JustLucky","floor":12.0},{"not_picked":["Weave","LikeWater"],"picked":"Consecrate","floor":14.0},{"not_picked":["Alpha","DeusExMachina"],"picked":"Ragnarok","floor":16.0},{"not_picked":["Evaluate","MentalFortress"],"picked":"Halt+1","floor":18.0},{"not_picked":["EmptyFist","Fasting2"],"picked":"ThirdEye","floor":19.0},{"not_picked":["Crescendo","ClearTheMind"],"picked":"ReachHeaven+1","floor":20.0},{"not_picked":["Collect","LikeWater"],"picked":"Worship","floor":23.0},{"not_picked":["Wireheading+1","Pray","Collect+1"],"picked":"SKIP","floor":25.0},{"not_picked":["ThirdEye","Scrawl"],"picked":"ClearTheMind","floor":27.0},{"not_picked":["Protect","Sanctity+1","ClearTheMind"],"picked":"SKIP","floor":28.0},{"not_picked":["Judgement","Ragnarok"],"picked":"DevaForm","floor":33.0},{"not_picked":["Collect","FlyingSleeves"],"picked":"EmptyBody+1","floor":35.0},{"not_picked":["JustLucky","EmptyBody+1","Evaluate+1"],"picked":"SKIP","floor":37.0},{"not_picked":["Perseverance+1","Collect+1","ClearTheMind+1"],"picked":"SKIP","floor":38.0},{"not_picked":["Evaluate","Judgement","ClearTheMind+1"],"picked":"SKIP","floor":39.0},{"not_picked":["FlyingSleeves","FearNoEvil+1","EmptyFist"],"picked":"SKIP","floor":42.0},{"not_picked":["ReachHeaven","FollowUp"],"picked":"TalkToTheHand","floor":48}],"player_experience":587112,"relics_obtained":[{"floor":8.0,"key":"Bag of Marbles"},{"floor":9.0,"key":"StrikeDummy"},{"floor":14.0,"key":"CaptainsWheel"},{"floor":20.0,"key":"Red Mask"},{"floor":23.0,"key":"CeramicFish"},{"floor":26.0,"key":"Meat on the Bone"},{"floor":27.0,"key":"Yang"},{"floor":36.0,"key":"Turnip"},{"floor":42.0,"key":"Vajra"},{"floor":43.0,"key":"Bronze Scales"}],"event_choices":[{"damage_healed":0.0,"max_hp_gain":0.0,"max_hp_loss":0.0,"gold_gain":75.0,"event_name":"World of Goop","player_choice":"Gather Gold","floor":3.0,"gold_loss":0.0,"damage_taken":11.0},{"cards_removed":["Strike_P"],"damage_healed":0.0,"max_hp_gain":0.0,"max_hp_loss":0.0,"gold_gain":0.0,"event_name":"The Cleric","player_choice":"Card Removal","floor":5.0,"gold_loss":50.0,"damage_taken":0.0},{"damage_healed":0.0,"max_hp_gain":0.0,"max_hp_loss":0.0,"gold_gain":0.0,"event_name":"The Woman in Blue","player_choice":"Bought 1 Potion","floor":13.0,"gold_loss":0.0,"damage_taken":0.0},{"damage_healed":0.0,"max_hp_gain":0.0,"max_hp_loss":0.0,"gold_gain":0.0,"event_name":"Masked Bandits","player_choice":"Fought Bandits","floor":20.0,"gold_loss":0.0,"damage_taken":0.0},{"damage_healed":0.0,"max_hp_gain":0.0,"max_hp_loss":0.0,"gold_gain":0.0,"event_name":"Back to Basics","player_choice":"Simplicity","floor":21.0,"gold_loss":0.0,"damage_taken":0.0,"cards_upgraded":["Strike_P","Strike_P","Strike_P","Defend_P","Defend_P","Defend_P","Defend_P"]},{"cards_removed":["Consecrate"],"damage_healed":0.0,"max_hp_gain":0.0,"max_hp_loss":0.0,"gold_gain":0.0,"event_name":"Beggar","player_choice":"Gave Gold","floor":22.0,"gold_loss":75.0,"damage_taken":0.0},{"damage_healed":0.0,"max_hp_gain":0.0,"max_hp_loss":0.0,"gold_gain":0.0,"event_name":"Vampires","player_choice":"Ignored","floor":29.0,"gold_loss":0.0,"damage_taken":0.0},{"damage_healed":0.0,"max_hp_gain":0.0,"max_hp_loss":0.0,"gold_gain":0.0,"event_name":"Mysterious Sphere","player_choice":"Fight","floor":36.0,"gold_loss":0.0,"damage_taken":0.0},{"damage_healed":0.0,"max_hp_gain":0.0,"max_hp_loss":0.0,"gold_gain":222.0,"event_name":"Tomb of Lord Red Mask","player_choice":"Wore Mask","floor":44.0,"gold_loss":0.0,"damage_taken":0.0}],"is_beta":false,"boss_relics":[{"not_picked":["SacredBark","Snecko Eye"],"picked":"Velvet Choker"},{"not_picked":["Black Star","Astrolabe"],"picked":"Cursed Key"}],"items_purged_floors":[46],"is_endless":false,"potions_floor_spawned":[2,4,16,18,20,23,33,35,37,48],"ascension_level":9}}