{"host":"6fkscwgr344hcmao","time":1612471235,"event":{"mods":["2.2 Compatiblity","AchievementEnabler","BaseMod","Colored Map","Highlight Path","Minty Spire (QoL Compilation)","Random Character Button","Rare Cards Sparkle"],"gold_per_floor":[113,113,123,143,143,174,174,193,239,239,239,253,267,284,284,284,284],"floor_reached":16,"language":"POL","playtime":531,"items_purged":[],"score":104,"play_id":"7c173cef-2c5e-4d9a-9f0b-069d84462f0b","local_time":"20210204214035","is_ascension_mode":false,"campfire_choices":[{"floor":7.0,"key":"REST"},{"floor":15,"key":"REST"}],"circlet_count":0,"master_deck":["Strike_R","Strike_R","Strike_R","Strike_R","Defend_R","Defend_R","Defend_R","Defend_R","Bash+1","Offering","Dropkick"],"relics":["Burning Blood","NeowsBlessing","Mummified Hand"],"acts_visited":["Exordium"],"potions_floor_usage":[12,14],"damage_taken":[{"damage":0.0,"enemies":"2 Louse","floor":1.0,"turns":1.0},{"damage":0.0,"enemies":"Cultist","floor":3.0,"turns":1.0},{"damage":0.0,"enemies":"Jaw Worm","floor":4.0,"turns":1.0},{"damage":31.0,"enemies":"Gremlin Nob","floor":6.0,"turns":4.0},{"damage":41.0,"enemies":"Gremlin Gang","floor":8.0,"turns":6.0},{"damage":11,"enemies":"Exordium Wildlife","floor":12,"turns":5},{"damage":18,"enemies":"3 Louse","floor":13,"turns":4},{"damage":22,"enemies":"Gremlin Gang","floor":14,"turns":10},{"damage":69,"enemies":"Slime Boss","floor":16,"turns":9}],"seed_played":"5034060948312561849","potions_obtained":[{"floor":3.0,"key":"Swift Potion"},{"floor":6.0,"key":"Dexterity Potion"},{"floor":8.0,"key":"Strength Potion"},{"floor":13,"key":"DuplicationPotion"}],"is_trial":false,"path_per_floor":["M","?","M","M","?","E","R","M","T","?","?","M","M","M","R","B"],"character_chosen":"IRONCLAD","items_purchased":[],"campfire_rested":2,"item_purchase_floors":[],"current_hp_per_floor":[80,80,80,80,80,55,79,44,44,70,70,65,53,37,61,0,0],"gold":284,"neow_bonus":"THREE_ENEMY_KILL","is_daily":false,"chose_seed":false,"campfire_upgraded":0,"win_rate":0.0,"timestamp":1612471235,"path_taken":["M","?","M","?","?","E","R","?","T","?","?","M","M","M","R","BOSS"],"items_purchased_type":[],"build_version":"2020-12-22","purchased_purges":0,"victory":false,"max_hp_per_floor":[80,80,80,80,80,80,80,80,80,80,80,80,80,80,80,80,80],"card_choices":[{"not_picked":["Shrug It Off","Shockwave","Intimidate"],"picked":"SKIP","floor":1.0},{"not_picked":["Flame Barrier","Anger","Clash"],"picked":"SKIP","floor":3.0},{"not_picked":["True Grit","Body Slam","Heavy Blade"],"picked":"SKIP","floor":4.0},{"not_picked":["True Grit","Reckless Charge","Anger"],"picked":"SKIP","floor":6.0},{"not_picked":["Body Slam","Cleave","Shrug It Off"],"picked":"SKIP","floor":8.0},{"not_picked":["Flame Barrier","Havoc","Brutality"],"picked":"SKIP","floor":12},{"not_picked":["Body Slam","Seeing Red","Pommel Strike"],"picked":"SKIP","floor":13},{"not_picked":["Second Wind","Thunderclap"],"picked":"Dropkick","floor":14}],"player_experience":239884,"relics_obtained":[{"floor":6.0,"key":"Mummified Hand"}],"event_choices":[{"damage_healed":0.0,"max_hp_gain":0.0,"max_hp_loss":0.0,"gold_gain":0.0,"event_name":"Upgrade Shrine","player_choice":"Upgraded","floor":2.0,"gold_loss":0.0,"damage_taken":0.0,"cards_upgraded":["Bash"]},{"damage_healed":0.0,"max_hp_gain":0.0,"max_hp_loss":0.0,"gold_gain":0.0,"event_name":"Match and Keep!","player_choice":"1 cards matched","floor":5.0,"gold_loss":0.0,"damage_taken":0.0,"cards_obtained":["Offering"]},{"damage_healed":26.0,"max_hp_gain":0.0,"max_hp_loss":0.0,"gold_gain":0.0,"event_name":"Big Fish","player_choice":"Banana","floor":10.0,"gold_loss":0.0,"damage_taken":0.0},{"cards_removed":["Strike_R"],"damage_healed":0.0,"max_hp_gain":0.0,"max_hp_loss":0.0,"gold_gain":0.0,"event_name":"Purifier","player_choice":"Purged","floor":11.0,"gold_loss":0.0,"damage_taken":0.0}],"is_beta":false,"boss_relics":[],"items_purged_floors":[],"is_endless":false,"potions_floor_spawned":[3,6,8,13],"killed_by":"Slime Boss","ascension_level":0}}