{"host":"oehe2dxjvdgux73m","time":1612446646,"event":{"mods":["AchievementEnabler","BaseMod","Colored Map","Colored Powertips","DeckTracker","Keyboard Shortcuts","Minty Spire (QoL Compilation)","Permanent Neow","Quick Restart","StSLib","SuperFastMode"],"gold_per_floor":[16,28,41,41,60,60,60,75,75,75,90,101,120,138,138,210,210,230,77,95,109,109,109],"floor_reached":22,"language":"KOR","playtime":717,"items_purged":["Strike_G"],"score":368,"play_id":"7b863f1a-08b6-496e-a85f-d57a7e982aa5","local_time":"20210204225046","is_ascension_mode":true,"campfire_choices":[{"data":"Phantasmal Killer","floor":6.0,"key":"SMITH"},{"data":"Cloak And Dagger","floor":10.0,"key":"SMITH"},{"floor":15.0,"key":"REST"}],"circlet_count":0,"master_deck":["AscendersBane","Strike_G","Defend_G","Defend_G","Defend_G","Defend_G","Defend_G","Survivor","Neutralize+1","Phantasmal Killer+1","Cloak And Dagger+1","All Out Attack","Heel Hook","Dagger Throw","Flechettes","Blade Dance","Adrenaline","Footwork","Backflip","Wraith Form v2","Noxious Fumes","Catalyst","Prepared+1"],"relics":["Ring of the Snake","Mummified Hand","Snecko Eye"],"acts_visited":["Exordium","TheCity"],"potions_floor_usage":[22],"damage_taken":[{"damage":8.0,"enemies":"Small Slimes","floor":1.0,"turns":4.0},{"damage":3.0,"enemies":"2 Louse","floor":2.0,"turns":3.0},{"damage":0.0,"enemies":"Cultist","floor":3.0,"turns":2.0},{"damage":12.0,"enemies":"Red Slaver","floor":5.0,"turns":5.0},{"damage":6.0,"enemies":"Exordium Thugs","floor":8.0,"turns":4.0},{"damage":0.0,"enemies":"Looter","floor":11.0,"turns":3.0},{"damage":8.0,"enemies":"3 Louse","floor":12.0,"turns":2.0},{"damage":0.0,"enemies":"2 Fungi Beasts","floor":13.0,"turns":2.0},{"damage":1.0,"enemies":"Exordium Thugs","floor":14.0,"turns":4.0},{"damage":17.0,"enemies":"Slime Boss","floor":16.0,"turns":4.0},{"damage":0.0,"enemies":"Chosen","floor":18.0,"turns":3.0},{"damage":17.0,"enemies":"2 Thieves","floor":20.0,"turns":5.0},{"damage":28.0,"enemies":"Chosen and Byrds","floor":21.0,"turns":7.0},{"damage":9,"enemies":"Snake Plant","floor":22,"turns":4}],"seed_played":"1951329776617699542","potions_obtained":[{"floor":2.0,"key":"SteroidPotion"},{"floor":8.0,"key":"Strength Potion"},{"floor":12.0,"key":"Fire Potion"},{"floor":20.0,"key":"BlessingOfTheForge"},{"floor":21.0,"key":"SpeedPotion"}],"is_trial":false,"path_per_floor":["M","M","M","?","M","R","?","M","T","R","M","M","M","M","R","B",null,"M","$","M","M","M"],"character_chosen":"THE_SILENT","items_purchased":["Noxious Fumes"],"campfire_rested":1,"item_purchase_floors":[19],"current_hp_per_floor":[51,48,48,41,29,29,29,23,23,23,23,15,15,14,33,16,54,54,54,37,9,0,0],"gold":109,"neow_bonus":"TRANSFORM_TWO_CARDS","is_daily":false,"chose_seed":false,"campfire_upgraded":2,"win_rate":0.0,"timestamp":1612446646,"path_taken":["M","M","M","?","M","R","?","?","T","R","M","M","M","M","R","BOSS","M","$","M","M","M"],"items_purchased_type":["Card"],"build_version":"2020-12-22","purchased_purges":1,"victory":false,"max_hp_per_floor":[66,66,66,66,66,66,66,66,66,66,66,66,66,66,66,66,66,66,66,66,66,66,66],"card_choices":[{"not_picked":["Quick Slash","Setup"],"picked":"All Out Attack","floor":1.0},{"not_picked":["Poisoned Stab","Acrobatics","Distraction"],"picked":"SKIP","floor":2.0},{"not_picked":["Underhanded Strike","Sucker Punch"],"picked":"Heel Hook","floor":3.0},{"not_picked":["Finisher","Outmaneuver"],"picked":"Dagger Throw","floor":5.0},{"not_picked":["Dodge and Roll","Bane"],"picked":"Flechettes","floor":8.0},{"not_picked":["Cloak And Dagger","Underhanded Strike"],"picked":"Blade Dance","floor":11.0},{"not_picked":["Cloak And Dagger","Deflect"],"picked":"Adrenaline","floor":12.0},{"not_picked":["Acrobatics","PiercingWail"],"picked":"Footwork","floor":13.0},{"not_picked":["Poisoned Stab","Slice"],"picked":"Backflip","floor":14.0},{"not_picked":["Malaise","Burst"],"picked":"Wraith Form v2","floor":16.0},{"not_picked":["Riddle With Holes","Flechettes","All Out Attack"],"picked":"SKIP","floor":18.0},{"not_picked":["Skewer","Underhanded Strike"],"picked":"Catalyst","floor":20.0},{"not_picked":["Cloak And Dagger+1","Predator"],"picked":"Prepared+1","floor":21.0}],"player_experience":363589,"relics_obtained":[{"floor":9.0,"key":"Mummified Hand"}],"event_choices":[{"cards_removed":["Strike_G"],"damage_healed":0.0,"max_hp_gain":0.0,"max_hp_loss":0.0,"gold_gain":0.0,"event_name":"Golden Wing","player_choice":"Card Removal","floor":4.0,"gold_loss":0.0,"damage_taken":7.0},{"damage_healed":0.0,"max_hp_gain":0.0,"max_hp_loss":0.0,"gold_gain":0.0,"event_name":"Upgrade Shrine","player_choice":"Upgraded","floor":7.0,"gold_loss":0.0,"damage_taken":0.0,"cards_upgraded":["Neutralize"]}],"is_beta":false,"boss_relics":[{"not_picked":["Black Star","Cursed Key"],"picked":"Snecko Eye"}],"items_purged_floors":[19],"is_endless":false,"potions_floor_spawned":[2,8,11,12,13,20,21],"killed_by":"Snake Plant","ascension_level":20}}