{"host":"rmt60uil2jppa14k","time":1612472886,"event":{"mods":["AchievementEnabler","BaseMod","Minty Spire (QoL Compilation)","Quick Restart","StSLib"],"gold_per_floor":[115,17,29,29,29,57,57,9,9,26,51,51,66,66,66,161,161,172,185,113,28,28,28,28],"floor_reached":23,"language":"ENG","playtime":753,"items_purged":[],"score":223,"play_id":"42ecf57b-3421-4c3e-87aa-08199bba9c07","local_time":"20210204210806","is_ascension_mode":true,"campfire_choices":[{"data":"Genetic Algorithm","floor":12,"key":"SMITH"},{"floor":15,"key":"REST"}],"circlet_count":0,"master_deck":["Strike_B","Strike_B","Strike_B","Strike_B","Defend_B","Defend_B","Defend_B","Defend_B","Zap","Dualcast","Genetic Algorithm+1","Storm","Turbo","Conserve Battery","Hello World","Ball Lightning","Stack+1","Streamline","Seek+1","Redo+1","Leap+1","Loop","Writhe"],"relics":["Cracked Core","NeowsBlessing","Vajra","Toxic Egg 2","Bag of Marbles","Ancient Tea Set","Black Star","Strawberry","Tiny Chest"],"acts_visited":["Exordium","TheCity"],"potions_floor_usage":[16,16],"damage_taken":[{"damage":0,"enemies":"2 Louse","floor":1,"turns":1},{"damage":0,"enemies":"Cultist","floor":3,"turns":1},{"damage":0,"enemies":"Gremlin Nob","floor":6,"turns":1},{"damage":6,"enemies":"Jaw Worm","floor":10,"turns":3},{"damage":7,"enemies":"Blue Slaver","floor":13,"turns":3},{"damage":30,"enemies":"Slime Boss","floor":16,"turns":10},{"damage":24,"enemies":"2 Thieves","floor":18,"turns":4},{"damage":10,"enemies":"Spheric Guardian","floor":19,"turns":5},{"damage":60,"enemies":"Slavers","floor":23,"turns":4}],"seed_played":"-8293134308101844198","potions_obtained":[{"floor":3,"key":"PotionOfCapacity"},{"floor":6,"key":"DistilledChaos"}],"is_trial":false,"path_per_floor":["M","$","M","?","$","E","?","$","T","M","T","R","M","?","R","B",null,"M","M","$","?","?","E"],"character_chosen":"DEFECT","items_purchased":["Storm","Turbo","Ball Lightning","Loop"],"campfire_rested":1,"item_purchase_floors":[2,2,8,20],"current_hp_per_floor":[75,75,75,75,75,75,80,80,80,74,74,74,67,64,80,50,80,56,46,46,53,53,0,0],"gold":28,"neow_bonus":"THREE_ENEMY_KILL","is_daily":false,"chose_seed":false,"campfire_upgraded":1,"win_rate":0.0,"timestamp":1612472886,"path_taken":["M","$","M","?","?","E","?","$","T","M","?","R","?","?","R","BOSS","M","M","$","?","?","E"],"items_purchased_type":["Card","Card","Card","Card"],"build_version":"2020-12-22","purchased_purges":0,"victory":false,"max_hp_per_floor":[75,75,75,75,75,75,80,80,80,80,80,80,80,80,80,80,80,80,80,80,87,87,87,87],"card_choices":[{"not_picked":["Steam","Compile Driver"],"picked":"Genetic Algorithm","floor":1},{"not_picked":["Rip and Tear","Go for the Eyes"],"picked":"Conserve Battery","floor":3},{"not_picked":["Recycle","Go for the Eyes"],"picked":"Hello World","floor":6},{"not_picked":["Lockon","Hello World"],"picked":"Stack+1","floor":10},{"not_picked":["Compile Driver","Cold Snap"],"picked":"Streamline","floor":13},{"not_picked":["Meteor Strike","Hyperbeam"],"picked":"Seek+1","floor":16},{"not_picked":["Rebound+1","Undo+1"],"picked":"Redo+1","floor":18},{"not_picked":["Hologram+1","Sweeping Beam"],"picked":"Leap+1","floor":19}],"player_experience":133034,"relics_obtained":[{"floor":6,"key":"Vajra"},{"floor":9,"key":"Toxic Egg 2"},{"floor":11,"key":"Bag of Marbles"}],"event_choices":[{"damage_healed":0,"gold_gain":0,"player_choice":"Ignored","damage_taken":0,"max_hp_gain":0,"max_hp_loss":0,"event_name":"Purifier","floor":4,"gold_loss":0},{"damage_healed":0,"gold_gain":0,"player_choice":"Donut","damage_taken":0,"max_hp_gain":5,"max_hp_loss":0,"event_name":"Big Fish","floor":7,"gold_loss":0},{"damage_healed":0,"gold_gain":0,"player_choice":"Success","damage_taken":3,"relics_obtained":["Ancient Tea Set"],"max_hp_gain":0,"max_hp_loss":0,"event_name":"Scrap Ooze","floor":14,"gold_loss":0},{"damage_healed":0,"gold_gain":0,"player_choice":"Obtained Relic","damage_taken":0,"relics_obtained":["Strawberry"],"max_hp_gain":0,"max_hp_loss":0,"event_name":"Addict","floor":21,"gold_loss":85},{"damage_healed":0,"gold_gain":0,"player_choice":"Opened","damage_taken":0,"relics_obtained":["Tiny Chest"],"max_hp_gain":0,"max_hp_loss":0,"event_name":"The Mausoleum","floor":22,"gold_loss":0,"cards_obtained":["Writhe"]}],"is_beta":false,"boss_relics":[{"not_picked":["Coffee Dripper","Empty Cage"],"picked":"Black Star"}],"items_purged_floors":[],"is_endless":false,"potions_floor_spawned":[3,6],"killed_by":"Slavers","ascension_level":1}}