{"host":"aw4z6ztdqz1doup7","time":1612436293,"event":{"mods":["AchievementEnabler","BaseMod","Colored Powertips","Minty Spire (QoL Compilation)"],"gold_per_floor":[169,244,244,51,71,71,71,71,71,95,95,95,106,125,125,226,226,246,171,171,121,131,151,181,194,194,194,194,68,68,88,88,88,88],"floor_reached":33,"language":"ENG","playtime":1757,"items_purged":["Strike_P","Defend_P","Defend_P"],"score":253,"play_id":"2e17c45d-f560-4970-8eaa-3ffd3029c5de","local_time":"20210204115813","is_ascension_mode":false,"campfire_choices":[{"data":"WreathOfFlame","floor":8,"key":"SMITH"},{"data":"Eruption","floor":11,"key":"SMITH"},{"data":"Vigilance","floor":15,"key":"SMITH"},{"floor":28,"key":"REST"},{"data":"Devotion","floor":30,"key":"SMITH"},{"floor":32,"key":"REST"}],"circlet_count":0,"master_deck":["Strike_P","Defend_P+1","Defend_P","Eruption+1","Vigilance+1","FollowUp","Wallop+1","Devotion+1","WreathOfFlame+1","FlyingSleeves","FlurryOfBlows","Consecrate","FlurryOfBlows","Devotion","FlurryOfBlows+1","Halt+1","Tantrum"],"relics":["Tiny House","Smiling Mask","Odd Mushroom","Black Star","Mummified Hand","Orichalcum","PreservedInsect"],"acts_visited":["Exordium","TheCity"],"potions_floor_usage":[10,16,16,24,25],"damage_taken":[{"damage":0,"enemies":"2 Louse","floor":1,"turns":2},{"damage":3,"enemies":"Jaw Worm","floor":5,"turns":3},{"damage":3,"enemies":"The Mushroom Lair","floor":10,"turns":4},{"damage":1,"enemies":"Cultist","floor":13,"turns":3},{"damage":0,"enemies":"Exordium Thugs","floor":14,"turns":3},{"damage":40,"enemies":"The Guardian","floor":16,"turns":6},{"damage":19,"enemies":"3 Byrds","floor":18,"turns":5},{"damage":0,"enemies":"Chosen","floor":22,"turns":4},{"damage":13,"enemies":"Shelled Parasite and Fungi","floor":23,"turns":7},{"damage":38,"enemies":"Slavers","floor":24,"turns":6},{"damage":34,"enemies":"Snake Plant","floor":25,"turns":6},{"damage":6,"enemies":"3 Cultists","floor":31,"turns":3},{"damage":46,"enemies":"Automaton","floor":33,"turns":4}],"seed_played":"7791430819304059079","potions_obtained":[{"floor":0,"key":"DistilledChaos"},{"floor":5,"key":"DistilledChaos"},{"floor":13,"key":"FearPotion"},{"floor":14,"key":"Energy Potion"},{"floor":18,"key":"FairyPotion"},{"floor":24,"key":"Block Potion"}],"is_trial":false,"path_per_floor":["M","?","?","$","M","$","T","R","T","?","R","?","M","M","R","B",null,"M","?","?","$","M","M","E","M","T","?","R","$","R","M","R","B"],"character_chosen":"WATCHER","items_purchased":["WreathOfFlame","FlyingSleeves","Tantrum"],"campfire_rested":2,"item_purchase_floors":[4,4,29],"current_hp_per_floor":[77,66,66,66,63,63,63,63,63,60,60,60,59,59,59,19,77,58,58,58,58,58,45,7,4,4,4,27,27,27,21,44,0,0],"gold":88,"neow_bonus":"BOSS_RELIC","is_daily":false,"chose_seed":false,"campfire_upgraded":4,"win_rate":0.0,"timestamp":1612436293,"path_taken":["M","?","?","$","?","?","?","R","T","?","R","?","M","M","R","BOSS","M","?","?","$","M","M","E","?","T","?","R","$","R","M","R","BOSS"],"items_purchased_type":["Card","Card","Card"],"build_version":"2020-12-22","purchased_purges":3,"victory":false,"max_hp_per_floor":[77,77,77,77,77,77,77,77,77,77,77,77,77,77,77,77,77,77,77,77,77,77,77,77,77,77,77,77,77,77,77,77,77,77],"card_choices":[{"not_picked":["EmptyFist","Crescendo"],"picked":"FollowUp","floor":0},{"not_picked":["Sanctity","CrushJoints"],"picked":"Wallop","floor":1},{"not_picked":["Swivel","Crescendo"],"picked":"FlurryOfBlows","floor":5},{"not_picked":["SashWhip","CutThroughFate"],"picked":"Consecrate","floor":10},{"not_picked":["SashWhip","Consecrate","Blasphemy"],"picked":"SKIP","floor":13},{"not_picked":["SashWhip","PathToVictory"],"picked":"FlurryOfBlows","floor":14},{"not_picked":["Vault","Omniscience"],"picked":"Devotion","floor":16},{"not_picked":["FlyingSleeves","CutThroughFate"],"picked":"FlurryOfBlows+1","floor":18},{"not_picked":["ThirdEye+1","Consecrate"],"picked":"Halt+1","floor":22},{"not_picked":["WheelKick","SandsOfTime+1","CarveReality"],"picked":"SKIP","floor":23},{"not_picked":["Evaluate","ClearTheMind","ReachHeaven"],"picked":"SKIP","floor":24},{"not_picked":["CutThroughFate","SandsOfTime","LikeWater"],"picked":"SKIP","floor":25},{"not_picked":["CarveReality","FollowUp","Scrawl"],"picked":"SKIP","floor":31}],"player_experience":588402,"relics_obtained":[{"floor":9,"key":"Smiling Mask"},{"floor":10,"key":"Odd Mushroom"},{"floor":24,"key":"Mummified Hand"},{"floor":24,"key":"Orichalcum"},{"floor":26,"key":"PreservedInsect"}],"event_choices":[{"damage_healed":0,"gold_gain":75,"player_choice":"Gather Gold","damage_taken":11,"max_hp_gain":0,"max_hp_loss":0,"event_name":"World of Goop","floor":2,"gold_loss":0},{"damage_healed":0,"gold_gain":0,"cards_transformed":["Strike_P"],"player_choice":"Transformed","damage_taken":0,"max_hp_gain":0,"max_hp_loss":0,"event_name":"Transmorgrifier","floor":3,"gold_loss":0,"cards_obtained":["Devotion"]},{"damage_healed":0,"gold_gain":0,"player_choice":"Fought Mushrooms","damage_taken":0,"max_hp_gain":0,"max_hp_loss":0,"event_name":"Mushrooms","floor":10,"gold_loss":0},{"damage_healed":0,"gold_gain":0,"player_choice":"Upgraded","damage_taken":0,"max_hp_gain":0,"max_hp_loss":0,"event_name":"Upgrade Shrine","floor":12,"gold_loss":0,"cards_upgraded":["Wallop"]},{"cards_removed":["Strike_P"],"damage_healed":0,"gold_gain":0,"player_choice":"Gave Gold","damage_taken":0,"max_hp_gain":0,"max_hp_loss":0,"event_name":"Beggar","floor":19,"gold_loss":75},{"damage_healed":0,"gold_gain":0,"player_choice":"Ignored","damage_taken":0,"max_hp_gain":0,"max_hp_loss":0,"event_name":"Vampires","floor":20,"gold_loss":0},{"damage_healed":0,"gold_gain":0,"player_choice":"Ignored","damage_taken":0,"max_hp_gain":0,"max_hp_loss":0,"event_name":"Cursed Tome","floor":27,"gold_loss":0}],"is_beta":false,"boss_relics":[{"not_picked":["SacredBark","VioletLotus"],"picked":"Black Star"}],"items_purged_floors":[4,21,29],"is_endless":false,"potions_floor_spawned":[5,13,14,18,24],"killed_by":"Automaton","ascension_level":0}}