{"host":"ceheqh86fk4eo7wc","time":1612477556,"event":{"mods":["Aspiration","BaseMod","BetterRewards","Conspire","Downfall","Hermit","Hubris","Infinite Spire","Marisa????????","Minty Spire (QoL Compilation)","READ ME - Snecko Mod","Replay The Spire","StSLib","The Administrix","The Animator","The Cursed","The Poker Player","The Servant 0.9.4","slay the spire mod where everything is the same but ironclad has a cowboy hat"],"gold_per_floor":[114,214,11,22,36,56,56,67,92,92,105,105,118,43,43,140,140,157,168,168,168,182,182,195,230,254,254,254,254,266,281,281,281,281],"floor_reached":33,"language":"ENG","playtime":944,"items_purged":["Injury"],"score":241,"play_id":"a5beeb60-6c53-427d-8546-8c1d1c8b4c96","local_time":"20210204142556","is_ascension_mode":false,"campfire_choices":[{"data":"Clothesline","floor":10,"key":"SMITH"},{"data":"Flex","floor":12,"key":"SMITH"},{"data":"Heavy Blade","floor":15,"key":"SMITH"},{"floor":23,"key":"REST"},{"data":"Immolate","floor":27,"key":"SMITH"},{"data":"Wild Strike","floor":29,"key":"SMITH"},{"floor":32,"key":"REST"}],"circlet_count":0,"master_deck":["Strike_R","Strike_R","Strike_R","Strike_R","Strike_R","Defend_R","Defend_R","Defend_R","Defend_R","Bash","hubris:SharpeningStone","Flex","Clothesline+1","Flex+1","Sword Boomerang","Clash","Twin Strike","Heavy Blade+1","Immolate+1","Replay:Undeath\u0027s Touch","hubris:CleavingFinish","hubris:Lust","Uppercut","Wild Strike+1","Heavy Blade+1","Armaments+1","Intimidate+1"],"relics":["Burning Blood","aspiration:Nostalgia","Sizzling Blood","Nunchaku","Toxic Egg 2","Pen Nib","Velvet Choker","Centennial Puzzle","Red Mask","Toy Ornithopter","hubris:Icosahedron"],"acts_visited":["Exordium","TheCity"],"potions_floor_usage":[6,16,16,22,31,33,33],"damage_taken":[{"damage":11,"enemies":"Jaw Worm","floor":1,"turns":4},{"damage":10,"enemies":"Cultist","floor":4,"turns":4},{"damage":0,"enemies":"2 Louse","floor":5,"turns":2},{"damage":9,"enemies":"2 Fungi Beasts","floor":6,"turns":3},{"damage":19,"enemies":"3 Louse","floor":8,"turns":3},{"damage":4,"enemies":"Blue Slaver","floor":11,"turns":2},{"damage":9,"enemies":"Red Slaver","floor":13,"turns":3},{"damage":37,"enemies":"The Guardian","floor":16,"turns":7},{"damage":15,"enemies":"2 Thieves","floor":18,"turns":3},{"damage":18,"enemies":"3 Byrds","floor":19,"turns":4},{"damage":35,"enemies":"Cultist and Chosen","floor":22,"turns":6},{"damage":21,"enemies":"Snake Plant","floor":24,"turns":3},{"damage":9,"enemies":"Masked Bandits","floor":25,"turns":3},{"damage":26,"enemies":"Sentry and Sphere","floor":30,"turns":5},{"damage":23,"enemies":"Shelled Parasite and Fungi","floor":31,"turns":3},{"damage":72,"enemies":"Collector","floor":33,"turns":5}],"seed_played":"295811973170863019","potions_obtained":[{"floor":1,"key":"DistilledChaos"},{"floor":4,"key":"hexamod:SoulburnPotion"},{"floor":11,"key":"hexamod:SoulburnPotion"},{"floor":16,"key":"Energy Potion"},{"floor":19,"key":"ElixirPotion"},{"floor":30,"key":"Fire Potion"},{"floor":31,"key":"Toxic Potion"}],"is_trial":false,"path_per_floor":["M","?","$","M","M","M","?","M","T","R","M","R","M","$","R","B",null,"M","M","AVR","?","M","R","M","?","T","R","?","R","M","M","R","B"],"character_chosen":"IRONCLAD","items_purchased":["Flex","Nunchaku"],"campfire_rested":2,"item_purchase_floors":[3,3],"current_hp_per_floor":[83,83,83,83,84,84,84,75,75,75,81,81,82,82,82,55,84,79,71,71,71,46,71,60,61,61,61,61,61,45,37,62,0,0],"gold":281,"neow_bonus":"NOSTALGIA","is_daily":false,"chose_seed":false,"campfire_upgraded":5,"win_rate":0.0,"timestamp":1612477556,"path_taken":["M","?","$","M","?","M","?","M","T","R","M","R","M","$","R","BOSS","M","M","AVR","?","?","R","M","?","T","R","?","R","M","M","R","BOSS"],"items_purchased_type":["Card","Relic"],"build_version":"2020-12-22","purchased_purges":1,"victory":false,"max_hp_per_floor":[84,84,84,84,84,84,84,84,84,84,84,84,84,84,84,84,84,84,84,84,84,84,84,84,84,84,84,84,84,84,84,84,84,84],"card_choices":[{"not_picked":["Body Slam","Burning Pact"],"picked":"hubris:SharpeningStone","floor":1},{"not_picked":["Pummel","ReplayReversal"],"picked":"Clothesline","floor":4},{"not_picked":["Wild Strike","ReplayTheSpireMod:Strike From Hell"],"picked":"Flex","floor":5},{"not_picked":["Inflame","Evolve"],"picked":"Sword Boomerang","floor":6},{"not_picked":["Pommel Strike","Armaments+1"],"picked":"Clash","floor":8},{"not_picked":["Iron Wave","Dark Embrace"],"picked":"Twin Strike","floor":11},{"not_picked":["Armaments+1","Offering+1"],"picked":"Heavy Blade","floor":13},{"not_picked":["Offering+1","Bludgeon"],"picked":"Immolate","floor":16},{"not_picked":["Twin Strike+1","Power Through+1"],"picked":"Replay:Undeath\u0027s Touch","floor":18},{"not_picked":["Second Wind+1","Warcry+1"],"picked":"hubris:CleavingFinish","floor":19},{"not_picked":["Run Through","Reckless Charge"],"picked":"Uppercut","floor":22},{"not_picked":["Power Through+1","Heavy Blade"],"picked":"Wild Strike","floor":24},{"not_picked":["Run Through","True Grit+1"],"picked":"Heavy Blade+1","floor":25},{"not_picked":["ReplayTheSpireMod:Strike From Hell","True Grit+1"],"picked":"Armaments+1","floor":30},{"not_picked":["Rampage+1","Power Through+1"],"picked":"Intimidate+1","floor":31}],"player_experience":70860,"relics_obtained":[{"floor":9,"key":"Pen Nib"},{"floor":25,"key":"Red Mask"},{"floor":26,"key":"Toy Ornithopter"}],"event_choices":[{"damage_healed":0,"gold_gain":100,"player_choice":"Pray","damage_taken":0,"max_hp_gain":0,"max_hp_loss":0,"event_name":"Golden Shrine","floor":2,"gold_loss":0},{"damage_healed":0,"gold_gain":0,"player_choice":"Fought Bandits","damage_taken":0,"max_hp_gain":0,"max_hp_loss":0,"event_name":"Masked Bandits","floor":25,"gold_loss":0}],"is_beta":false,"boss_relics":[{"not_picked":["Replay:Bronze Core","hubris:CrackedHourglass"],"picked":"Velvet Choker"}],"items_purged_floors":[14],"is_endless":false,"potions_floor_spawned":[1,4,11,16,19,30,31],"killed_by":"Collector","ascension_level":0}}