{"host":"rlwsj8oje50c4na7","time":1612402883,"event":{"mods":["2.2 Compatiblity","Act Like it!","Arknights","Aspiration","BaseMod","Beaked The Cultist","Bestiary","Better Altar","Better Match","Better Note","Better Sensory Stone","Better Skull","Better Third Choice","Better Vampires","BetterRewards","Bossed Relics","Colored Map","Colored Powertips","Conspire","Defuse TimeMaze Blight","Energized Spire","Friendly Minions","Gensokyo","GifTheSpireLib","GungeonMod","Halation","Hallownest","Hermit","Highlight Path","Hubris","Infinite Spire","Ironclad Rager","Jedi Mod","JesterMod","Jorbs\u0027s Wanderer Trilogy","Mad Scientist","Minty Spire (QoL Compilation)","Pale of the Ancients","Quick Restart","Random Character Button","Relic Filter","Relic Stats","Reliquary","Reorder Act Four","Replay The Spire","Retaliation","Shade Mod","Shop Mod","Spicy Shops","StSLib","Stuff the Spire","The Administrix","The Blackbeard","The Bladedancer","The Blue Laboratory","The Bug Knight","The Clintock","The Construct","The Cursed","The Disciple","The Exalted","The Forsaken","The Hierophant","The IronCluck","The Judge","The Kombatant","The Marked","The Mystic","The Necromancer","The Runesmith","The Servant 0.9.4","TheSwordswoman","Waifu the Spire","everything is the same but u backflip on backflip","slay the spire mod where everything is the same but ironclad has a cowboy hat"],"gold_per_floor":[211,211,50,64,82,82,111,111,111,128,145,145,156,81,81,176,176,196,196,196,216,216,245,245,265,265,265,295,314,314,341,353,461,473,495,432,444,456,486,511,511],"floor_reached":40,"language":"ENG","playtime":22585,"items_purged":["Pain"],"score":499,"play_id":"94373ea3-25ed-469e-a351-9bab28c1228d","local_time":"20210204034123","is_ascension_mode":false,"campfire_choices":[{"data":"MadScienceMod:AutoStrike","floor":6.0,"key":"SMITH"},{"floor":12.0,"key":"RECALL"},{"data":"MadScienceMod:Strafe","floor":15.0,"key":"SMITH"},{"data":"MadScienceMod:FumeHood","floor":24.0,"key":"SMITH"},{"data":"MadScienceMod:Sprocket","floor":27.0,"key":"SMITH"},{"data":"MadScienceMod:Sprocket+1","floor":30.0,"key":"SMITH"},{"data":"MadScienceMod:ShrinkRay","floor":32.0,"key":"SMITH"}],"circlet_count":0,"master_deck":["MadScienceMod:Defend_MadScience","MadScienceMod:Defend_MadScience","MadScienceMod:Defend_MadScience","MadScienceMod:Defend_MadScience","MadScienceMod:PoweredStrike","MadScienceMod:HideBehindJunk","MadScienceMod:AutoStrike+1","MadScienceMod:RadioactiveSword","MadScienceMod:PowerArmor","MadScienceMod:Strafe+1","MadScienceMod:NowOrNever","MadScienceMod:Sprocket+2","MadScienceMod:FumeHood+1","MadScienceMod:SoftenUp","Bite","Bite","Bite","Bite","MadScienceMod:MechanicalClaw","MadScienceMod:ShrinkRay+1","MadScienceMod:MinatureWeapons+1","MadScienceMod:Generator","MadScienceMod:BandageBot+1","StuffTheSpire:FreeRealEstate+1","MadScienceMod:MakeOrBreak"],"relics":["MadScienceMod:FuelTank","Pet Ghost","WarpedTongs","ChewingGum","Dream Catcher","Smiling Mask","Gremlin Horn","infinitespire:Lucky Rock","MawBank","energizedSpire:OgreHead"],"acts_visited":["Exordium","TheCity","TheBeyond"],"potions_floor_usage":[],"damage_taken":[{"damage":5.0,"enemies":"2 Louse","floor":1.0,"turns":4.0},{"damage":0.0,"enemies":"Cultist","floor":4.0,"turns":3.0},{"damage":0.0,"enemies":"Jaw Worm","floor":5.0,"turns":3.0},{"damage":18.0,"enemies":"Gremlin Nob","floor":7.0,"turns":5.0},{"damage":3.0,"enemies":"Red Slaver","floor":10.0,"turns":4.0},{"damage":3.0,"enemies":"3 Louse","floor":11.0,"turns":4.0},{"damage":3.0,"enemies":"Blue Slaver","floor":13.0,"turns":4.0},{"damage":0.0,"enemies":"Hexaghost","floor":16.0,"turns":16.0},{"damage":0.0,"enemies":"conspire:FuzzyDice","floor":18.0,"turns":10.0},{"damage":1.0,"enemies":"3 Byrds","floor":21.0,"turns":8.0},{"damage":21.0,"enemies":"Slavers","floor":23.0,"turns":10.0},{"damage":10.0,"enemies":"Cultist and Chosen","floor":25.0,"turns":9.0},{"damage":5.0,"enemies":"HollowMod:Nosk","floor":28.0,"turns":10.0},{"damage":3.0,"enemies":"conspire:HollyBat","floor":29.0,"turns":8.0},{"damage":33.0,"enemies":"conspire:MysteriousRune","floor":33.0,"turns":14.0},{"damage":22.0,"enemies":"3 Darklings","floor":35.0,"turns":8.0},{"damage":0.0,"enemies":"3 Shapes","floor":39.0,"turns":5.0},{"damage":93,"enemies":"Giant Head","floor":40,"turns":10}],"seed_played":"-1996799600041422484","potions_obtained":[{"floor":1.0,"key":"SpeedPotion"},{"floor":5.0,"key":"Elixir"},{"floor":11.0,"key":"Swift Potion"},{"floor":21.0,"key":"blueLaboratory:StoneskinPotion"},{"floor":33.0,"key":"ColorlessPotion"},{"floor":35.0,"key":"blueLaboratory:PolymorphPotion"}],"is_trial":false,"path_per_floor":["M","?","$","M","M","R","E","?","T","M","M","R","M","$","R","B",null,"M","?","?","M","?","E","R","M","T","R","E","M","R","T","R_BF","B",null,"M","?","?","$","M","E"],"character_chosen":"MAD_SCIENTIST","items_purchased":["MadScienceMod:RadioactiveSword","MadScienceMod:PowerArmor"],"campfire_rested":0,"item_purchase_floors":[3,3],"current_hp_per_floor":[70,70,70,70,70,70,52,52,52,49,46,46,43,43,43,43,75,75,57,57,57,57,55,55,53,53,53,57,57,57,57,57,40,57,50,50,50,50,57,0,0],"gold":511,"neow_bonus":"HUNDRED_GOLD","is_daily":false,"chose_seed":false,"campfire_upgraded":6,"win_rate":0.0,"timestamp":1612402883,"path_taken":["M","?","$","?","M","R","E","?","T","M","M","R","M","$","R","BOSS","M","?","?","?","?","E","R","M","T","R","E","M","R","?","R_BF","BOSS","M","?","?","$","M","E"],"items_purchased_type":["Card","Card"],"build_version":"2020-12-22","purchased_purges":1,"victory":false,"max_hp_per_floor":[75,75,75,75,75,75,75,75,75,75,75,75,75,75,75,75,75,75,57,57,57,57,57,57,57,57,57,57,57,57,57,57,57,57,57,57,57,57,57,57,57],"relic_stats":{"Dream Catcher":0,"Gremlin Horn":[4,4],"counters":[18,135],"Smiling Mask":0,"MawBank":108,"obtain_stats":[{"MadScienceMod:FuelTank":0,"Dream Catcher":22,"Gremlin Horn":26,"ChewingGum":17,"DemoMod:GlassGuonStoneRelic":1,"energizedSpire:OgreHead":34,"infinitespire:Lucky Rock":28,"Smiling Mask":23,"MawBank":31,"Pet Ghost":7,"WarpedTongs":8},{"MadScienceMod:FuelTank":0,"Dream Catcher":10,"Gremlin Horn":12,"ChewingGum":8,"DemoMod:GlassGuonStoneRelic":1,"energizedSpire:OgreHead":15,"infinitespire:Lucky Rock":13,"Smiling Mask":11,"MawBank":14,"Pet Ghost":4,"WarpedTongs":4},{"MadScienceMod:FuelTank":0,"Dream Catcher":61,"Gremlin Horn":80,"ChewingGum":43,"DemoMod:GlassGuonStoneRelic":4,"energizedSpire:OgreHead":112,"infinitespire:Lucky Rock":90,"Smiling Mask":71,"MawBank":98,"Pet Ghost":15,"WarpedTongs":15}],"WarpedTongs":[120]},"card_choices":[{"not_picked":["MadScienceMod:Tune","MadScienceMod:MinatureWeapons"],"picked":"MadScienceMod:AutoStrike","floor":1.0},{"not_picked":["MadScienceMod:Tune","MadScienceMod:MechanicalClaw"],"picked":"MadScienceMod:Strafe","floor":4.0},{"not_picked":["MadScienceMod:JunkLaser","MadScienceMod:MindControlBeam"],"picked":"MadScienceMod:NowOrNever","floor":5.0},{"not_picked":["MadScienceMod:ParticleBeam","MadScienceMod:MindControlBeam","MadScienceMod:FragmentationGrenade"],"picked":"SKIP","floor":7.0},{"not_picked":["MadScienceMod:AcidSpray","MadScienceMod:EnergyBarrier"],"picked":"MadScienceMod:Sprocket","floor":10.0},{"not_picked":["MadScienceMod:CloneVats","MadScienceMod:Browse","MadScienceMod:Strafe"],"picked":"SKIP","floor":11.0},{"not_picked":["MadScienceMod:ShrinkRay","MadScienceMod:FumeBlast","MadScienceMod:Tune"],"picked":"SKIP","floor":13.0},{"not_picked":["MadScienceMod:LabAccident","MadScienceMod:Generator"],"picked":"MadScienceMod:FumeHood","floor":16.0},{"not_picked":["MadScienceMod:FragmentationGrenade","MadScienceMod:EnergyBarrier"],"picked":"MadScienceMod:SoftenUp","floor":18.0},{"not_picked":["MadScienceMod:OilDrum","MadScienceMod:ArtilleryShot"],"picked":"MadScienceMod:ShrinkRay","floor":21.0},{"not_picked":["MadScienceMod:OmniHammer+1","MadScienceMod:OilDrum","MadScienceMod:MechanicalClaw"],"picked":"SKIP","floor":23.0},{"not_picked":["MadScienceMod:Weaponize","MadScienceMod:AutoStrike"],"picked":"MadScienceMod:MinatureWeapons+1","floor":25.0},{"not_picked":["MadScienceMod:Refine","MadScienceMod:ImposingConstruct"],"picked":"MadScienceMod:Generator","floor":28.0},{"not_picked":["MadScienceMod:AutoStrike","MadScienceMod:Tune","MadScienceMod:RadioactiveSword"],"picked":"SKIP","floor":29.0},{"not_picked":["MadScienceMod:Tune","MadScienceMod:RadioactiveSword"],"picked":"MadScienceMod:BandageBot+1","floor":35.0},{"not_picked":["Replay:Parry+1","Panacea+1"],"picked":"StuffTheSpire:FreeRealEstate+1","floor":36.0},{"not_picked":["MadScienceMod:FumeBlast","MadScienceMod:Bombardment"],"picked":"MadScienceMod:MakeOrBreak","floor":39.0}],"player_experience":963044,"relics_obtained":[{"floor":7.0,"key":"Pet Ghost"},{"floor":23.0,"key":"Smiling Mask"},{"floor":26.0,"key":"Gremlin Horn"},{"floor":28.0,"key":"infinitespire:Lucky Rock"},{"floor":31.0,"key":"MawBank"}],"event_choices":[{"cards_removed":["MadScienceMod:AutoStrike"],"damage_healed":0.0,"max_hp_gain":0.0,"max_hp_loss":0.0,"gold_gain":0.0,"event_name":"betterNote:BetterNote","player_choice":"Give","floor":2.0,"gold_loss":0.0,"damage_taken":0.0,"cards_obtained":["Regret"]},{"damage_healed":0.0,"max_hp_gain":0.0,"max_hp_loss":0.0,"gold_gain":0.0,"event_name":"Accursed Blacksmith","player_choice":"Rummage","floor":8.0,"gold_loss":0.0,"damage_taken":0.0,"relics_obtained":["WarpedTongs"],"cards_obtained":["Pain"]},{"damage_healed":0.0,"max_hp_gain":0.0,"max_hp_loss":18.0,"gold_gain":0.0,"event_name":"Vampires","player_choice":"Became a vampire","floor":19.0,"gold_loss":0.0,"damage_taken":0.0,"cards_obtained":["Bite","Bite","Bite","Bite"]},{"damage_healed":0.0,"max_hp_gain":0.0,"max_hp_loss":0.0,"gold_gain":0.0,"event_name":"The Library","player_choice":"Read","floor":20.0,"gold_loss":0.0,"damage_taken":0.0,"cards_obtained":["MadScienceMod:MechanicalClaw"]},{"damage_healed":0.0,"max_hp_gain":0.0,"max_hp_loss":0.0,"gold_gain":0.0,"event_name":"betterMatch:BetterMatch","player_choice":"2","floor":36.0,"gold_loss":0.0,"damage_taken":0.0,"cards_obtained":["betterMatch:ColorlessUncommonCard"]}],"is_beta":false,"boss_relics":[{"not_picked":["hubris:RunicObelisk","hubris:ScarierMask"],"picked":"ChewingGum"},{"not_picked":["energizedSpire:DeadBattery","Replay:Wanted Poster"],"picked":"energizedSpire:OgreHead"}],"items_purged_floors":[14],"is_endless":false,"potions_floor_spawned":[1,5,11,21,33,35],"killed_by":"Giant Head","ascension_level":0}}