{"host":"2qstd83ou5jzlfqv","time":1612434827,"event":{"mods":["BaseMod","Colored Powertips","Minty Spire (QoL Compilation)","Relic Stats"],"gold_per_floor":[117,133,133,153,170,200,200,218,218,247,322,322,322,337,337,436,436,455,455,471,233,250,250,250,250,250,278,294,244,244,244,244,341,341,355,370,384,384,399,399,399],"floor_reached":40,"language":"ENG","playtime":1731,"items_purged":["Strike_R","Strike_R"],"score":694,"play_id":"3f6929d9-104b-416d-a265-c753963c7e7b","local_time":"20210204023347","is_ascension_mode":true,"campfire_choices":[{"data":"Bludgeon","floor":7,"key":"SMITH"},{"floor":12,"key":"REST"},{"data":"Clothesline","floor":15,"key":"SMITH"},{"floor":23,"key":"REST"},{"floor":25,"key":"REST"},{"data":"Power Through","floor":32,"key":"SMITH"}],"circlet_count":0,"master_deck":["AscendersBane","Strike_R","Defend_R","Defend_R","Defend_R","Defend_R","Bash","Impervious","Wild Strike","Pommel Strike","Sword Boomerang","Bludgeon+1","Cleave","Clothesline+1","Reaper","CurseOfTheBell","Seeing Red","RitualDagger","Dark Embrace+1","Combust+1","Power Through+1","Necronomicurse","Inflame+1","J.A.X.","Brutality+1","Shrug It Off+1","Flame Barrier+1","Fiend Fire"],"relics":["Burning Blood","Frozen Egg 2","Pantograph","Blue Candle","Calling Bell","Smiling Mask","Self Forming Clay","CaptainsWheel","Sling","Necronomicon","Paper Frog","Pear","Snecko Eye"],"acts_visited":["Exordium","TheCity","TheBeyond"],"potions_floor_usage":[4,33,36,37,40],"damage_taken":[{"damage":11,"enemies":"Cultist","floor":1,"turns":4},{"damage":0,"enemies":"Small Slimes","floor":2,"turns":4},{"damage":2,"enemies":"Jaw Worm","floor":4,"turns":3},{"damage":0,"enemies":"Large Slime","floor":5,"turns":5},{"damage":24,"enemies":"Gremlin Nob","floor":6,"turns":4},{"damage":6,"enemies":"3 Louse","floor":8,"turns":4},{"damage":35,"enemies":"Lagavulin","floor":10,"turns":6},{"damage":0,"enemies":"2 Fungi Beasts","floor":14,"turns":5},{"damage":54,"enemies":"The Guardian","floor":16,"turns":12},{"damage":2,"enemies":"Spheric Guardian","floor":18,"turns":4},{"damage":24,"enemies":"Shell Parasite","floor":20,"turns":7},{"damage":38,"enemies":"Snecko","floor":22,"turns":5},{"damage":23,"enemies":"Book of Stabbing","floor":27,"turns":4},{"damage":0,"enemies":"Snake Plant","floor":28,"turns":1},{"damage":25,"enemies":"Champ","floor":33,"turns":8},{"damage":23,"enemies":"Orb Walker","floor":35,"turns":4},{"damage":48,"enemies":"3 Shapes","floor":36,"turns":6},{"damage":41,"enemies":"Spire Growth","floor":37,"turns":7},{"damage":12,"enemies":"Transient","floor":39,"turns":5},{"damage":50,"enemies":"Nemesis","floor":40,"turns":6}],"seed_played":"4928927718981381068","potions_obtained":[{"floor":2,"key":"DistilledChaos"},{"floor":4,"key":"Ancient Potion"},{"floor":8,"key":"CultistPotion"},{"floor":10,"key":"Dexterity Potion"},{"floor":33,"key":"Fruit Juice"},{"floor":36,"key":"SteroidPotion"}],"is_trial":false,"path_per_floor":["M","M","?","M","M","E","R","M","T","E","?","R","?","M","R","B",null,"M","?","M","$","M","R","?","R","T","E","M","$","?","?","R","B",null,"M","M","M","?","M","E"],"character_chosen":"IRONCLAD","items_purchased":["Combust+1","Sling"],"campfire_rested":3,"item_purchase_floors":[21,21],"current_hp_per_floor":[67,73,73,77,80,62,62,62,62,33,22,46,46,60,60,32,68,72,66,48,48,22,46,30,54,54,47,53,53,53,100,100,94,99,82,69,38,38,32,0,0],"gold":399,"neow_bonus":"ONE_RANDOM_RARE_CARD","is_daily":false,"chose_seed":false,"campfire_upgraded":3,"win_rate":0.0,"timestamp":1612434827,"path_taken":["M","M","?","M","M","E","R","?","T","E","?","R","?","M","R","BOSS","M","?","M","$","M","R","?","R","T","E","M","$","?","?","R","BOSS","M","M","?","?","M","E"],"items_purchased_type":["Card","Relic"],"build_version":"2020-12-22","purchased_purges":2,"victory":false,"max_hp_per_floor":[80,80,80,80,80,80,80,80,80,80,80,80,80,80,80,80,80,80,80,80,80,80,80,80,80,80,90,90,90,90,100,100,100,100,100,105,105,105,105,105,105],"relic_stats":{"counters":[20,104],"Self Forming Clay":[192],"Pantograph":20,"Blue Candle":[18],"Snecko Eye":[37,51,44,60],"Necronomicon":[14],"Smiling Mask":75,"obtain_stats":[{"Pear":27,"Self Forming Clay":17,"Blue Candle":10,"Frozen Egg 2":6,"Smiling Mask":17,"Sling":21,"Burning Blood":0,"Calling Bell":17,"CaptainsWheel":17,"Pantograph":9,"Snecko Eye":34,"Necronomicon":24,"Paper Frog":26},{"Pear":13,"Self Forming Clay":9,"Blue Candle":7,"Frozen Egg 2":5,"Smiling Mask":9,"Sling":11,"Burning Blood":0,"Calling Bell":9,"CaptainsWheel":9,"Pantograph":6,"Snecko Eye":15,"Necronomicon":12,"Paper Frog":12},{"Pear":67,"Self Forming Clay":47,"Blue Candle":30,"Frozen Egg 2":20,"Smiling Mask":47,"Sling":58,"Burning Blood":0,"Calling Bell":47,"CaptainsWheel":47,"Pantograph":24,"Snecko Eye":76,"Necronomicon":63,"Paper Frog":63}],"Burning Blood":111},"card_choices":[{"not_picked":["Clash","True Grit"],"picked":"Wild Strike","floor":1},{"not_picked":["Body Slam","Armaments"],"picked":"Pommel Strike","floor":2},{"not_picked":["Iron Wave","Battle Trance"],"picked":"Sword Boomerang","floor":4},{"not_picked":["Pommel Strike","Perfected Strike"],"picked":"Bludgeon","floor":5},{"not_picked":["Uppercut","Power Through"],"picked":"Cleave","floor":6},{"not_picked":["Clash","True Grit"],"picked":"Clothesline","floor":8},{"not_picked":["Flex","Battle Trance"],"picked":"Reaper","floor":10},{"not_picked":["Iron Wave","Cleave","Hemokinesis"],"picked":"SKIP","floor":14},{"not_picked":["Bludgeon","Exhume"],"picked":"Double Tap","floor":16},{"not_picked":["Pommel Strike","Sever Soul"],"picked":"Seeing Red","floor":18},{"not_picked":["Twin Strike","Rage"],"picked":"Dark Embrace+1","floor":20},{"not_picked":["Thunderclap","Perfected Strike"],"picked":"Power Through","floor":22},{"not_picked":["Anger","Wild Strike"],"picked":"Inflame+1","floor":27},{"not_picked":["Clothesline","Infernal Blade","Spot Weakness+1"],"picked":"SKIP","floor":28},{"not_picked":["Offering","Exhume"],"picked":"Brutality+1","floor":33},{"not_picked":["Armaments+1","Body Slam+1"],"picked":"Shrug It Off+1","floor":35},{"not_picked":["Heavy Blade","Pommel Strike"],"picked":"Flame Barrier+1","floor":36},{"not_picked":["True Grit","Warcry","Wild Strike"],"picked":"SKIP","floor":37},{"not_picked":["Anger","Twin Strike"],"picked":"Fiend Fire","floor":39}],"player_experience":419418,"relics_obtained":[{"floor":6,"key":"Frozen Egg 2"},{"floor":9,"key":"Pantograph"},{"floor":10,"key":"Blue Candle"},{"floor":17,"key":"Smiling Mask"},{"floor":17,"key":"Self Forming Clay"},{"floor":17,"key":"CaptainsWheel"},{"floor":24,"key":"Necronomicon"},{"floor":26,"key":"Paper Frog"},{"floor":27,"key":"Pear"}],"event_choices":[{"cards_removed":["Strike_R"],"damage_healed":0,"gold_gain":0,"player_choice":"Purged","damage_taken":0,"max_hp_gain":0,"max_hp_loss":0,"event_name":"Purifier","floor":3,"gold_loss":0},{"damage_healed":0,"gold_gain":75,"player_choice":"Gather Gold","damage_taken":11,"max_hp_gain":0,"max_hp_loss":0,"event_name":"World of Goop","floor":11,"gold_loss":0},{"cards_removed":["Strike_R"],"damage_healed":0,"gold_gain":0,"player_choice":"Forget","damage_taken":0,"max_hp_gain":0,"max_hp_loss":0,"event_name":"Living Wall","floor":13,"gold_loss":0},{"damage_healed":0,"gold_gain":0,"player_choice":"Joined the Cult","damage_taken":6,"max_hp_gain":0,"max_hp_loss":0,"event_name":"Nest","floor":19,"gold_loss":0,"cards_obtained":["RitualDagger"]},{"damage_healed":0,"gold_gain":0,"player_choice":"Obtained Book","damage_taken":16,"max_hp_gain":0,"max_hp_loss":0,"event_name":"Cursed Tome","floor":24,"gold_loss":0},{"damage_healed":0,"gold_gain":0,"player_choice":"Obtain J.A.X.","damage_taken":0,"max_hp_gain":0,"max_hp_loss":0,"event_name":"Drug Dealer","floor":30,"gold_loss":0,"cards_obtained":["J.A.X."]},{"cards_removed":["Double Tap"],"damage_healed":37,"gold_gain":0,"player_choice":"Offered Rare","damage_taken":0,"max_hp_gain":10,"max_hp_loss":0,"event_name":"Bonfire Elementals","floor":31,"gold_loss":0},{"damage_healed":0,"gold_gain":0,"player_choice":"Ignored","damage_taken":0,"max_hp_gain":0,"max_hp_loss":0,"event_name":"Tomb of Lord Red Mask","floor":38,"gold_loss":0}],"is_beta":false,"boss_relics":[{"not_picked":["Black Star","Astrolabe"],"picked":"Calling Bell"},{"not_picked":["SacredBark","Tiny House"],"picked":"Snecko Eye"}],"items_purged_floors":[21,29],"is_endless":false,"potions_floor_spawned":[2,4,8,10,16,27,28,33,36],"killed_by":"Nemesis","ascension_level":12}}