{"host":"aapp7ew3jk5k1bvd","time":1612434123,"event":{"mods":["AchievementEnabler","BaseMod","Colored Map","Minty Spire (QoL Compilation)","Permanent Neow","StSLib","SuperFastMode"],"gold_per_floor":[116,134,151,171,29,62,62,89,135,148,148,164,184,199,199,274,274,289,301,111,111,124,124,124,124],"floor_reached":24,"language":"KOR","playtime":874,"items_purged":["Strike_B","Defend_B"],"score":371,"play_id":"900aa7be-5dc0-4b22-befb-e24d9537c8b0","local_time":"20210204192203","is_ascension_mode":true,"campfire_choices":[{"floor":7,"key":"REST"},{"data":"Zap","floor":15,"key":"SMITH"},{"floor":23,"key":"REST"}],"circlet_count":0,"master_deck":["AscendersBane","Defend_B","Defend_B","Defend_B","Zap+1","Dualcast","Scrape","Gash","Scrape","Conserve Battery","FTL","Glacier","BootSequence","FTL","All For One","Deep Breath"],"relics":["Cracked Core","Kunai","Pantograph","Regal Pillow","Empty Cage"],"acts_visited":["Exordium","TheCity"],"potions_floor_usage":[4,24],"damage_taken":[{"damage":0,"enemies":"Cultist","floor":1,"turns":4},{"damage":0,"enemies":"Small Slimes","floor":2,"turns":3},{"damage":9,"enemies":"2 Louse","floor":3,"turns":2},{"damage":8,"enemies":"Blue Slaver","floor":4,"turns":3},{"damage":18,"enemies":"Lagavulin","floor":6,"turns":7},{"damage":6,"enemies":"Gremlin Nob","floor":8,"turns":5},{"damage":5,"enemies":"2 Fungi Beasts","floor":10,"turns":3},{"damage":13,"enemies":"Exordium Thugs","floor":12,"turns":6},{"damage":1,"enemies":"Large Slime","floor":13,"turns":6},{"damage":0,"enemies":"2 Fungi Beasts","floor":14,"turns":3},{"damage":27,"enemies":"Slime Boss","floor":16,"turns":11},{"damage":1,"enemies":"Chosen","floor":18,"turns":4},{"damage":2,"enemies":"Spheric Guardian","floor":19,"turns":4},{"damage":0,"enemies":"Centurion and Healer","floor":22,"turns":5},{"damage":78,"enemies":"Slavers","floor":24,"turns":7}],"seed_played":"-9055856610609395660","potions_obtained":[{"floor":3,"key":"DistilledChaos"},{"floor":4,"key":"Block Potion"},{"floor":6,"key":"Dexterity Potion"}],"is_trial":false,"path_per_floor":["M","M","M","M","$","E","R","E","T","M","?","M","M","M","R","B",null,"M","M","$","?","M","R","E"],"character_chosen":"DEFECT","items_purchased":["FTL","Deep Breath"],"campfire_rested":2,"item_purchase_floors":[5,20],"current_hp_per_floor":[64,64,55,47,47,29,50,44,44,39,39,26,25,25,25,23,59,58,56,56,36,36,73,0,0],"gold":124,"neow_bonus":"REMOVE_CARD","is_daily":false,"chose_seed":false,"campfire_upgraded":1,"win_rate":0.0,"timestamp":1612434123,"path_taken":["M","M","M","M","$","E","R","E","T","?","?","M","M","M","R","BOSS","M","M","$","?","M","R","E"],"items_purchased_type":["Card","Card"],"build_version":"2020-12-22","purchased_purges":2,"victory":false,"max_hp_per_floor":[71,71,71,71,71,71,71,71,71,71,71,71,71,71,71,71,71,71,71,71,76,76,76,76,76],"card_choices":[{"not_picked":["Turbo","Double Energy"],"picked":"Scrape","floor":1},{"not_picked":["Double Energy","Chaos"],"picked":"Gash","floor":2},{"not_picked":["Redo","Rebound"],"picked":"Scrape","floor":3},{"not_picked":["Force Field","Compile Driver"],"picked":"Conserve Battery","floor":4},{"not_picked":["Rip and Tear","Steam"],"picked":"Glacier","floor":6},{"not_picked":["Rip and Tear","Steam Power"],"picked":"BootSequence","floor":8},{"not_picked":["Redo","Stack","Compile Driver"],"picked":"SKIP","floor":10},{"not_picked":["Loop","Compile Driver","White Noise"],"picked":"SKIP","floor":12},{"not_picked":["Tempest","Creative AI","Sweeping Beam"],"picked":"SKIP","floor":13},{"not_picked":["Coolheaded","Conserve Battery"],"picked":"FTL","floor":14},{"not_picked":["Thunder Strike","Creative AI"],"picked":"All For One","floor":16},{"not_picked":["Leap+1","Fusion","Storm"],"picked":"SKIP","floor":18},{"not_picked":["Stack","Sweeping Beam","Coolheaded"],"picked":"SKIP","floor":19},{"not_picked":["Compile Driver","Hologram","Sweeping Beam"],"picked":"SKIP","floor":22}],"player_experience":1310036,"relics_obtained":[{"floor":6,"key":"Kunai"},{"floor":8,"key":"Pantograph"},{"floor":9,"key":"Regal Pillow"}],"event_choices":[{"damage_healed":0,"gold_gain":0,"player_choice":"Ignored","damage_taken":0,"max_hp_gain":0,"max_hp_loss":0,"event_name":"Shining Light","floor":11,"gold_loss":0},{"damage_healed":0,"gold_gain":0,"player_choice":"Shed Blood","damage_taken":25,"max_hp_gain":5,"max_hp_loss":0,"event_name":"Forgotten Altar","floor":21,"gold_loss":0}],"is_beta":false,"boss_relics":[{"not_picked":["Ectoplasm","Nuclear Battery"],"picked":"Empty Cage"}],"items_purged_floors":[5,20],"is_endless":false,"potions_floor_spawned":[3,4,6,8,16,22],"killed_by":"Slavers","ascension_level":15}}