{"host":"y0avvqzsetgmdwfn","time":1612413937,"event":{"mods":["AchievementEnabler","BaseMod","Better Third Choice","Downfall","Minty Spire (QoL Compilation)","Red Circlet Mod","Replay The Spire","Spicy Shops","StSLib"],"gold_per_floor":[99,99,99,99,99,15,42,27,56,74,74,124,136,168,198,310,322,334,365,395,31,45,70,70,70,70,70],"floor_reached":25,"language":"ENG","playtime":1665,"items_purged":[],"score":278,"play_id":"2a2606d5-3478-424e-954d-1e36725bb00d","local_time":"20210204124537","is_ascension_mode":true,"campfire_choices":[{"data":"Guardian:CurlUp","floor":1,"key":"SMITH"},{"data":"Guardian:DecasProtection","floor":13,"key":"SMITH"},{"data":"Guardian:GemFinder","floor":18,"key":"SMITH"}],"circlet_count":0,"master_deck":["Guardian:Strike_Guardian","Guardian:Strike_Guardian","Guardian:Strike_Guardian","Guardian:Strike_Guardian","Guardian:Defend_Guardian","Guardian:Defend_Guardian","Guardian:Defend_Guardian","Guardian:Defend_Guardian","Guardian:CurlUp+1","Guardian:TwinSlam","Guardian:DecasProtection+1","Guardian:Recover","Guardian:ShieldCharger","Guardian:Planning","Guardian:Clone","Regret","Languid","Guardian:SpikerProtocol","Guardian:TemporalStrike","Languid","Guardian:GemFinder+1","Guardian:Gem_Red","Guardian:Suspension","Clumsy","Guardian:Gem_Green","Guardian:FastForward","Guardian:GuardianWhirl","Guardian:BronzeOrb","expansioncontent:AwakenDeath","Guardian:Gem_Lightblue","Guardian:TimeCapacitor+1","Guardian:ShieldCharger","Guardian:Gem_Green"],"relics":["Guardian:ModeShifter","downfall:HeartsMalice","Shuriken","Pen Nib","Pantograph","Replay:Kaleidoscope","Blood Vial","Happy Flower","Replay:Mystery Machine","Ring of Panic","Ring of Greed","MawBank","The Courier","SacredBark","Durian","StrikeDummy","Smiling Mask"],"acts_visited":["Exordium","TheCity"],"potions_floor_usage":[16,22,23],"damage_taken":[{"damage":0,"enemies":"Cultist","floor":2,"turns":1},{"damage":0,"enemies":"Jaw Worm","floor":5,"turns":1},{"damage":0,"enemies":"downfall:FleeingMerchant","floor":6,"turns":1},{"damage":5,"enemies":"downfall:FleeingMerchant","floor":8,"turns":4},{"damage":0,"enemies":"Lagavulin","floor":9,"turns":8},{"damage":8,"enemies":"Small Slimes","floor":10,"turns":4},{"damage":14,"enemies":"2 Fungi Beasts","floor":14,"turns":6},{"damage":12,"enemies":"3 Louse","floor":15,"turns":4},{"damage":23,"enemies":"WA_ARCHETYPE_RETAIN","floor":16,"turns":7},{"damage":11,"enemies":"Shell Parasite","floor":19,"turns":6},{"damage":23,"enemies":"Chosen","floor":20,"turns":8},{"damage":4,"enemies":"downfall:FleeingMerchant","floor":21,"turns":4},{"damage":10,"enemies":"Snake Plant","floor":22,"turns":5},{"damage":56,"enemies":"Slavers","floor":23,"turns":16},{"damage":57,"enemies":"Book of Stabbing","floor":25,"turns":7}],"seed_played":"8077110068175200256","potions_obtained":[{"floor":10,"key":"SteroidPotion"},{"floor":15,"key":"Strength Potion"},{"floor":16,"key":"CultistPotion"},{"floor":22,"key":"Dexterity Potion"},{"floor":23,"key":"Block Potion"}],"is_trial":false,"path_per_floor":["R","M","T","?","M","$","T","$","E","M","?","?","R","M","M","B",null,"R","M","M","$","M","E","T","E"],"character_chosen":"GUARDIAN","items_purchased":["Replay:Kaleidoscope","Durian","Guardian:BronzeOrb","expansioncontent:AwakenDeath"],"campfire_rested":0,"item_purchase_floors":[6,21,21,21],"current_hp_per_floor":[80,80,80,57,57,57,57,54,56,50,50,50,50,38,28,32,80,80,69,48,51,43,33,33,0,0,0],"gold":70,"neow_bonus":"THREE_ENEMY_KILL","is_daily":false,"chose_seed":false,"campfire_upgraded":3,"win_rate":0.0,"timestamp":1612413937,"path_taken":["R","M","?","?","?","$","T","?","E","M","?","?","R","M","M","BOSS","R","M","M","$","M","E","T","E"],"items_purchased_type":["Relic","Relic","Card","Card"],"build_version":"2020-12-22","purchased_purges":0,"victory":false,"max_hp_per_floor":[80,80,80,80,80,80,80,80,80,80,80,80,80,80,80,80,80,80,80,80,85,85,85,85,85,85,85],"card_choices":[{"not_picked":["Guardian:TemporalShield","Guardian:Recover"],"picked":"Guardian:DecasProtection","floor":2},{"not_picked":["Guardian:Clone","Guardian:Gem_Cyan"],"picked":"Guardian:Recover","floor":5},{"not_picked":["Guardian:TemporalShield","Guardian:Suspension"],"picked":"Guardian:ShieldCharger","floor":6},{"not_picked":["Guardian:EvasiveProtocol","Guardian:Harden"],"picked":"Guardian:Gem_Red","floor":8},{"not_picked":["Guardian:CrystalBeam","Guardian:PrismaticBeam"],"picked":"Guardian:Planning","floor":9},{"not_picked":["Guardian:DecasProtection","Guardian:Suspension"],"picked":"Guardian:Clone","floor":10},{"not_picked":["Guardian:FloatingOrbs","Guardian:Gem_Lightblue"],"picked":"Guardian:SpikerProtocol","floor":14},{"not_picked":["Guardian:PrismaticBeam","Guardian:ShieldCharger"],"picked":"Guardian:TemporalStrike","floor":15},{"not_picked":["Guardian:FierceBash","Guardian:CompilePackage"],"picked":"Guardian:GemFinder","floor":16},{"not_picked":["Guardian:Gem_Green","Guardian:Gem_Lightblue"],"picked":"Guardian:Gem_Red","floor":19},{"not_picked":["Guardian:Gem_Cyan","Guardian:CrystalBeam+1"],"picked":"Guardian:Suspension","floor":19},{"not_picked":["Guardian:Gem_Cyan","Guardian:Gem_Lightblue"],"picked":"Guardian:Gem_Green","floor":20},{"not_picked":["Guardian:ShieldSpikes","Guardian:Gem_Red"],"picked":"Guardian:FastForward","floor":20},{"not_picked":["Guardian:Gem_Lightblue","Guardian:Reroute"],"picked":"Guardian:GuardianWhirl","floor":21},{"not_picked":["Guardian:Gem_Green","Guardian:Gem_Cyan"],"picked":"Guardian:Gem_Lightblue","floor":22},{"not_picked":["Guardian:Gem_Green","Guardian:Preprogram"],"picked":"Guardian:TimeCapacitor+1","floor":22},{"not_picked":["Guardian:Suspension","Guardian:Planning"],"picked":"Guardian:ShieldCharger","floor":23},{"not_picked":["Guardian:Gem_Red","Guardian:Gem_Cyan"],"picked":"Guardian:Gem_Green","floor":23}],"player_experience":2059749,"relics_obtained":[{"floor":3,"key":"Shuriken"},{"floor":7,"key":"Blood Vial"},{"floor":9,"key":"Happy Flower"},{"floor":12,"key":"Ring of Panic"},{"floor":12,"key":"Ring of Greed"},{"floor":12,"key":"MawBank"},{"floor":12,"key":"The Courier"},{"floor":23,"key":"StrikeDummy"},{"floor":24,"key":"Smiling Mask"}],"event_choices":[{"damage_healed":0,"gold_gain":1,"player_choice":"Relic Relic ","damage_taken":23,"max_hp_gain":0,"max_hp_loss":0,"event_name":"betterThird:BetterScrap","floor":4,"gold_loss":0,"cards_obtained":["Battle Trance"]},{"damage_healed":0,"gold_gain":0,"player_choice":"Box","damage_taken":0,"relics_obtained":["Replay:Mystery Machine"],"max_hp_gain":0,"max_hp_loss":0,"event_name":"Big Fish","floor":11,"gold_loss":0,"cards_obtained":["Regret"]}],"is_beta":false,"boss_relics":[{"not_picked":["bronze:MakeshiftBattery","ChewingGum"],"picked":"SacredBark"}],"items_purged_floors":[],"is_endless":false,"potions_floor_spawned":[10,15,16,22,23],"killed_by":"Book of Stabbing","ascension_level":3}}