{"host":"8xxi48hr83j84sne","time":1612467833,"event":{"mods":["BaseMod","Marisa£®ÏF”Í°°ƒß¿Ì…≥£©","Minty Spire (QoL Compilation)","Remilia£®¿Ÿ√◊¿Ú—«£©","StSLib","The Animator","The Servant 0.9.4","WarShipGirlsR/’ΩΩ¢…Ÿ≈ÆR mod","Youmu£®ªÍ∆«—˝√Œ£©"],"gold_per_floor":[110,110,185,204,28,61,74,74,74,74,93,105,123,149,149,246,246,259,169,15,33,45,78,78,78,128,141,153,180,5,5,5,108,108,128,142,142,156,171,206,217,248,275,275,73,86,86,104,104,104,104],"floor_reached":50,"language":"ZHT","playtime":3172,"items_purged":["Strike_MRS","BinaryStars","ChargeUpSpray"],"score":631,"play_id":"82c7c403-5c35-4330-b824-8ff0855af725","local_time":"20210205034353","is_ascension_mode":false,"campfire_choices":[{"data":"PulseMagic","floor":8,"key":"SMITH"},{"data":"MilkyWay","floor":15,"key":"SMITH"},{"data":"MillisecondPulsars","floor":24,"key":"SMITH"},{"floor":32,"key":"REST"},{"floor":47,"key":"REST"},{"data":"EventHorizon","floor":49,"key":"SMITH"}],"circlet_count":0,"master_deck":["Strike_MRS","Defend_MRS","Defend_MRS+1","Defend_MRS","Defend_MRS","MasterSpark","UpSweep+1","PulseMagic+1","AsteroidBelt","Flash of Steel","FairyDestructionRay","StarDustReverie","MilkyWay+1","MachineGunSpark","StarBarrage","EventHorizon+1","Acceleration","MillisecondPulsars+1","LuminesStrike+1","SprinkleStarSeal","GrandCross+1","Orbital","SporeBomb","MilkyWay","Acceleration","UnstableBomb+1","GalacticHalo+1","PowerUp","IllusionStar"],"relics":["MiniHakkero","NeowsBlessing","Pear","Blood Vial","Happy Flower","Sozu","Vajra","Regal Pillow","Peace Pipe","Busted Crown","Prayer Wheel","Du-Vu Doll","Bag of Preparation"],"acts_visited":["Exordium","TheCity","TheBeyond"],"potions_floor_usage":[14,14,16,18,21],"damage_taken":[{"damage":0,"enemies":"Small Slimes","floor":1,"turns":1},{"damage":0,"enemies":"Cultist","floor":4,"turns":1},{"damage":0,"enemies":"3 Sentries","floor":6,"turns":1},{"damage":0,"enemies":"2 Louse","floor":7,"turns":2},{"damage":0,"enemies":"Exordium Thugs","floor":11,"turns":4},{"damage":5,"enemies":"Lots of Slimes","floor":12,"turns":2},{"damage":10,"enemies":"Exordium Wildlife","floor":13,"turns":2},{"damage":5,"enemies":"Gremlin Nob","floor":14,"turns":3},{"damage":22,"enemies":"Slime Boss","floor":16,"turns":4},{"damage":7,"enemies":"Shell Parasite","floor":18,"turns":4},{"damage":11,"enemies":"3 Byrds","floor":21,"turns":5},{"damage":5,"enemies":"3 Cultists","floor":22,"turns":4},{"damage":5,"enemies":"Book of Stabbing","floor":23,"turns":4},{"damage":0,"enemies":"Sentry and Sphere","floor":27,"turns":3},{"damage":10,"enemies":"Shelled Parasite and Fungi","floor":28,"turns":2},{"damage":11,"enemies":"Gremlin Leader","floor":29,"turns":4},{"damage":49,"enemies":"Automaton","floor":33,"turns":9},{"damage":13,"enemies":"3 Darklings","floor":35,"turns":2},{"damage":0,"enemies":"3 Shapes","floor":36,"turns":3},{"damage":6,"enemies":"Sphere and 2 Shapes","floor":38,"turns":3},{"damage":22,"enemies":"Writhing Mass","floor":39,"turns":3},{"damage":5,"enemies":"Giant Head","floor":40,"turns":5},{"damage":15,"enemies":"Transient","floor":41,"turns":5},{"damage":0,"enemies":"Nemesis","floor":42,"turns":3},{"damage":21,"enemies":"Jaw Worm Horde","floor":46,"turns":2},{"damage":0,"enemies":"3 Darklings","floor":48,"turns":3},{"damage":58,"enemies":"Time Eater","floor":50,"turns":8}],"seed_played":"-3165975236476061782","potions_obtained":[{"floor":1,"key":"FearPotion"},{"floor":6,"key":"Energy Potion"},{"floor":7,"key":"Fire Potion"},{"floor":14,"key":"Weak Potion"},{"floor":16,"key":"Regen Potion"}],"is_trial":false,"path_per_floor":["M","?","?","M","$","E","M","R","T","?","M","M","M","E","R","B",null,"M","?","$","M","M","E","R","?","T","M","M","E","$","$","R","B",null,"M","M","?","M","M","E","M","E","T","?","$","M","R","M","R","B"],"character_chosen":"MARISA","items_purchased":["Flash of Steel","FairyDestructionRay","SprinkleStarSeal","ChargeUpSpray","PowerUp","IllusionStar"],"campfire_rested":2,"item_purchase_floors":[5,5,20,30,45,45],"current_hp_per_floor":[75,60,53,53,53,63,63,63,63,63,65,62,54,51,51,31,85,78,78,78,83,80,77,77,61,61,63,55,46,46,46,88,41,90,77,79,79,75,55,52,39,41,41,41,41,22,64,66,66,10,10],"gold":104,"neow_bonus":"THREE_ENEMY_KILL","is_daily":false,"chose_seed":false,"campfire_upgraded":4,"win_rate":0.0,"timestamp":1612467833,"path_taken":["M","?","?","?","$","E","M","R","T","?","?","M","M","E","R","BOSS","M","?","?","?","M","E","R","?","T","M","M","E","?","$","R","BOSS","M","?","?","M","M","E","?","E","T","?","$","M","R","M","R","BOSS"],"items_purchased_type":["Card","Card","Card","Card","Card","Card"],"build_version":"2020-12-22","purchased_purges":3,"victory":false,"max_hp_per_floor":[75,75,75,75,75,85,85,85,85,85,85,85,85,85,85,85,85,85,85,85,85,85,85,85,90,90,90,90,90,90,90,90,90,90,90,90,90,90,90,90,90,90,90,90,90,90,90,90,90,90,90],"card_choices":[{"not_picked":["EnergyRecoil","ChargeUpSpray"],"picked":"PulseMagic","floor":1},{"not_picked":["MagicAbsorber","ShootingEcho"],"picked":"AsteroidBelt","floor":4},{"not_picked":["LuminesStrike","GalacticHalo"],"picked":"StarDustReverie","floor":6},{"not_picked":["SprinkleStarSeal","AsteroidBelt"],"picked":"MilkyWay","floor":7},{"not_picked":["MysteriousBeam","UnstableBomb"],"picked":"MachineGunSpark","floor":11},{"not_picked":["AsteroidBelt","MagicAbsorber"],"picked":"StarBarrage","floor":12},{"not_picked":["FairyDestructionRay","NonDirectionalLaser"],"picked":"EventHorizon","floor":13},{"not_picked":["EventHorizon","AsteroidBelt"],"picked":"Acceleration","floor":14},{"not_picked":["CollectingQuirk","FinalSpark"],"picked":"MillisecondPulsars","floor":16},{"not_picked":["UnstableBomb+1","WitchLeyline"],"picked":"LuminesStrike","floor":18},{"not_picked":["NonDirectionalLaser+1","AlicesGift"],"picked":"GrandCross+1","floor":21},{"not_picked":["ShootingEcho","WitchLeyline"],"picked":"Orbital","floor":22},{"not_picked":["AsteroidBelt","DarkSpark"],"picked":"BinaryStars","floor":23},{"not_picked":["WitchOfGreed","WitchLeyline"],"picked":"SporeBomb","floor":27},{"not_picked":["SporeBomb","LuminesStrike"],"picked":"MilkyWay","floor":28},{"not_picked":["PropBag","WitchLeyline","CollectingQuirk"],"picked":"SKIP","floor":29},{"not_picked":["MeteoricShower"],"picked":"SKIP","floor":35},{"not_picked":["DragonMeteor"],"picked":"SKIP","floor":36},{"not_picked":[],"picked":"UnstableBomb+1","floor":38},{"not_picked":["DoubleSpark"],"picked":"SKIP","floor":39},{"not_picked":[],"picked":"GalacticHalo+1","floor":40},{"not_picked":["AsteroidBelt"],"picked":"SKIP","floor":41},{"not_picked":["LuminesStrike"],"picked":"SKIP","floor":41},{"not_picked":["DC"],"picked":"SKIP","floor":42},{"not_picked":["GrandCross"],"picked":"SKIP","floor":46},{"not_picked":["DarkSpark"],"picked":"SKIP","floor":46},{"not_picked":["GalacticHalo"],"picked":"SKIP","floor":48},{"not_picked":["SprinkleStarSeal+1"],"picked":"SKIP","floor":48}],"player_experience":325022,"relics_obtained":[{"floor":6,"key":"Pear"},{"floor":9,"key":"Blood Vial"},{"floor":14,"key":"Happy Flower"},{"floor":23,"key":"Vajra"},{"floor":26,"key":"Regal Pillow"},{"floor":29,"key":"Peace Pipe"},{"floor":40,"key":"Prayer Wheel"},{"floor":42,"key":"Du-Vu Doll"},{"floor":43,"key":"Bag of Preparation"}],"event_choices":[{"damage_healed":0,"gold_gain":0,"player_choice":"Entered Light","damage_taken":15,"max_hp_gain":0,"max_hp_loss":0,"event_name":"Shining Light","floor":2,"gold_loss":0,"cards_upgraded":["UpSweep","Defend_MRS"]},{"damage_healed":0,"gold_gain":75,"player_choice":"Touch","damage_taken":7,"max_hp_gain":0,"max_hp_loss":0,"event_name":"FaceTrader","floor":3,"gold_loss":0},{"cards_removed":["Strike_MRS"],"damage_healed":0,"gold_gain":0,"player_choice":"Offered Basic","damage_taken":0,"max_hp_gain":0,"max_hp_loss":0,"event_name":"Bonfire Elementals","floor":10,"gold_loss":0},{"cards_removed":["Strike_MRS"],"damage_healed":0,"gold_gain":0,"player_choice":"Upgrade and Remove","damage_taken":0,"max_hp_gain":0,"max_hp_loss":0,"event_name":"Designer","floor":19,"gold_loss":90,"cards_upgraded":["LuminesStrike"]},{"damage_healed":0,"gold_gain":0,"player_choice":"Shed Blood","damage_taken":21,"max_hp_gain":5,"max_hp_loss":0,"event_name":"Forgotten Altar","floor":25,"gold_loss":0},{"damage_healed":0,"gold_gain":0,"player_choice":"Copied","damage_taken":0,"max_hp_gain":0,"max_hp_loss":0,"event_name":"Duplicator","floor":37,"gold_loss":0,"cards_obtained":["Acceleration"]},{"damage_healed":0,"gold_gain":0,"player_choice":"0 cards matched","damage_taken":0,"max_hp_gain":0,"max_hp_loss":0,"event_name":"Match and Keep!","floor":44,"gold_loss":0,"cards_obtained":[]}],"is_beta":false,"boss_relics":[{"not_picked":["Coffee Dripper","Tiny House"],"picked":"Sozu"},{"not_picked":["Empty Cage","SacredBark"],"picked":"Busted Crown"}],"items_purged_floors":[20,30,45],"is_endless":false,"potions_floor_spawned":[1,6,7,14,16,23,27,28,29,38,42,48],"killed_by":"Time Eater","ascension_level":0}}