{"host":"7r2n0tv442aowt09","time":1612444387,"event":{"mods":["BaseMod","Curses Come First","Custom Start","Exacting","Highlight Path","Infinite Spire","Minty Spire (QoL Compilation)","Relic Sorter","StSLib"],"gold_per_floor":[141,141,206,206,252,252,480,480,480],"floor_reached":8,"language":"JPN","playtime":279,"items_purged":[],"score":92,"play_id":"d0c56156-28e2-407e-bff7-cabcaab0bc01","local_time":"20210204221307","daily_mods":["Flight","Midas"],"is_ascension_mode":true,"campfire_choices":[{"data":"Injury","floor":6,"key":"PURGE"}],"circlet_count":0,"master_deck":["AscendersBane","Strike_G","Strike_G","Strike_G","Strike_G","Strike_G","Defend_G","Defend_G","Defend_G","Defend_G","Defend_G","Survivor","Neutralize","Cloak And Dagger+1","All Out Attack","Caltrops","Acrobatics+1"],"relics":["Ring of the Snake","Darkstone Periapt","Singing Bowl","Nuclear Battery","Peace Pipe","Juzu Bracelet","Toxic Egg 2","Golden Idol","Toy Ornithopter"],"acts_visited":["Exordium"],"potions_floor_usage":[8],"damage_taken":[{"damage":0,"enemies":"2 Louse","floor":1,"turns":3},{"damage":3,"enemies":"Small Slimes","floor":3,"turns":4},{"damage":0,"enemies":"Cultist","floor":5,"turns":3},{"damage":61,"enemies":"Gremlin Nob","floor":7,"turns":5},{"damage":15,"enemies":"3 Sentries","floor":8,"turns":2}],"seed_played":"3233493686739883690","potions_obtained":[{"floor":3,"key":"Ancient Potion"}],"is_trial":true,"path_per_floor":["M","?","M","?","M","R","?","E"],"character_chosen":"THE_SILENT","items_purchased":[],"campfire_rested":0,"item_purchase_floors":[],"current_hp_per_floor":[59,65,62,62,62,62,1,0,0],"gold":480,"neow_bonus":"","is_daily":false,"chose_seed":false,"campfire_upgraded":0,"win_rate":0.0,"timestamp":1612444387,"path_taken":["M","?","M","?","M","R","?","E"],"items_purchased_type":[],"build_version":"2020-12-22","purchased_purges":0,"victory":false,"max_hp_per_floor":[66,72,72,72,72,72,72,72,72],"card_choices":[{"not_picked":["Footwork","Quick Slash"],"picked":"Cloak And Dagger+1","floor":1},{"not_picked":["Eviscerate","PiercingWail+1"],"picked":"All Out Attack","floor":3},{"not_picked":["Tactician+1","Prepared+1"],"picked":"Caltrops","floor":5},{"not_picked":["Sucker Punch","Underhanded Strike"],"picked":"Acrobatics+1","floor":7}],"player_experience":2223168,"relics_obtained":[{"floor":7,"key":"Toy Ornithopter"}],"event_choices":[{"damage_healed":0,"gold_gain":0,"player_choice":"Take Wound","damage_taken":0,"relics_obtained":["Golden Idol"],"max_hp_gain":0,"max_hp_loss":0,"event_name":"Golden Idol","floor":2,"gold_loss":0,"cards_obtained":["Injury"]},{"damage_healed":0,"gold_gain":0,"player_choice":"Searched \u00271\u0027 times","damage_taken":0,"max_hp_gain":0,"max_hp_loss":0,"event_name":"Dead Adventurer","floor":7,"gold_loss":0}],"is_beta":false,"boss_relics":[],"items_purged_floors":[],"is_endless":false,"potions_floor_spawned":[3],"killed_by":"3 Sentries","ascension_level":20}}