{"host":"jn2qdns2nxijvlnt","time":1612416407,"event":{"mods":["BaseMod","Minty Spire (QoL Compilation)","Quick Restart"],"gold_per_floor":[111,111,126,3,3,36,36,46,46,63,63,76,90,118,130,243,255,287,299,67,81,81,81,1,1,27,58,58,58,90,90,90,191,191,211,227,37,37,37],"floor_reached":38,"language":"ENG","playtime":11339,"items_purged":["Pain","Shame"],"score":752,"play_id":"651c8e82-a562-49de-a4df-f09c3132ab4a","local_time":"20210204002647","is_ascension_mode":true,"campfire_choices":[{"data":"Blade Dance","floor":7.0,"key":"SMITH"},{"floor":15,"key":"REST"},{"floor":23,"key":"REST"},{"floor":25,"key":"REST"},{"data":"Noxious Fumes","floor":28,"key":"SMITH"},{"floor":32,"key":"REST"}],"circlet_count":0,"master_deck":["AscendersBane","Strike_G","Strike_G","Strike_G","Strike_G","Strike_G","Defend_G","Defend_G","Defend_G","Defend_G","Defend_G","Survivor","Neutralize","Dagger Spray","Blade Dance+1","Quick Slash","Slice","Backflip","Caltrops","Noxious Fumes+1","Die Die Die","Flying Knee","Accuracy"],"relics":["Ring of the Snake","NeowsBlessing","WarpedTongs","The Courier","Vajra","Bottled Flame","MawBank","Busted Crown","TwistedFunnel","Oddly Smooth Stone","Gremlin Horn","Anchor","Snake Skull","Toy Ornithopter","Fusion Hammer","Mummified Hand"],"acts_visited":["Exordium","TheCity","TheBeyond"],"potions_floor_usage":[12,14,14,27,33,33,35],"damage_taken":[{"damage":0.0,"enemies":"Jaw Worm","floor":1.0,"turns":1.0},{"damage":1.0,"enemies":"Cultist","floor":3.0,"turns":1.0},{"damage":0.0,"enemies":"Gremlin Nob","floor":6.0,"turns":1.0},{"damage":0.0,"enemies":"Small Slimes","floor":8.0,"turns":3.0},{"damage":0.0,"enemies":"Exordium Wildlife","floor":10.0,"turns":3.0},{"damage":0,"enemies":"Large Slime","floor":12,"turns":3},{"damage":0,"enemies":"2 Fungi Beasts","floor":13,"turns":1},{"damage":18,"enemies":"Lagavulin","floor":14,"turns":4},{"damage":47,"enemies":"Hexaghost","floor":16,"turns":9},{"damage":16,"enemies":"Shell Parasite","floor":18,"turns":4},{"damage":5,"enemies":"2 Thieves","floor":21,"turns":3},{"damage":0,"enemies":"Slavers","floor":27,"turns":2},{"damage":30,"enemies":"Gremlin Leader","floor":30,"turns":6},{"damage":43,"enemies":"Automaton","floor":33,"turns":8},{"damage":19,"enemies":"3 Shapes","floor":35,"turns":2},{"damage":19,"enemies":"Orb Walker","floor":36,"turns":4},{"damage":39,"enemies":"Transient","floor":38,"turns":5}],"seed_played":"8147976732471359411","potions_obtained":[{"floor":3.0,"key":"FearPotion"},{"floor":12,"key":"Energy Potion"},{"floor":16,"key":"SpeedPotion"},{"floor":18,"key":"SteroidPotion"},{"floor":30,"key":"PowerPotion"},{"floor":33,"key":"Explosive Potion"}],"is_trial":false,"path_per_floor":["M","?","M","$","?","E","R","M","T","M","T","M","M","E","R","B",null,"M","?","$","M","?","R","$","R","T","E","R","?","E","?","R","B",null,"M","M","$","M"],"character_chosen":"THE_SILENT","items_purchased":["Block Potion","TwistedFunnel","Oddly Smooth Stone","Mummified Hand"],"campfire_rested":4,"item_purchase_floors":[4,20,20,37],"current_hp_per_floor":[63,63,62,62,67,67,67,67,67,67,67,67,67,49,71,24,62,46,32,32,27,27,51,51,75,75,75,75,75,45,45,69,36,69,55,36,36,0,0],"gold":37,"neow_bonus":"THREE_ENEMY_KILL","is_daily":false,"chose_seed":false,"campfire_upgraded":2,"win_rate":0.0,"timestamp":1612416407,"path_taken":["M","?","?","$","?","E","R","M","T","M","?","M","M","E","R","BOSS","M","?","$","M","?","R","$","R","T","E","R","?","E","?","R","BOSS","M","M","$","M"],"items_purchased_type":["Potion","Relic","Relic","Relic"],"build_version":"2020-12-22","purchased_purges":2,"victory":false,"max_hp_per_floor":[70,70,70,70,75,75,75,75,75,75,75,75,75,75,75,75,75,75,80,80,80,80,80,80,80,80,80,80,80,80,80,80,80,80,80,80,80,80,80],"card_choices":[{"not_picked":["Dagger Throw","Deflect"],"picked":"Dagger Spray","floor":1.0},{"not_picked":["Flechettes","Escape Plan"],"picked":"Blade Dance","floor":3.0},{"not_picked":["Distraction","Deadly Poison"],"picked":"Quick Slash","floor":6.0},{"not_picked":["Outmaneuver","Malaise"],"picked":"Slice","floor":8.0},{"not_picked":["Flechettes","Dodge and Roll"],"picked":"Backflip","floor":10.0},{"not_picked":["Riddle With Holes","Deflect"],"picked":"Caltrops","floor":12},{"not_picked":["Bane","PiercingWail","Backflip"],"picked":"SKIP","floor":13},{"not_picked":["Endless Agony","Deadly Poison"],"picked":"Noxious Fumes","floor":14},{"not_picked":["Storm of Steel","Tools of the Trade"],"picked":"Die Die Die","floor":16},{"not_picked":[],"picked":"Flying Knee","floor":18},{"not_picked":["Quick Slash"],"picked":"SKIP","floor":21},{"not_picked":["Bouncing Flask"],"picked":"SKIP","floor":27},{"not_picked":["Underhanded Strike"],"picked":"SKIP","floor":30},{"not_picked":["Finisher"],"picked":"SKIP","floor":35},{"not_picked":["Bane+1"],"picked":"SKIP","floor":36}],"player_experience":568500,"relics_obtained":[{"floor":6.0,"key":"The Courier"},{"floor":9.0,"key":"Vajra"},{"floor":11.0,"key":"Bottled Flame"},{"floor":14,"key":"MawBank"},{"floor":26,"key":"Anchor"},{"floor":27,"key":"Snake Skull"},{"floor":30,"key":"Toy Ornithopter"}],"event_choices":[{"damage_healed":0.0,"max_hp_gain":0.0,"max_hp_loss":0.0,"gold_gain":0.0,"event_name":"Accursed Blacksmith","player_choice":"Rummage","floor":2.0,"gold_loss":0.0,"damage_taken":0.0,"relics_obtained":["WarpedTongs"],"cards_obtained":["Pain"]},{"damage_healed":0.0,"max_hp_gain":5.0,"max_hp_loss":0.0,"gold_gain":0.0,"event_name":"Big Fish","player_choice":"Donut","floor":5.0,"gold_loss":0.0,"damage_taken":0.0},{"damage_healed":0,"gold_gain":0,"player_choice":"Shed Blood","damage_taken":19,"max_hp_gain":5,"max_hp_loss":0,"event_name":"Forgotten Altar","floor":19,"gold_loss":0},{"damage_healed":0,"gold_gain":0,"player_choice":"Stole Relic","damage_taken":0,"relics_obtained":["Gremlin Horn"],"max_hp_gain":0,"max_hp_loss":0,"event_name":"Addict","floor":22,"gold_loss":0,"cards_obtained":["Shame"]},{"damage_healed":0,"gold_gain":0,"player_choice":"Read","damage_taken":0,"max_hp_gain":0,"max_hp_loss":0,"event_name":"The Library","floor":29,"gold_loss":0,"cards_obtained":["Accuracy"]},{"damage_healed":0,"gold_gain":0,"player_choice":"Ignored","damage_taken":0,"max_hp_gain":0,"max_hp_loss":0,"event_name":"Ghosts","floor":31,"gold_loss":0}],"is_beta":false,"boss_relics":[{"not_picked":["Velvet Choker","Empty Cage"],"picked":"Busted Crown"},{"not_picked":["Runic Pyramid","Snecko Eye"],"picked":"Fusion Hammer"}],"items_purged_floors":[4,24],"is_endless":false,"potions_floor_spawned":[3,6,12,16,18,30,33],"killed_by":"Transient","ascension_level":12}}