{"host":"za9ilm1uiwmpmin1","time":1612482819,"event":{"mods":["AchievementEnabler","Act Like it!","Arknights","BaseMod","Dota2Spire","Downfall","Friendly Minions","Lobotomy","LobotomyExtend","Minty Spire (QoL Compilation)","MostiFishMod","Reorder Act Four","RumiaBox-露米娅的神秘盒子","StSLib","TestMod","Waifu the Spire","[IsaacMod]以撒尖塔","【功能Mod】混沌之环修复补丁"],"gold_per_floor":[112,112,112,112,37,37,77,92,92,132,132,168,188,208,208,301,301,317,242,257,657,680,711,711,750,750,750,784,802,833,858,858,948,948,973,991,1015,1035,1335,1366,1379,1399,1424,1437,1470,1036,1076,1114,1114,1163,1205,1205,1205,976,976,1051,1058],"floor_reached":58,"language":"ZHS","playtime":1891,"items_purged":["ats:Strike G","ats:Strike C","ats:Strike V+1","ats:Defend+1","ats:Strike S+1"],"score":3673,"play_id":"bdc1edab-c2cb-4a69-a37a-83aadc1c807a","local_time":"20210205075339","is_ascension_mode":true,"campfire_choices":[{"floor":6.0,"key":"RECALL"},{"data":"ats:Emotion Absorption","floor":15,"key":"SMITH"},{"floor":24,"key":"REST"},{"floor":32,"key":"REST"},{"floor":49,"key":"REST"},{"floor":55,"key":"REST"}],"circlet_count":0,"master_deck":["AscendersBane","ats:Armor Crushing Shot+1","ats:Defend+1","ats:Defend+1","ats:Emotion Absorption+1","ats:Apocalypse+1","ats:Calcification+1","ats:Red Shift+1","ats:Demon Strength+1","ats:Closed Bolt Burst Fire+1","ats:Hook Shot+1","ats:Thorns+1"],"relics":["HushsDoor","testmod-TestBox","testmod-BloodSacrificeSpiritualization","BookOfRevelations","MostiFishMod:Haymaker","JellyFishMachine","SynthV:TestCard","LetterFromLob","Golden Idol","ats:Originium","Dota2Spire:MagicBottle","ArrowTower","DoctorsRemote","Dota2Spire:EchoSabre","ats:Tactical Delivery","CombinedTypeHook","Dota2Spire:CrimsonGuard","MutagenicStrength","Dota2Spire:Mjollnir","ats:Berate","MostiFishMod:Haymaker","testmod-SaigiyounoYou","TheBean","ats:Ability Aura","SalivaCoin","Ginger","Membership Card","Dota2Spire:Vanguard"],"acts_visited":["Exordium","TheCity","TheBeyond","TheEnding"],"potions_floor_usage":[16,23,57,57,57,57],"damage_taken":[{"damage":7.0,"enemies":"2 Louse","floor":1.0,"turns":3.0},{"damage":31.0,"enemies":"Gremlin Nob","floor":7.0,"turns":4.0},{"damage":0.0,"enemies":"Jaw Worm","floor":8.0,"turns":3.0},{"damage":7.0,"enemies":"3 Sentries","floor":10.0,"turns":4.0},{"damage":7,"enemies":"Gremlin Nob","floor":12,"turns":3},{"damage":4,"enemies":"Small Slimes","floor":13,"turns":3},{"damage":0,"enemies":"2 Fungi Beasts","floor":14,"turns":3},{"damage":7,"enemies":"The Guardian","floor":16,"turns":7},{"damage":7,"enemies":"Chosen","floor":18,"turns":5},{"damage":17,"enemies":"Spheric Guardian","floor":20,"turns":4},{"damage":7,"enemies":"3 Cultists","floor":22,"turns":3},{"damage":15,"enemies":"Book of Stabbing","floor":23,"turns":3},{"damage":13,"enemies":"Slavers","floor":25,"turns":2},{"damage":19,"enemies":"Gremlin Leader","floor":28,"turns":3},{"damage":7,"enemies":"Cultist and Chosen","floor":29,"turns":2},{"damage":12,"enemies":"Slavers","floor":30,"turns":2},{"damage":7,"enemies":"Snecko","floor":31,"turns":2},{"damage":7,"enemies":"Collector","floor":33,"turns":3},{"damage":7,"enemies":"3 Shapes","floor":35,"turns":2},{"damage":6,"enemies":"Orb Walker","floor":36,"turns":2},{"damage":6,"enemies":"Transient","floor":37,"turns":6},{"damage":6,"enemies":"3 Darklings","floor":38,"turns":2},{"damage":18,"enemies":"Nemesis","floor":40,"turns":3},{"damage":6,"enemies":"4 Shapes","floor":41,"turns":2},{"damage":29,"enemies":"Transient","floor":42,"turns":6},{"damage":6,"enemies":"Maw","floor":44,"turns":3},{"damage":6,"enemies":"Giant Head","floor":45,"turns":3},{"damage":6,"enemies":"Reptomancer","floor":47,"turns":3},{"damage":10,"enemies":"Writhing Mass","floor":48,"turns":3},{"damage":73,"enemies":"Awakened One","floor":50,"turns":8},{"damage":59,"enemies":"Donu and Deca","floor":51,"turns":7},{"damage":64,"enemies":"Shield and Spear","floor":56,"turns":6},{"damage":6,"enemies":"The Heart","floor":57,"turns":5}],"seed_played":"8446271077266394950","potions_obtained":[{"floor":12,"key":"Block Potion"},{"floor":13,"key":"FearPotion"},{"floor":14,"key":"Dota2Spire:Clarity"},{"floor":16,"key":"testmod-SpacePotion"},{"floor":23,"key":"testmod-SpacePotion"},{"floor":25,"key":"SteroidPotion"},{"floor":28,"key":"ColorlessPotion"},{"floor":33,"key":"DuplicationPotion"},{"floor":36,"key":"testmod-TimePotion"}],"is_trial":false,"path_per_floor":["M","?","?","?","$","R","E","M","T","E","T","E","M","M","R","B",null,"M","?","M","?","M","E","R","E","T","?","E","M","E","M","R","B",null,"M","M","M","M","?","E","M","M","T","M","E","$","E","M","R","B","B",null,null,"$","R","E","B",null],"character_chosen":"DOCTOR_CLASS","items_purchased":["Ginger","Membership Card"],"campfire_rested":4,"item_purchase_floors":[46,54],"current_hp_per_floor":[57,65,70,44,44,44,13,13,13,15,15,8,8,12,12,17,58,64,64,60,60,61,53,71,65,65,65,59,53,42,36,57,57,62,64,64,64,62,62,53,63,64,64,64,64,64,64,64,64,25,16,16,52,52,64,26,64],"gold":1058,"neow_bonus":"BOSS_RELIC","is_daily":false,"chose_seed":false,"campfire_upgraded":1,"win_rate":0.0,"timestamp":1612482819,"path_taken":["M","?","?","?","?","R","E","M","T","E","?","E","M","M","R","BOSS","M","?","M","?","M","E","R","E","T","?","E","M","E","M","R","BOSS","M","M","M","M","?","E","M","M","T","M","E","$","E","M","R","BOSS","BOSS","$","R","E","BOSS"],"items_purchased_type":["Relic","Relic"],"build_version":"2020-12-22","purchased_purges":5,"victory":true,"max_hp_per_floor":[71,71,76,76,76,76,76,76,76,76,76,76,76,76,76,76,71,71,71,71,71,71,71,71,71,71,71,71,71,71,71,71,71,64,64,64,64,64,64,64,64,64,64,64,64,64,64,64,64,64,64,64,64,64,64,64,64],"card_choices":[{"not_picked":["ats:Cat Scratch","ats:Poison Spread","ats:Assault Order"],"picked":"SKIP","floor":1.0},{"not_picked":["ats:Composite Medical Shells","ats:Sword Rain","ats:Overload","ats:Neurotoxin"],"picked":"Bomb","floor":7.0},{"not_picked":["ats:Leaping Hammer","ats:Hammer On","ats:Absolute Focus","ats:Assault Order","ats:Guard Mode"],"picked":"SKIP","floor":8.0},{"not_picked":["ats:Curse Doll","ats:Very Hot Blade","ats:Durian","ats:Apocalypse","ats:Consecutive Shot Auto"],"picked":"SKIP","floor":10.0},{"not_picked":["ats:Curse Doll","ats:Very Hot Blade","ats:Durian","ats:Consecutive Shot Auto"],"picked":"ats:Apocalypse","floor":10.0},{"not_picked":["ats:Flexible Camouflage","ats:Collapsing Strike","ats:Very Hot Blade","ats:Closed Bolt Burst Fire","ats:Neurotoxin"],"picked":"SKIP","floor":12},{"not_picked":["ats:Literary Storm","ats:Directed Diagnosis","ats:Apocalypse","ats:Sword Rain","ats:Assault Order"],"picked":"SKIP","floor":13},{"not_picked":["ats:Fractured Body","ats:Blood Oath","ats:Overload","ats:Absolute Focus","ats:Curse Doll"],"picked":"SKIP","floor":14},{"not_picked":["ats:Wolf Pack","ats:True Silver Slash","ats:Volcano","ats:Soul Rend"],"picked":"ats:Calcification","floor":16},{"not_picked":["ats:Hammer On","ats:Poison Spread","ats:Apocalypse","ats:Encircling Forest","ats:Powerful Strike"],"picked":"SKIP","floor":18},{"not_picked":["ats:Hammer On","ats:Echo Reverb","ats:Magnetic Hammer","ats:Assault Order","ats:Cat Scratch"],"picked":"SKIP","floor":20},{"not_picked":["ats:Hook Shot","ats:Encircling Forest","ats:Cat Scratch","ats:Demon Strength"],"picked":"ats:Red Shift","floor":22},{"not_picked":["ats:Cat Scratch","ats:Phantom","ats:Revitalization","ats:Powerful Strike+1","ats:Flexible Camouflage"],"picked":"SKIP","floor":23},{"not_picked":["ats:Revitalization+1","ats:Shell Defense","ats:Leaping Hammer","ats:Sunburst+1","ats:Support Order"],"picked":"SKIP","floor":25},{"not_picked":["ats:Consecutive Shot Auto","ats:Soul Rend","ats:Flexible Camouflage+1","ats:Leaping Hammer+1"],"picked":"ats:Demon Strength","floor":28},{"not_picked":["ats:Revitalization","ats:Poison Spread","ats:Sashimi Platter","ats:Defend Order"],"picked":"ats:Closed Bolt Burst Fire","floor":29},{"not_picked":["ats:Fractured Body","ats:Revitalization+1","ats:Closed Bolt Burst Fire","ats:Rapid Magazine","ats:Cat Scratch+1"],"picked":"SKIP","floor":30},{"not_picked":["ats:Closed Bolt Burst Fire","ats:Collapsing Strike","ats:Flame Of Heaven","ats:Explosion Area Strengthen","ats:Curse Doll"],"picked":"SKIP","floor":31},{"not_picked":["ats:Leaping Hammer","ats:Ignite","ats:Poison Spread","ats:Guardian Obelisk","ats:Very Hot Blade+1"],"picked":"SKIP","floor":35},{"not_picked":["ats:Support Order","ats:Absolute Focus","ats:Powerful Strike+1","ats:Shell Defense+1"],"picked":"ats:Hook Shot","floor":36},{"not_picked":["ats:Shell Defense","ats:Cat Scratch","ats:Charging Defense+1","ats:Soul Absorption","ats:Neurotoxin+1"],"picked":"SKIP","floor":37},{"not_picked":["ats:Blood Oath","ats:Explosion Area Strengthen","ats:Leaping Hammer+1","ats:Hook Shot","ats:Closed Bolt Burst Fire+1"],"picked":"SKIP","floor":38},{"not_picked":["ats:Healing Drone","ats:Overload","ats:Disruption Kick","ats:Apocalypse","ats:Encircling Forest"],"picked":"SKIP","floor":40},{"not_picked":["ats:Assault Order","ats:Very Hot Blade+1","ats:Closed Bolt Burst Fire","ats:Mental Burst","ats:Counter Healing Mode"],"picked":"SKIP","floor":41},{"not_picked":["ats:Powerful Strike","ats:Very Hot Blade+1","ats:Flexible Camouflage","ats:Shell Defense","ats:Chain Hook"],"picked":"SKIP","floor":42},{"not_picked":["ats:Assault Order","ats:Nebulous Foxfire","ats:Explosion Area Strengthen+1","ats:Curse Doll+1","ats:Support Order"],"picked":"SKIP","floor":44},{"not_picked":["ats:Spore Proliferation","ats:Hammer On","ats:Blood Oath+1","ats:Closed Bolt Burst Fire","ats:Phantom+1"],"picked":"SKIP","floor":45},{"not_picked":["ats:Demon Strength","ats:Disruption Kick","ats:Revitalization+1","ats:Literary Storm","ats:Guard Mode+1"],"picked":"SKIP","floor":47},{"not_picked":["ats:Poison Spread+1","ats:Mental Burst","ats:Blood Oath","ats:Leaping Hammer","ats:Support Order"],"picked":"SKIP","floor":48},{"not_picked":["ats:Poison Spread+1","ats:Mental Burst","ats:Blood Oath","ats:Leaping Hammer","ats:Support Order"],"picked":"SKIP","floor":48},{"not_picked":["ats:Demon Strength","ats:Apocalypse+1","ats:Collapsing Strike+1","ats:Ignite"],"picked":"ats:Thorns","floor":56}],"player_experience":955205,"relics_obtained":[{"floor":1.0,"key":"SynthV:TestCard"},{"floor":1.0,"key":"LetterFromLob"},{"floor":7.0,"key":"ats:Originium"},{"floor":7.0,"key":"Dota2Spire:MagicBottle"},{"floor":9.0,"key":"Diplopia"},{"floor":10.0,"key":"ats:Originium"},{"floor":10.0,"key":"ArrowTower"},{"floor":11.0,"key":"DoctorsRemote"},{"floor":12,"key":"ats:Originium"},{"floor":12,"key":"Dota2Spire:EchoSabre"},{"floor":23,"key":"CombinedTypeHook"},{"floor":25,"key":"Dota2Spire:CrimsonGuard"},{"floor":28,"key":"Dota2Spire:Mjollnir"},{"floor":30,"key":"ats:Berate"},{"floor":40,"key":"TheBean"},{"floor":43,"key":"ats:Ability Aura"},{"floor":45,"key":"SalivaCoin"},{"floor":56,"key":"Dota2Spire:Vanguard"}],"event_choices":[{"damage_healed":0.0,"max_hp_gain":5.0,"max_hp_loss":0.0,"gold_gain":0.0,"event_name":"Big Fish","player_choice":"Donut","floor":3.0,"gold_loss":0.0,"damage_taken":0.0},{"damage_healed":0.0,"max_hp_gain":0.0,"max_hp_loss":0.0,"gold_gain":0.0,"event_name":"Golden Idol","player_choice":"Take Damage","floor":4.0,"gold_loss":0.0,"damage_taken":26.0,"relics_obtained":["Golden Idol"]},{"cards_removed":["ats:Defend"],"damage_healed":0,"gold_gain":0,"player_choice":"Gave Gold","damage_taken":0,"max_hp_gain":0,"max_hp_loss":0,"event_name":"Beggar","floor":19,"gold_loss":75},{"damage_healed":0,"gold_gain":400,"player_choice":"Sell","damage_taken":0,"max_hp_gain":0,"max_hp_loss":0,"event_name":"恩洛斯的盘子","floor":21,"relics_lost":["DaveBox"],"gold_loss":0},{"damage_healed":0,"gold_gain":0,"player_choice":"Inject Mutagens","damage_taken":0,"relics_obtained":["MutagenicStrength"],"max_hp_gain":0,"max_hp_loss":0,"event_name":"Drug Dealer","floor":27,"gold_loss":0}],"is_beta":false,"boss_relics":[{"not_picked":["testmod-KeyOfTheVoid","AddBug"],"picked":"ats:Tactical Delivery"},{"not_picked":[]},{"not_picked":["testmod-Recursion","Velvet Choker"],"picked":"testmod-SaigiyounoYou"},{"not_picked":[]}],"items_purged_floors":[5,17,34,46,54],"is_endless":false,"potions_floor_spawned":[12,13,14,16,22,23,25,28,33,36,38,42,45,48],"ascension_level":20}}