{"host":"ga4s3hj9m6nkn6gp","time":1612477087,"event":{"mods":["AchievementEnabler","BaseMod","Bestiary","Colored Powertips","Highlight Path","Minty Spire (QoL Compilation)","Relic Stats","everything is the same but u backflip on backflip"],"gold_per_floor":[111,111,131,152,152,152,192,117,198,273,273,289,330,344,344,442,442,461,307,582,600,600,600],"floor_reached":22,"language":"ENG","playtime":1030,"items_purged":["Strike_G"],"score":388,"play_id":"114faee5-5c20-4966-aad4-355ff9060fc6","local_time":"20210204231807","is_ascension_mode":true,"campfire_choices":[{"data":"Noxious Fumes","floor":6,"key":"SMITH"},{"floor":11,"key":"REST"},{"data":"Catalyst","floor":15,"key":"SMITH"}],"circlet_count":0,"master_deck":["AscendersBane","Strike_G+1","Strike_G","Strike_G","Strike_G","Defend_G","Defend_G","Defend_G","Defend_G","Defend_G","Survivor","Neutralize","Dagger Throw+1","Bane","Noxious Fumes+1","Catalyst+1","Poisoned Stab","Bouncing Flask","PiercingWail","Night Terror","Leg Sweep","Footwork","Regret","Catalyst"],"relics":["Velvet Choker","Golden Idol","Ancient Tea Set","Shuriken","Akabeko","Black Star"],"acts_visited":["Exordium","TheCity"],"potions_floor_usage":[7,16,22],"damage_taken":[{"damage":0,"enemies":"2 Louse","floor":1,"turns":3},{"damage":2,"enemies":"Jaw Worm","floor":3,"turns":4},{"damage":1,"enemies":"Cultist","floor":4,"turns":3},{"damage":17,"enemies":"3 Sentries","floor":7,"turns":7},{"damage":9,"enemies":"Exordium Thugs","floor":12,"turns":5},{"damage":12,"enemies":"Lagavulin","floor":13,"turns":6},{"damage":3,"enemies":"2 Fungi Beasts","floor":14,"turns":3},{"damage":1,"enemies":"Hexaghost","floor":16,"turns":7},{"damage":0,"enemies":"Chosen","floor":18,"turns":3},{"damage":14,"enemies":"2 Thieves","floor":21,"turns":4},{"damage":41,"enemies":"Masked Bandits","floor":22,"turns":5}],"seed_played":"8810601185121008060","potions_obtained":[{"floor":4,"key":"DistilledChaos"},{"floor":7,"key":"Strength Potion"},{"floor":12,"key":"BlessingOfTheForge"},{"floor":21,"key":"Block Potion"}],"is_trial":false,"path_per_floor":["M","?","M","M","?","R","E","$","T","?","R","M","E","M","R","B",null,"M","$","?","M","?"],"character_chosen":"THE_SILENT","items_purchased":["Leg Sweep","Footwork"],"campfire_rested":1,"item_purchase_floors":[19,19],"current_hp_per_floor":[59,59,57,56,38,38,21,21,21,10,28,19,7,4,4,3,46,46,46,46,32,0,0],"gold":600,"neow_bonus":"BOSS_RELIC","is_daily":false,"chose_seed":false,"campfire_upgraded":2,"win_rate":0.0,"timestamp":1612477087,"path_taken":["M","?","M","M","?","R","E","$","T","?","R","M","E","M","R","BOSS","M","$","?","?","?"],"items_purchased_type":["Card","Card"],"build_version":"2020-12-22","purchased_purges":1,"victory":false,"max_hp_per_floor":[66,60,60,60,60,60,60,60,60,60,60,60,60,60,60,60,60,60,60,60,60,60,60],"relic_stats":{"counters":[11,50],"Golden Idol":67,"Shuriken":[5],"Black Star":0,"obtain_stats":[{"Golden Idol":2,"Shuriken":9,"Velvet Choker":0,"Black Star":17,"Ancient Tea Set":7,"Akabeko":13,"Ring of the Snake":0},{"Golden Idol":1,"Shuriken":4,"Velvet Choker":0,"Black Star":8,"Ancient Tea Set":4,"Akabeko":6,"Ring of the Snake":0},{"Golden Idol":3,"Shuriken":17,"Velvet Choker":0,"Black Star":38,"Ancient Tea Set":17,"Akabeko":28,"Ring of the Snake":0}]},"card_choices":[{"not_picked":["Flying Knee","Poisoned Stab"],"picked":"Dagger Throw","floor":1},{"not_picked":["Finisher","Masterful Stab"],"picked":"Bane","floor":3},{"not_picked":["Deflect","Flying Knee"],"picked":"Noxious Fumes","floor":4},{"not_picked":["Tactician","Footwork"],"picked":"Catalyst","floor":7},{"not_picked":["Escape Plan","Outmaneuver"],"picked":"Poisoned Stab","floor":12},{"not_picked":["Acrobatics","Storm of Steel"],"picked":"Bouncing Flask","floor":13},{"not_picked":["Quick Slash","Slice"],"picked":"PiercingWail","floor":14},{"not_picked":["A Thousand Cuts","Grand Finale"],"picked":"Night Terror","floor":16},{"not_picked":["Underhanded Strike","Endless Agony","Slice"],"picked":"SKIP","floor":18},{"not_picked":["Masterful Stab","Prepared"],"picked":"Catalyst","floor":21}],"player_experience":730456,"relics_obtained":[{"floor":7,"key":"Ancient Tea Set"},{"floor":9,"key":"Shuriken"},{"floor":13,"key":"Akabeko"}],"event_choices":[{"damage_healed":0,"gold_gain":0,"player_choice":"Lose Max HP","damage_taken":0,"relics_obtained":["Golden Idol"],"max_hp_gain":0,"max_hp_loss":6,"event_name":"Golden Idol","floor":2,"gold_loss":0},{"damage_healed":0,"gold_gain":0,"player_choice":"Entered Light","damage_taken":18,"max_hp_gain":0,"max_hp_loss":0,"event_name":"Shining Light","floor":5,"gold_loss":0,"cards_upgraded":["Strike_G","Dagger Throw"]},{"damage_healed":0,"gold_gain":75,"player_choice":"Gather Gold","damage_taken":11,"max_hp_gain":0,"max_hp_loss":0,"event_name":"World of Goop","floor":10,"gold_loss":0},{"damage_healed":0,"gold_gain":275,"player_choice":"Desecrate","damage_taken":0,"max_hp_gain":0,"max_hp_loss":0,"event_name":"Golden Shrine","floor":20,"gold_loss":0,"cards_obtained":["Regret"]},{"damage_healed":0,"gold_gain":0,"player_choice":"Fought Bandits","damage_taken":0,"max_hp_gain":0,"max_hp_loss":0,"event_name":"Masked Bandits","floor":22,"gold_loss":0}],"is_beta":false,"boss_relics":[{"not_picked":["Pandora\u0027s Box","Empty Cage"],"picked":"Black Star"}],"items_purged_floors":[8],"is_endless":false,"potions_floor_spawned":[4,7,12,21],"killed_by":"Masked Bandits","ascension_level":20}}