{"host":"t9zjxed0utvsfjwc","time":1612411915,"event":{"mods":["2.2 Compatiblity","Aspiration","BaseMod","Better Altar","Better Match","Better Note","Better Sensory Stone","Better Skull","Better Third Choice","Block Reminder","Colored Map","Colored Powertips","Custom Start","Downfall","Hermit","Highlight Path","Hubris","Infinite Spire","Marisa????????","Minty Spire (QoL Compilation)","Quick Restart","Rare Cards Sparkle","Reliquary","Replay The Spire","StSLib","The Cursed","The Marked","The Runesmith","Unceasing Turn Reminder","everything is the same but u backflip on backflip"],"gold_per_floor":[116,37,48,64,82,108,108,127,127,142,158,174,207,223,223,322,372,391,411,686,703,703,703,738,738,808,824,824,824,852,866,866,966,966,978,991,1091,1105,536,536,547,592,615,646,657,677,677,677],"floor_reached":47,"language":"ENG","playtime":2014,"items_purged":["Regret","Bludgeon"],"score":590,"play_id":"e3e94fd5-e28a-4eac-93fe-cb97cf513094","local_time":"20210204041155","is_ascension_mode":false,"campfire_choices":[{"floor":15,"key":"REST"},{"floor":23,"key":"REST"},{"floor":25,"key":"REST"},{"floor":28,"key":"REST"},{"floor":32,"key":"REST"},{"floor":40,"key":"REST"}],"circlet_count":0,"master_deck":["Strike_R+1","Strike_R","Strike_R","Strike_R","Strike_R","Defend_R","Defend_R+1","Defend_R+1","Bash","Perfected Strike","ReplayTheSpireMod:LeadingStrike","ReplayReversal","Iron Wave","Perfected Strike","Shrug It Off","Demon Form","ReplayTheSpireMod:LeadingStrike","Clothesline","Replay:Fractal Strike","Shrug It Off+1","Wild Strike+1","ReplayTheSpireMod:LeadingStrike","Spot Weakness+1"],"relics":["Painkiller Herb","The Courier","Garlic","Happy Flower","Nloth\u0027s Gift","reliquary:BoilingFlask","InkBottle","Ring of Chaos","ReplayFunnel","War Paint","Black Star","Replay:Wanted Poster","infinitespire:Joker Card","Another Sword","Nunchaku","Iron Hammer","Bird Faced Urn","reliquary:Stiletto","hubris:CrystalStatue","reliquary:PurpleTingedLeaf"],"acts_visited":["Exordium","TheCity","TheBeyond"],"potions_floor_usage":[11,13,16,21,24,31,33,44,46,47,47],"damage_taken":[{"damage":0,"enemies":"Small Slimes","floor":1,"turns":3},{"damage":6,"enemies":"Cultist","floor":3,"turns":3},{"damage":0,"enemies":"2 Louse","floor":4,"turns":2},{"damage":12,"enemies":"Blue Slaver","floor":5,"turns":3},{"damage":14,"enemies":"Gremlin Nob","floor":6,"turns":3},{"damage":1,"enemies":"Exordium Thugs","floor":8,"turns":3},{"damage":0,"enemies":"3 Louse","floor":10,"turns":3},{"damage":0,"enemies":"Red Slaver","floor":11,"turns":1},{"damage":4,"enemies":"Lots of Slimes","floor":12,"turns":4},{"damage":9,"enemies":"3 Sentries","floor":13,"turns":4},{"damage":0,"enemies":"3 Louse","floor":14,"turns":3},{"damage":30,"enemies":"Hexaghost","floor":16,"turns":8},{"damage":2,"enemies":"Chosen","floor":18,"turns":4},{"damage":12,"enemies":"Spheric Guardian","floor":19,"turns":4},{"damage":23,"enemies":"Chosen and Byrds","floor":21,"turns":7},{"damage":33,"enemies":"Book of Stabbing","floor":24,"turns":5},{"damage":25,"enemies":"Snake Plant","floor":27,"turns":4},{"damage":46,"enemies":"Slavers","floor":30,"turns":5},{"damage":0,"enemies":"Shelled Parasite and Fungi","floor":31,"turns":6},{"damage":30,"enemies":"Champ","floor":33,"turns":10},{"damage":11,"enemies":"Orb Walker","floor":35,"turns":4},{"damage":22,"enemies":"3 Shapes","floor":36,"turns":5},{"damage":47,"enemies":"Maw","floor":38,"turns":8},{"damage":6,"enemies":"Jaw Worm Horde","floor":41,"turns":4},{"damage":0,"enemies":"2 Orb Walkers","floor":42,"turns":3},{"damage":0,"enemies":"Giant Head","floor":44,"turns":5},{"damage":9,"enemies":"4 Shapes","floor":45,"turns":3},{"damage":0,"enemies":"Sphere and 2 Shapes","floor":46,"turns":1},{"damage":29,"enemies":"Nightmare","floor":47,"turns":4}],"seed_played":"4971453285495803795","potions_obtained":[{"floor":6,"key":"AttackPotion"},{"floor":8,"key":"ElixirPotion"},{"floor":12,"key":"Explosive Potion"},{"floor":13,"key":"Block Potion"},{"floor":14,"key":"SkillPotion"},{"floor":16,"key":"Weak Potion"},{"floor":19,"key":"Energy Potion"},{"floor":30,"key":"EssenceOfSteel"},{"floor":31,"key":"SpeedPotion"},{"floor":36,"key":"BlessingOfTheForge"},{"floor":38,"key":"Block Potion"},{"floor":45,"key":"LiquidMemories"},{"floor":46,"key":"Energy Potion"}],"is_trial":false,"path_per_floor":["?","T","?","?","?","E","?","?","T","?","?","?","E","?","R_BF","B",null,"?","?","?","?","?","T","E","T","T","?","T","AVR","E","?","T","B",null,"?","?","AVR","?","T","T","?","?","T","E","?","?","NM"],"character_chosen":"IRONCLAD","items_purchased":["ReplayTheSpireMod:LeadingStrike","Another Sword","Nunchaku","Iron Hammer"],"campfire_rested":6,"item_purchase_floors":[2,39,39,39],"current_hp_per_floor":[80,80,74,74,62,48,48,47,47,47,47,43,34,34,58,28,85,83,71,71,48,48,73,40,65,65,40,65,65,19,19,44,14,85,74,52,52,5,5,30,24,24,24,26,20,23,0,0],"gold":677,"neow_bonus":"BOSS_RELIC","is_daily":false,"chose_seed":false,"campfire_upgraded":0,"win_rate":0.0,"timestamp":1612411915,"path_taken":["?","T","?","?","?","E","?","?","T","?","?","?","E","?","R_BF","BOSS","?","?","?","?","?","T","E","T","T","?","T","AVR","E","?","T","BOSS","?","?","AVR","?","T","T","?","?","T","E","?","?","NM"],"items_purchased_type":["Card","Relic","Relic","Relic"],"build_version":"2020-12-22","purchased_purges":2,"victory":false,"max_hp_per_floor":[80,80,80,80,80,80,80,80,80,80,80,80,80,80,80,80,85,85,85,85,85,85,85,85,85,85,85,85,85,85,85,85,85,85,85,85,85,85,85,85,85,85,85,85,85,85,85,85],"card_choices":[{"not_picked":["Replay:Undeath\u0027s Touch","Warcry"],"picked":"Perfected Strike","floor":1},{"not_picked":["Thunderclap","Sword Boomerang"],"picked":"ReplayReversal","floor":3},{"not_picked":["Sever Soul","Replay:Undeath\u0027s Touch"],"picked":"Iron Wave","floor":4},{"not_picked":["Clothesline","Defy Death","Twin Strike"],"picked":"SKIP","floor":5},{"not_picked":["Juggernaut","Sentinel"],"picked":"Perfected Strike","floor":6},{"not_picked":["Run Through","Carnage","infinitespire:OneForAll"],"picked":"SKIP","floor":8},{"not_picked":["Hemokinesis","Run Through","Corruption"],"picked":"SKIP","floor":10},{"not_picked":["Inflame","Pummel","Warcry"],"picked":"SKIP","floor":11},{"not_picked":["Seeing Red","ReplayReversal","Clash"],"picked":"SKIP","floor":12},{"not_picked":["Entrench","ReplayTheSpireMod:Strike From Hell","Sever Soul"],"picked":"SKIP","floor":13},{"not_picked":["Sever Soul","Intimidate"],"picked":"Shrug It Off","floor":14},{"not_picked":["Fiend Fire","Impervious"],"picked":"Demon Form","floor":16},{"not_picked":["Dual Wield","Flame Barrier"],"picked":"ReplayTheSpireMod:LeadingStrike","floor":17},{"not_picked":["Body Slam","ReplayTheSpireMod:Strike From Hell","Headbutt+1"],"picked":"SKIP","floor":18},{"not_picked":["Replay:Undeath\u0027s Touch+1","Armaments"],"picked":"Clothesline","floor":19},{"not_picked":["Havoc","hubris:ReadiedAction","Anger"],"picked":"SKIP","floor":21},{"not_picked":["Brutality","Reaper","ReplayTheSpireMod:Limb From Limb"],"picked":"SKIP","floor":24},{"not_picked":["Pommel Strike","Fire Breathing","ReplayTheSpireMod:Limb From Limb"],"picked":"SKIP","floor":27},{"not_picked":["Dark Embrace+1","Corruption"],"picked":"Shrug It Off+1","floor":30},{"not_picked":["Twin Strike","Pummel","Flex+1"],"picked":"SKIP","floor":31},{"not_picked":["Juggernaut","Brutality"],"picked":"Bludgeon","floor":33},{"not_picked":["Havoc","Headbutt"],"picked":"Wild Strike+1","floor":35},{"not_picked":["Bloodletting","Power Through","Havoc"],"picked":"SKIP","floor":36},{"not_picked":["hubris:ReadiedAction","Cleave+1"],"picked":"ReplayTheSpireMod:LeadingStrike","floor":38},{"not_picked":["Shrug It Off","Demonic Infusion"],"picked":"Spot Weakness+1","floor":41},{"not_picked":["Defy Death+1","Whirlwind","Spot Weakness+1"],"picked":"SKIP","floor":44},{"not_picked":["Thunderclap+1","Battle Trance","Iron Wave+1"],"picked":"SKIP","floor":45},{"not_picked":["Clothesline","Rupture+1","Abandon+1"],"picked":"SKIP","floor":46}],"player_experience":474347,"relics_obtained":[{"floor":6,"key":"The Courier"},{"floor":9,"key":"Garlic"},{"floor":13,"key":"Happy Flower"},{"floor":24,"key":"reliquary:BoilingFlask"},{"floor":26,"key":"InkBottle"},{"floor":30,"key":"War Paint"},{"floor":42,"key":"Bird Faced Urn"},{"floor":43,"key":"reliquary:Stiletto"},{"floor":44,"key":"hubris:CrystalStatue"},{"floor":44,"key":"reliquary:PurpleTingedLeaf"}],"event_choices":[{"cards_removed":["Defend_R"],"damage_healed":0,"gold_gain":0,"player_choice":"Purged","damage_taken":0,"max_hp_gain":0,"max_hp_loss":0,"event_name":"Purifier","floor":7,"gold_loss":0},{"damage_healed":0,"gold_gain":275,"player_choice":"Desecrate","damage_taken":0,"max_hp_gain":0,"max_hp_loss":0,"event_name":"Golden Shrine","floor":20,"gold_loss":0,"cards_obtained":["Regret"]},{"damage_healed":0,"gold_gain":0,"player_choice":"Traded Relic","damage_taken":0,"relics_obtained":["Nloth\u0027s Gift"],"max_hp_gain":0,"max_hp_loss":0,"event_name":"N\u0027loth","floor":22,"relics_lost":["Tiny House"],"gold_loss":0},{"damage_healed":0,"gold_gain":0,"player_choice":"Fight","damage_taken":0,"max_hp_gain":0,"max_hp_loss":0,"event_name":"Mysterious Sphere","floor":42,"gold_loss":0}],"is_beta":false,"boss_relics":[{"not_picked":["Snecko Eye","hubris:BlackHole"],"picked":"Tiny House"},{"not_picked":["reliquary:RedCape","hubris:CrackedHourglass"],"picked":"Black Star"}],"items_purged_floors":[29,37],"is_endless":false,"potions_floor_spawned":[6,8,12,13,14,16,18,19,30,31,36,38,45,46],"killed_by":"Nightmare","ascension_level":0}}