{"host":"uu8qcv8llpcbwyus","time":1612421342,"event":{"mods":["100% Spire Juice","BaseMod","CapriCore","Conspire","Downfall","HololiveMod","Hubris","Marisa（霧雨　魔理沙）","Minty Spire (QoL Compilation)","Reimu（博??梦）","Remilia（蕾米莉?）","Replay The Spire","StSLib","The Administrix","The Animator","The Gatherer","The Immortal","The Servant 0.9.4","TheSwordswoman","WarShipGirlsR/??少女R mod","Yakumo Yukari mod"],"gold_per_floor":[219,169,169,184,57,57,92,110,155,200,233,222,222,239,239,343,343,382,351,364,62,96,96,130,130,157,200,200,200,200],"floor_reached":28,"language":"ENG","playtime":1680,"items_purged":["MokouMod:Defend"],"score":340,"play_id":"076228cc-4d49-438e-930b-d6bcc4491914","local_time":"20210203224902","is_ascension_mode":true,"campfire_choices":[{"data":"MokouMod:Burn","floor":6.0,"key":"SMITH"},{"data":"MokouMod:Overheat","floor":13.0,"key":"SMITH"},{"data":"MokouMod:InfernalWave","floor":15.0,"key":"SMITH"},{"data":"MokouMod:SearingBlow","floor":23.0,"key":"SMITH"},{"data":"MokouMod:Overheat","floor":25.0,"key":"SMITH"}],"circlet_count":0,"master_deck":["MokouMod:Strike","MokouMod:Strike","MokouMod:Strike","MokouMod:Strike","MokouMod:Strike","MokouMod:Defend","MokouMod:Defend","MokouMod:Defend","MokouMod:HeatSpark+1","MokouMod:FujiyamaVolcano","conspire:SpireCoStock","MokouMod:Burn+1","MokouMod:RetainTemperature+1","MokouMod:Overheat+1","MokouMod:FlamingFireTalons","MokouMod:Sear","MokouMod:InfernalWave+1","MokouMod:HeatCyclone+1","MokouMod:CrimsonArmoury","MokouMod:BlazingComet","MokouMod:SearingBlow+2","MokouMod:Overheat+1","MokouMod:Afterburner"],"relics":["MokouMod:PhoenixFeather","Bag of Preparation","Vajra","conspire:TopHat","Honey Jar","hubris:MedicalManual","Replay:Baseball","TungstenRod"],"acts_visited":["Exordium","TheCity"],"potions_floor_usage":[27],"damage_taken":[{"damage":11.0,"enemies":"Cultist","floor":1.0,"turns":4.0},{"damage":13.0,"enemies":"Jaw Worm","floor":4.0,"turns":4.0},{"damage":19.0,"enemies":"Gremlin Nob","floor":7.0,"turns":4.0},{"damage":0.0,"enemies":"Small Slimes","floor":8.0,"turns":3.0},{"damage":2.0,"enemies":"Replay:BlueRogue","floor":10.0,"turns":7.0},{"damage":10.0,"enemies":"Gremlin Gang","floor":11.0,"turns":6.0},{"damage":19.0,"enemies":"Exordium Thugs","floor":12.0,"turns":4.0},{"damage":0.0,"enemies":"Large Slime","floor":14.0,"turns":4.0},{"damage":16.0,"enemies":"The Guardian","floor":16.0,"turns":8.0},{"damage":17.0,"enemies":"Shell Parasite","floor":18.0,"turns":6.0},{"damage":17.0,"enemies":"2 Thieves","floor":19.0,"turns":5.0},{"damage":14.0,"enemies":"Snake Plant","floor":20.0,"turns":4.0},{"damage":0.0,"enemies":"Centurion and Healer","floor":22.0,"turns":8.0},{"damage":26.0,"enemies":"Sentry and Sphere","floor":24.0,"turns":6.0},{"damage":10,"enemies":"Replay:Snechameleon","floor":27,"turns":5},{"damage":13,"enemies":"Shelled Parasite and Fungi","floor":28,"turns":3}],"seed_played":"-4328003771611995348","potions_obtained":[{"floor":1.0,"key":"SkillPotion"},{"floor":4.0,"key":"Languid Potion"},{"floor":11.0,"key":"Elixir"},{"floor":12.0,"key":"Strength Potion"},{"floor":16.0,"key":"sneckomod:MuddlingPotion"},{"floor":20.0,"key":"ColorlessPotion"}],"is_trial":false,"path_per_floor":["M","?","?","M","$","R","E","M","T","E","M","M","R","M","R","B",null,"M","M","M","$","M","R","M","R","T","E","M"],"character_chosen":"MKU","items_purchased":["MokouMod:RetainTemperature+1","hubris:MedicalManual"],"campfire_rested":0,"item_purchase_floors":[5,21],"current_hp_per_floor":[57,57,57,44,44,44,25,25,25,23,13,18,18,18,18,2,57,40,23,9,9,9,9,1,1,1,12,0,0,0],"gold":200,"neow_bonus":"HUNDRED_GOLD","is_daily":false,"chose_seed":false,"campfire_upgraded":5,"win_rate":0.0,"timestamp":1612421342,"path_taken":["M","?","?","?","?","R","E","M","T","E","?","?","R","M","R","BOSS","M","M","?","$","M","R","M","R","T","E","M"],"items_purchased_type":["Card","Relic"],"build_version":"2020-12-22","purchased_purges":1,"victory":false,"max_hp_per_floor":[75,75,75,75,75,75,75,75,75,75,75,75,75,75,75,75,75,75,75,75,75,75,75,75,75,75,75,75,75,75],"card_choices":[{"not_picked":["MokouMod:HeatFactory","MokouMod:FlickeringFlame"],"picked":"MokouMod:FujiyamaVolcano","floor":1.0},{"not_picked":["MokouMod:Firecracker","MokouMod:SearingShot"],"picked":"MokouMod:Burn","floor":4.0},{"not_picked":["MokouMod:ResoluteFlare","MokouMod:Meltdown","MokouMod:Stoke"],"picked":"SKIP","floor":7.0},{"not_picked":["MokouMod:Stoke","MokouMod:FlareStarter"],"picked":"MokouMod:Overheat","floor":8.0},{"not_picked":["MokouMod:DanceofFlames","MokouMod:FujiyamaVolcano","MokouMod:BlazingComet"],"picked":"SKIP","floor":10.0},{"not_picked":["MokouMod:CrimsonFlare","MokouMod:SearingShot"],"picked":"MokouMod:FlamingFireTalons","floor":11.0},{"not_picked":["MokouMod:FlamingFireTalons","MokouMod:SearingShot"],"picked":"MokouMod:Sear","floor":12.0},{"not_picked":["MokouMod:HouraiForge","MokouMod:ResoluteFlare"],"picked":"MokouMod:InfernalWave","floor":14.0},{"not_picked":["MokouMod:FlamingFireTalons","MokouMod:BurningDraft+1","MokouMod:EternalBurstReactor"],"picked":"MokouMod:HeatCyclone+1","floor":18.0},{"not_picked":["MokouMod:Afterburner","MokouMod:FujiyamaVolcano+1","MokouMod:Refresh"],"picked":"MokouMod:CrimsonArmoury","floor":19.0},{"not_picked":["MokouMod:IndiscriminateIgnition","MokouMod:FlareStarter","MokouMod:ScorchingColumn"],"picked":"MokouMod:BlazingComet","floor":20.0},{"not_picked":["MokouMod:Stoke","MokouMod:AdaptivePyromancy+1","MokouMod:ResoluteFlare"],"picked":"MokouMod:SearingBlow","floor":22.0},{"not_picked":["MokouMod:FlickeringFlame+1","MokouMod:RoaringFlare","MokouMod:FujiyamaVolcano"],"picked":"MokouMod:Overheat","floor":24.0},{"not_picked":["MokouMod:ScorchedEarth","MokouMod:Firecracker","MokouMod:Singe"],"picked":"MokouMod:Afterburner","floor":27}],"player_experience":1165125,"relics_obtained":[{"floor":7.0,"key":"Bag of Preparation"},{"floor":9.0,"key":"Vajra"},{"floor":10.0,"key":"conspire:TopHat"},{"floor":26.0,"key":"Replay:Baseball"},{"floor":27,"key":"TungstenRod"}],"event_choices":[{"damage_healed":0.0,"max_hp_gain":0.0,"max_hp_loss":0.0,"gold_gain":0.0,"event_name":"conspire:Investor","player_choice":"Invest 1","floor":2.0,"gold_loss":0.0,"damage_taken":0.0}],"is_beta":false,"boss_relics":[{"not_picked":["Replay:Drink Me","SlaversCollar"],"picked":"Honey Jar"}],"items_purged_floors":[5],"is_endless":false,"potions_floor_spawned":[1,4,11,12,16,20],"killed_by":"Shelled Parasite and Fungi","ascension_level":7}}