{"host":"h5acbxt0wmjo1kpm","time":1612436744,"event":{"mods":["2.2 Compatiblity","Act Like it!","AlwaysNeverKeys","Aspiration","Bard","Bartender","BaseMod","Better Third Choice","Colored Map","Downfall","Elementarium","Gensokyo","GifTheSpireLib","Hallownest","Marisa????????","Menagerie","Minty Spire (QoL Compilation)","Permanent Neow","Potionbrewer","Quick Restart","Relic Filter","Reliquary","Robot Space Explorer","RumiaBox-????????","Shade Mod","Spicy Shops","StSLib","Strawberry Spire","The Blackbeard","The Dragon Tamer","The Gatherer","The Hayseed","The Problem Sleuth","The Servant 0.9.4","Wandering Minibosses","Wide Potions"],"gold_per_floor":[99,116,128,128,128,128,209,209,209,220,240,240,271,291,302,406,406,406,417,433,321,321,321,321,321],"floor_reached":23,"language":"ENG","playtime":1590,"items_purged":[],"score":265,"play_id":"5cc5f112-209d-49fd-95ec-adb154e91c4c","local_time":"20210204030544","is_ascension_mode":true,"campfire_choices":[{"data":"bronze:Goto","floor":1,"key":"SMITH"},{"data":"bronze:Spike","floor":6,"key":"SMITH"},{"floor":8,"key":"REST"},{"data":"bronze:AlphaBuild","floor":12,"key":"SMITH"},{"data":"Cloak And Dagger","floor":18,"key":"SMITH"}],"circlet_count":0,"master_deck":["bronze:Defend","bronze:Defend","bronze:Defend","bronze:Defend","bronze:Replicate","bronze:Goto+1","bronze:Terminator","Sucker Punch","bronze:Spike+1","Escape Plan","Malaise+1","bronze:AlphaBuild+1","strawberrySpire:KnifeParty+1","bronze:Constructor","Wraith Form v2+1","Cloak And Dagger+1","Noxious Fumes+1","bronze:Library+1","bronze:BronzeArmor","strawberrySpire:Slide","bronze:CutThrough","Endless Agony","Dagger Throw","Poisoned Stab"],"relics":["aspiration:SilentSkillbook","Vajra","Frozen Egg 2","potionbrewer:WarMedal","strawberrySpire:Dictionifier"],"acts_visited":["Exordium","Elementarium:Elementarium"],"potions_floor_usage":[4,11,19,20,23,23,23],"damage_taken":[{"damage":2,"enemies":"Jaw Worm","floor":2,"turns":3},{"damage":15,"enemies":"2 Louse","floor":3,"turns":6},{"damage":0,"enemies":"2 Louse","floor":4,"turns":4},{"damage":0,"enemies":"Small Slimes","floor":10,"turns":2},{"damage":4,"enemies":"Gremlin Gang","floor":11,"turns":4},{"damage":18,"enemies":"Gremlin Nob","floor":13,"turns":5},{"damage":1,"enemies":"2 Fungi Beasts","floor":14,"turns":2},{"damage":0,"enemies":"3 Louse","floor":15,"turns":2},{"damage":0,"enemies":"SI_SHIV_ARCHETYPE","floor":16,"turns":6},{"damage":3,"enemies":"Elementarium:VoidCorruption","floor":19,"turns":5},{"damage":5,"enemies":"Elementarium:Cyclone","floor":20,"turns":7},{"damage":3,"enemies":"downfall:FleeingMerchant","floor":21,"turns":4},{"damage":70,"enemies":"Elementarium:ElementalPortal","floor":23,"turns":9}],"seed_played":"7254647693890056309","potions_obtained":[{"floor":2,"key":"hexamod:SoulburnPotion"},{"floor":4,"key":"ColorlessPotion"},{"floor":13,"key":"Block Potion"},{"floor":14,"key":"EntropicBrew"}],"is_trial":false,"path_per_floor":["R","M","M","?","?","R","T","R","?","M","M","R","E","M","M","B",null,"R","M","M","$","?","E"],"character_chosen":"THE_AUTOMATON","items_purchased":["strawberrySpire:Slide","bronze:CutThrough"],"campfire_rested":1,"item_purchase_floors":[21,21],"current_hp_per_floor":[70,68,53,53,30,30,30,51,51,51,47,47,29,28,28,28,70,70,67,62,59,59,0,0,0],"gold":321,"neow_bonus":"BOSS_RELIC","is_daily":false,"chose_seed":false,"campfire_upgraded":4,"win_rate":0.0,"timestamp":1612436744,"path_taken":["R","M","M","?","?","R","T","R","?","M","M","R","E","?","M","BOSS","R","M","M","$","?","E"],"items_purchased_type":["Card","Card"],"build_version":"2020-12-22","purchased_purges":0,"victory":false,"max_hp_per_floor":[70,70,70,70,70,70,70,70,70,70,70,70,70,70,70,70,70,70,70,70,70,70,70,70,70],"card_choices":[{"not_picked":["bronze:BitShift","Slice","Deadly Poison"],"picked":"bronze:Terminator","floor":2},{"not_picked":["Outmaneuver","bronze:Constructor","Masterful Stab"],"picked":"Sucker Punch","floor":3},{"not_picked":[],"picked":"bronze:Spike","floor":4},{"not_picked":["bronze:DelayedGuard","strawberrySpire:SpinKick","bronze:Deprecate"],"picked":"Escape Plan","floor":4},{"not_picked":["strawberrySpire:SpinKick","bronze:Shield","Eviscerate"],"picked":"strawberrySpire:KnifeParty+1","floor":10},{"not_picked":["All Out Attack","bronze:BugBarrage","Quick Slash"],"picked":"bronze:Constructor","floor":11},{"not_picked":["Deflect","bronze:BronzeArmor","bronze:Constructor"],"picked":"Wraith Form v2+1","floor":13},{"not_picked":["bronze:DarkDash","strawberrySpire:Insectonator","bronze:Turbo"],"picked":"Cloak And Dagger","floor":14},{"not_picked":["bronze:InfiniteBeams+1","strawberrySpire:Fastroyer","bronze:Invalidate"],"picked":"Noxious Fumes+1","floor":15},{"not_picked":["bronze:Format","bronze:Break","strawberrySpire:Lockstep+1"],"picked":"bronze:Library+1","floor":16},{"not_picked":["Eviscerate+1","bronze:Turbo","bronze:OilSpill","bronze:BronzeArmor"],"picked":"SKIP","floor":19},{"not_picked":["Eviscerate+1","bronze:Turbo","bronze:OilSpill"],"picked":"bronze:BronzeArmor","floor":19},{"not_picked":["Choke","bronze:NullPointer","strawberrySpire:Fastroyer","bronze:Iterate"],"picked":"SKIP","floor":20},{"not_picked":["bronze:WhirlingStrike","Dodge and Roll","bronze:Frontload","Underhanded Strike"],"picked":"SKIP","floor":21}],"player_experience":2662762,"relics_obtained":[{"floor":7,"key":"Frozen Egg 2"},{"floor":13,"key":"potionbrewer:WarMedal"}],"event_choices":[],"is_beta":false,"boss_relics":[{"not_picked":["reliquary:KinkedSpring","Coffee Dripper"],"picked":"strawberrySpire:Dictionifier"}],"items_purged_floors":[],"is_endless":false,"potions_floor_spawned":[2,4,13,14,15,20],"killed_by":"Elementarium:ElementalPortal","ascension_level":2}}