{"host":"zjc1tzo4ovig5lll","time":1612459468,"event":{"mods":["AchievementEnabler","Aspiration","BaseMod","Beaked The Cultist","Better Altar","Better Match","Better Note","Better Sensory Stone","Colored Map","Colored Powertips","Conspire","Energized Spire","Friendly Minions","GifTheSpireLib","Halation","Hermit","Hubris","Minty Spire (QoL Compilation)","Rare Cards Sparkle","Replay The Spire","StSLib","The Blue Laboratory","The Bug Knight","The Construct","The Jungle","everything is the same but u backflip on backflip"],"gold_per_floor":[118,118,80,98,113,113,113,113,136,166,91,107,127,145,145,241,241,261,276,41,41,41],"floor_reached":21,"language":"ENG","playtime":817,"items_purged":["beaked:Strike_Y"],"score":217,"play_id":"d0a0222c-512c-445f-9d23-2eb1b3b3553c","local_time":"20210204192428","is_ascension_mode":true,"campfire_choices":[{"data":"beaked:CrazyRituals","floor":6.0,"key":"SMITH"},{"data":"beaked:Insight","floor":8.0,"key":"SMITH"},{"floor":15.0,"key":"REST"}],"circlet_count":0,"master_deck":["beaked:Strike_Y","beaked:Strike_Y","beaked:Strike_Y","beaked:Strike_Y","beaked:Strike_Y","beaked:Defend_Y","beaked:Defend_Y","beaked:Defend_Y","beaked:Defend_Y","beaked:Ceremony","beaked:Ceremony","beaked:Ceremony","beaked:CrazyRituals+1","beaked:Insight+1","beaked:WarriorSpirit","beaked:KnowThyFoe","beaked:Hexing","Crow Ritual","beaked:Insight"],"relics":["beaked:MendingPlumage","NeowsBlessing","Replay:Mystery Machine","ReplayTheSpireMod:Ninjato","aspiration:FutureDiary"],"acts_visited":["Exordium","TheCity"],"potions_floor_usage":[19,19],"damage_taken":[{"damage":0.0,"enemies":"Small Slimes","floor":1.0,"turns":1.0},{"damage":0.0,"enemies":"Cultist","floor":4.0,"turns":1.0},{"damage":0.0,"enemies":"Jaw Worm","floor":5.0,"turns":1.0},{"damage":60.0,"enemies":"3 Sentries","floor":10.0,"turns":10.0},{"damage":19.0,"enemies":"Exordium Thugs","floor":12.0,"turns":5.0},{"damage":12.0,"enemies":"Large Slime","floor":13.0,"turns":9.0},{"damage":39.0,"enemies":"Lots of Slimes","floor":14.0,"turns":6.0},{"damage":37.0,"enemies":"The Guardian","floor":16.0,"turns":11.0},{"damage":28.0,"enemies":"Spheric Guardian","floor":18.0,"turns":4.0},{"damage":22,"enemies":"2 Thieves","floor":19,"turns":4},{"damage":35,"enemies":"Centurion and Healer","floor":21,"turns":3}],"seed_played":"-3332725022384714394","potions_obtained":[{"floor":5.0,"key":"blueLaboratory:HorrorPotion"},{"floor":7.0,"key":"blueLaboratory:BottleOfRum"},{"floor":7.0,"key":"Adrenaline Potion"},{"floor":16.0,"key":"Fire Potion"}],"is_trial":false,"path_per_floor":["M","?","$","M","M","R","?","R","T","E","$","M","M","M","R","B",null,"M","M","$","M"],"character_chosen":"BEAKED_THE_CULTIST","items_purchased":["beaked:CrazyRituals","Crow Ritual","beaked:Insight"],"campfire_rested":1,"item_purchase_floors":[3,20,20],"current_hp_per_floor":[50,50,50,50,50,50,50,50,50,24,24,20,32,15,30,32,50,29,20,20,0,0],"gold":41,"neow_bonus":"THREE_ENEMY_KILL","is_daily":false,"chose_seed":false,"campfire_upgraded":2,"win_rate":0.0,"timestamp":1612459468,"path_taken":["M","?","$","M","?","R","?","R","T","E","?","?","M","M","R","BOSS","M","M","$","M"],"items_purchased_type":["Card","Card","Card"],"build_version":"2020-12-22","purchased_purges":1,"victory":false,"max_hp_per_floor":[50,50,50,50,50,50,50,50,50,50,50,50,50,50,50,50,50,50,50,50,50,50],"card_choices":[{"not_picked":["beaked:Cower","beaked:MachineSpirit","beaked:CursingBlood"],"picked":"SKIP","floor":1.0},{"not_picked":["beaked:WindBringer","beaked:Roost","beaked:Cower"],"picked":"SKIP","floor":4.0},{"not_picked":["beaked:WindBringer","beaked:Brace"],"picked":"beaked:Insight","floor":5.0},{"not_picked":["beaked:Roost","beaked:StunningBlow"],"picked":"beaked:WarriorSpirit","floor":10.0},{"not_picked":["beaked:Devastation","beaked:Tweet","beaked:WarriorSpirit"],"picked":"SKIP","floor":12.0},{"not_picked":["beaked:Flinch","beaked:SurvivalInstinct","beaked:WarriorEssence"],"picked":"SKIP","floor":13.0},{"not_picked":["beaked:BraceForImpact","beaked:Brace","beaked:WarriorEssence"],"picked":"SKIP","floor":14.0},{"not_picked":["beaked:VolatileMisfortune","beaked:LiftOff"],"picked":"beaked:KnowThyFoe","floor":16.0},{"not_picked":["beaked:WarriorEssence","beaked:BloodForTheGods"],"picked":"beaked:Hexing","floor":18.0},{"not_picked":["beaked:WarriorEssence","beaked:Poke","beaked:Windmill+1"],"picked":"SKIP","floor":19}],"player_experience":685952,"relics_obtained":[{"floor":9.0,"key":"Replay:Mystery Machine"},{"floor":10.0,"key":"ReplayTheSpireMod:Ninjato"}],"event_choices":[{"damage_healed":0.0,"max_hp_gain":0.0,"max_hp_loss":0.0,"gold_gain":0.0,"event_name":"The Woman in Blue","player_choice":"Bought 0 Potions","floor":2.0,"gold_loss":0.0,"damage_taken":0.0},{"damage_healed":0.0,"max_hp_gain":0.0,"max_hp_loss":0.0,"gold_gain":0.0,"event_name":"Lab","player_choice":"Got Potions","floor":7.0,"gold_loss":0.0,"damage_taken":0.0}],"is_beta":false,"boss_relics":[{"not_picked":["Snecko Eye","Fusion Hammer"],"picked":"aspiration:FutureDiary"}],"items_purged_floors":[11],"is_endless":false,"potions_floor_spawned":[4,5,10,16,18],"killed_by":"Centurion and Healer","ascension_level":4}}