{"host":"l5zfpd2l2htson6l","time":1612418822,"event":{"mods":["AchievementEnabler","BaseMod","Colored Map","Colored Powertips","Minty Spire (QoL Compilation)","Permanent Neow","Quick Restart","Rare Cards Sparkle","Relic Stats","SuperFastMode"],"gold_per_floor":[116,116,134,152,165,165,197,197,220,240,10,72,72,106,106,106,106],"floor_reached":16,"language":"ENG","playtime":976,"items_purged":["Strike_R"],"score":215,"play_id":"2939f6b4-e0eb-4968-a43a-01f43f2056c0","local_time":"20210203220702","is_ascension_mode":true,"campfire_choices":[{"data":"1","floor":6,"key":"LIFT"},{"data":"2","floor":8,"key":"LIFT"},{"floor":13,"key":"REST"},{"data":"Armaments","floor":15,"key":"SMITH"}],"circlet_count":0,"master_deck":["AscendersBane","Strike_R","Strike_R","Strike_R","Strike_R","Defend_R","Defend_R","Defend_R","Defend_R","Bash","Wild Strike+1","Armaments+1","Flame Barrier","Whirlwind","Flex","Feed","Offering","Evolve"],"relics":["Burning Blood","Girya","Orichalcum","Omamori","Anchor"],"acts_visited":["Exordium"],"potions_floor_usage":[7,12,16],"damage_taken":[{"damage":7,"enemies":"Cultist","floor":1,"turns":4},{"damage":1,"enemies":"2 Louse","floor":3,"turns":3},{"damage":16,"enemies":"Small Slimes","floor":4,"turns":4},{"damage":3,"enemies":"3 Louse","floor":5,"turns":5},{"damage":32,"enemies":"Lagavulin","floor":7,"turns":8},{"damage":15,"enemies":"Large Slime","floor":10,"turns":4},{"damage":20,"enemies":"Gremlin Nob","floor":12,"turns":4},{"damage":8,"enemies":"Gremlin Nob","floor":14,"turns":3},{"damage":33,"enemies":"Hexaghost","floor":16,"turns":9}],"seed_played":"-5382779388814018190","potions_obtained":[{"floor":5,"key":"SteroidPotion"},{"floor":7,"key":"AttackPotion"},{"floor":14,"key":"SkillPotion"}],"is_trial":false,"path_per_floor":["M","?","M","M","M","R","E","R","T","M","$","?","R","E","R","B"],"character_chosen":"IRONCLAD","items_purchased":["Feed"],"campfire_rested":1,"item_purchase_floors":[11],"current_hp_per_floor":[67,67,68,58,61,61,35,35,35,26,26,12,32,30,30,0,0],"gold":106,"neow_bonus":"ONE_RARE_RELIC","is_daily":false,"chose_seed":false,"campfire_upgraded":1,"win_rate":0.0,"timestamp":1612418822,"path_taken":["M","?","M","?","M","R","E","R","T","M","$","?","R","E","R","BOSS"],"items_purchased_type":["Card"],"build_version":"2020-12-22","purchased_purges":1,"victory":false,"max_hp_per_floor":[68,68,68,68,68,68,68,68,68,68,68,68,68,68,68,68,68],"relic_stats":{"counters":[9,44],"Orichalcum":[36],"obtain_stats":[{"Girya":0,"Anchor":14,"Omamori":12,"Orichalcum":7,"Burning Blood":0},{"Girya":0,"Anchor":8,"Omamori":6,"Orichalcum":5,"Burning Blood":0},{"Girya":0,"Anchor":35,"Omamori":28,"Orichalcum":24,"Burning Blood":0}],"Burning Blood":44},"card_choices":[{"not_picked":["Anger","True Grit"],"picked":"Wild Strike","floor":1},{"not_picked":["Dual Wield","Flex"],"picked":"Armaments","floor":3},{"not_picked":["Body Slam","Iron Wave"],"picked":"Flame Barrier","floor":4},{"not_picked":["Wild Strike","Flex"],"picked":"Whirlwind","floor":5},{"not_picked":["Feel No Pain","Perfected Strike","Thunderclap"],"picked":"SKIP","floor":7},{"not_picked":["Combust","Reckless Charge"],"picked":"Flex","floor":10},{"not_picked":["Flex","Thunderclap"],"picked":"Offering","floor":12},{"not_picked":["Dual Wield","Bloodletting"],"picked":"Evolve","floor":14}],"player_experience":861588,"relics_obtained":[{"floor":7,"key":"Orichalcum"},{"floor":14,"key":"Anchor"}],"event_choices":[{"damage_healed":0,"gold_gain":0,"player_choice":"Upgraded","damage_taken":0,"max_hp_gain":0,"max_hp_loss":0,"event_name":"Upgrade Shrine","floor":2,"gold_loss":0,"cards_upgraded":["Wild Strike"]},{"damage_healed":0,"gold_gain":0,"player_choice":"Searched \u00273\u0027 times","damage_taken":0,"relics_obtained":["Omamori"],"max_hp_gain":0,"max_hp_loss":0,"event_name":"Dead Adventurer","floor":12,"gold_loss":0}],"is_beta":false,"boss_relics":[],"items_purged_floors":[11],"is_endless":false,"potions_floor_spawned":[5,7,14],"killed_by":"Hexaghost","ascension_level":19}}