{"host":"vddnn8yddbh0df4g","time":1612478558,"event":{"mods":["Act Like it!","BaseMod","Beaked The Cultist","Bestiary","Clockwork Mod","Downfall","Minty Spire (QoL Compilation)","Shop Mod","StSLib","SuperFastMode","The Construct","The Runesmith"],"gold_per_floor":[111,143,330,342,105,115,115,126,157,174,174,188,188,215,225,225,225,225],"floor_reached":16,"language":"ENG","playtime":632,"items_purged":["Regret"],"score":118,"play_id":"b764b7fd-d6c3-4da3-a328-e99e66dcd2a1","local_time":"20210204174238","is_ascension_mode":true,"campfire_choices":[{"data":"sneckomod:SnekBite","floor":1.0,"key":"SMITH"},{"data":"Enlightenment","floor":11,"key":"SMITH"},{"data":"sneckomod:WideSting","floor":13,"key":"SMITH"}],"circlet_count":0,"master_deck":["sneckomod:Strike","sneckomod:Strike","sneckomod:Strike","sneckomod:Defend","sneckomod:Defend","sneckomod:Defend","sneckomod:TailWhip","sneckomod:SnekBite+1","sneckomod:Unknown","sneckomod:Unknown","sneckomod:CheapStock","Doubt","sneckomod:SoulDraw","sneckomod:UnknownUncommonPower","Enlightenment+1","sneckomod:SnakeSap","sneckomod:WideSting+1","sneckomod:UnknownCommonSkill","sneckomod:Unknown3Cost","sneckomod:UnknownDexterity","sneckomod:UnknownStrength"],"relics":["sneckomod:SneckoSoul","MawBank","Centennial Puzzle","Runesmith:Nanobots","Pen Nib","Eternal Feather"],"acts_visited":["Exordium"],"potions_floor_usage":[14,16],"damage_taken":[{"damage":0.0,"enemies":"2 Louse","floor":2.0,"turns":1.0},{"damage":2.0,"enemies":"downfall:FleeingMerchant","floor":5.0,"turns":4.0},{"damage":11.0,"enemies":"Jaw Worm","floor":6.0,"turns":3.0},{"damage":0.0,"enemies":"Cultist","floor":8.0,"turns":3.0},{"damage":31.0,"enemies":"3 Sentries","floor":9.0,"turns":7.0},{"damage":30,"enemies":"Exordium Thugs","floor":10,"turns":6},{"damage":7,"enemies":"2 Fungi Beasts","floor":12,"turns":3},{"damage":4,"enemies":"Gremlin Nob","floor":14,"turns":3},{"damage":33,"enemies":"Large Slime","floor":15,"turns":5},{"damage":4,"enemies":"SI_SHIV_ARCHETYPE","floor":16,"turns":3}],"seed_played":"-2844682243832372134","potions_obtained":[{"floor":6.0,"key":"CultistPotion"},{"floor":8.0,"key":"FairyPotion"},{"floor":10,"key":"hexamod:SoulburnPotion"}],"is_trial":false,"path_per_floor":["R","M","?","?","$","M","T","M","E","M","R","M","R","E","M","B"],"character_chosen":"THE_SNECKO","items_purchased":["sneckomod:UnknownUncommonPower","Enlightenment"],"campfire_rested":0,"item_purchase_floors":[5,5],"current_hp_per_floor":[90,90,90,90,88,77,77,77,46,16,16,9,9,5,3,0,0,0],"gold":225,"neow_bonus":"RANDOM_COMMON_RELIC","is_daily":false,"chose_seed":false,"campfire_upgraded":3,"win_rate":0.0,"timestamp":1612478558,"path_taken":["R","M","?","?","?","M","T","M","E","M","R","M","R","E","M","BOSS"],"items_purchased_type":["Card","Card"],"build_version":"2020-12-22","purchased_purges":1,"victory":false,"max_hp_per_floor":[90,90,90,90,90,90,90,90,90,90,90,90,90,90,90,90,90,90],"card_choices":[{"not_picked":["sneckomod:DiceBlock","sneckomod:Unknown1Cost"],"picked":"sneckomod:CheapStock","floor":2.0},{"not_picked":["sneckomod:UnknownWeak","sneckomod:UnknownUncommonSkill"],"picked":"sneckomod:SoulDraw","floor":5.0},{"not_picked":["sneckomod:DiceCrush","sneckomod:UnknownUncommonSkill"],"picked":"sneckomod:SnakeSap","floor":6.0},{"not_picked":["sneckomod:UnknownCommonSkill","sneckomod:UnknownExhaust"],"picked":"sneckomod:WideSting","floor":8.0},{"not_picked":["sneckomod:SoulDraw","sneckomod:QuickBite","sneckomod:DiceBlock"],"picked":"SKIP","floor":9.0},{"not_picked":["sneckomod:Rotation","sneckomod:WideSting"],"picked":"sneckomod:UnknownCommonSkill","floor":10},{"not_picked":["sneckomod:UnknownBlock","sneckomod:DiceCrush"],"picked":"sneckomod:Unknown3Cost","floor":12},{"not_picked":["sneckomod:SnekBeam","sneckomod:Unknown1Cost"],"picked":"sneckomod:UnknownDexterity","floor":14},{"not_picked":["sneckomod:UnknownCommonAttack","sneckomod:QuickBite"],"picked":"sneckomod:UnknownStrength","floor":15}],"player_experience":734243,"relics_obtained":[{"floor":7.0,"key":"Runesmith:Nanobots"},{"floor":9.0,"key":"Pen Nib"},{"floor":14,"key":"Eternal Feather"}],"event_choices":[{"damage_healed":0.0,"max_hp_gain":0.0,"max_hp_loss":0.0,"gold_gain":0.0,"event_name":"Big Fish","player_choice":"Box","floor":4.0,"gold_loss":0.0,"damage_taken":0.0,"relics_obtained":["Centennial Puzzle"],"cards_obtained":["Regret"]}],"is_beta":false,"boss_relics":[],"items_purged_floors":[5],"is_endless":false,"potions_floor_spawned":[6,8,10,12],"killed_by":"SI_SHIV_ARCHETYPE","ascension_level":1}}