{"host":"vumwfieg2b2mnrfl","time":1612401342,"event":{"mods":["AchievementEnabler","BaseMod","Minty Spire (QoL Compilation)","Rare Cards Sparkle","Relic Stats"],"gold_per_floor":[115,32,42,42,42,42,42],"floor_reached":6,"language":"ENG","playtime":140,"items_purged":[],"score":68,"play_id":"fa78fe16-d87f-49df-9178-a106da5f79e2","local_time":"20210203191542","is_ascension_mode":true,"campfire_choices":[],"circlet_count":0,"master_deck":["AscendersBane","Strike_G","Strike_G","Strike_G","Strike_G","Strike_G","Defend_G","Defend_G","Defend_G","Defend_G","Defend_G","Survivor","Neutralize","Catalyst","Masterful Stab","Injury"],"relics":["Cursed Key","Orichalcum","Golden Idol"],"acts_visited":["Exordium"],"potions_floor_usage":[],"damage_taken":[{"damage":5,"enemies":"2 Louse","floor":1,"turns":5},{"damage":12,"enemies":"Cultist","floor":3,"turns":6},{"damage":58,"enemies":"Gremlin Nob","floor":6,"turns":6}],"seed_played":"-3473736900170783649","potions_obtained":[],"is_trial":false,"path_per_floor":["M","?","M","$","?","E"],"character_chosen":"THE_SILENT","items_purchased":[],"campfire_rested":0,"item_purchase_floors":[],"current_hp_per_floor":[54,54,42,42,42,0,0],"gold":42,"neow_bonus":"BOSS_RELIC","is_daily":false,"chose_seed":false,"campfire_upgraded":0,"win_rate":0.0,"timestamp":1612401342,"path_taken":["M","?","?","$","?","E"],"items_purchased_type":[],"build_version":"2020-12-22","purchased_purges":0,"victory":false,"max_hp_per_floor":[66,66,66,66,66,66,66],"relic_stats":{"counters":[3,17],"Golden Idol":0,"Orichalcum":[36],"Cursed Key":0,"obtain_stats":[{"Golden Idol":5,"Orichalcum":2,"Cursed Key":0,"Ring of the Snake":0},{"Golden Idol":2,"Orichalcum":1,"Cursed Key":0,"Ring of the Snake":0},{"Golden Idol":11,"Orichalcum":5,"Cursed Key":0,"Ring of the Snake":0}]},"card_choices":[{"not_picked":["Sucker Punch","Acrobatics"],"picked":"Catalyst","floor":1},{"not_picked":["Deflect","Dodge and Roll"],"picked":"Masterful Stab","floor":3}],"player_experience":520532,"relics_obtained":[],"event_choices":[{"damage_healed":0,"gold_gain":0,"player_choice":"Paid Gold","damage_taken":0,"relics_obtained":["Orichalcum"],"max_hp_gain":0,"max_hp_loss":0,"event_name":"WeMeetAgain","floor":2,"gold_loss":83},{"damage_healed":0,"gold_gain":0,"player_choice":"Take Wound","damage_taken":0,"relics_obtained":["Golden Idol"],"max_hp_gain":0,"max_hp_loss":0,"event_name":"Golden Idol","floor":5,"gold_loss":0,"cards_obtained":["Injury"]}],"is_beta":false,"boss_relics":[],"items_purged_floors":[],"is_endless":false,"potions_floor_spawned":[],"killed_by":"Gremlin Nob","ascension_level":20}}