{"host":"Vegetablebread","time":1612461560,"event":{"mods":["BaseMod","Bestiary","Minty Spire (QoL Compilation)","Relic Stats","Slay the Relics Exporter"],"gold_per_floor":[112,112,131,145,26,53,53,83,83,83,107,107,134,144,144,215,215,230,230,54,54,68,95,115,146,169,189,189,31,31,31,31,104,104,123,175,135,135,151,151,101,101,126,126,152,66,84,3,3,3,3],"floor_reached":50,"language":"ENG","playtime":6297,"items_purged":["Regret","Strike_R"],"score":1319,"play_id":"a726d5c5-bf13-4567-bd56-db4c569de065","local_time":"20210204095920","is_ascension_mode":true,"campfire_choices":[{"data":"Whirlwind","floor":7,"key":"SMITH"},{"data":"Flex","floor":12,"key":"SMITH"},{"data":"Rage","floor":15,"key":"SMITH"},{"data":"Shockwave","floor":28,"key":"SMITH"},{"data":"Demon Form","floor":32,"key":"SMITH"},{"floor":40,"key":"REST"},{"floor":42,"key":"RECALL"},{"data":"Bash","floor":44,"key":"SMITH"},{"data":"Shockwave","floor":49,"key":"SMITH"}],"circlet_count":0,"master_deck":["AscendersBane","Defend_R","Defend_R","Bash+1","Whirlwind+1","Anger","Flex+1","Rage+1","Battle Trance","Juggernaut+1","Battle Trance","Shockwave+1","Sword Boomerang+1","Demon Form+1","Bite","Bite","Bite","Bite","Bite","Fiend Fire+1","Dark Embrace+1","Second Wind","Shockwave+1"],"relics":["Busted Crown","PreservedInsect","Pantograph","MealTicket","Mummified Hand","Odd Mushroom","Regal Pillow","Runic Dome","White Beast Statue","Lantern","Juzu Bracelet","Happy Flower","Snecko Eye","Charon\u0027s Ashes","Bird Faced Urn"],"acts_visited":["Exordium","TheCity","TheBeyond"],"potions_floor_usage":[6,16,23,23,25,27,33,33,36,39,45,47,50,50],"damage_taken":[{"damage":0,"enemies":"Cultist","floor":1,"turns":3},{"damage":5,"enemies":"Small Slimes","floor":3,"turns":3},{"damage":0,"enemies":"Jaw Worm","floor":4,"turns":3},{"damage":0,"enemies":"Gremlin Nob","floor":6,"turns":2},{"damage":14,"enemies":"Lagavulin","floor":8,"turns":5},{"damage":7,"enemies":"The Mushroom Lair","floor":11,"turns":2},{"damage":0,"enemies":"Gremlin Nob","floor":13,"turns":2},{"damage":0,"enemies":"2 Fungi Beasts","floor":14,"turns":2},{"damage":33,"enemies":"Slime Boss","floor":16,"turns":6},{"damage":0,"enemies":"3 Byrds","floor":18,"turns":3},{"damage":18,"enemies":"Chosen","floor":22,"turns":4},{"damage":0,"enemies":"Gremlin Leader","floor":23,"turns":2},{"damage":1,"enemies":"3 Cultists","floor":24,"turns":3},{"damage":16,"enemies":"Book of Stabbing","floor":25,"turns":3},{"damage":33,"enemies":"Snake Plant","floor":27,"turns":3},{"damage":0,"enemies":"Champ","floor":33,"turns":6},{"damage":0,"enemies":"Orb Walker","floor":35,"turns":2},{"damage":37,"enemies":"2 Orb Walkers","floor":36,"turns":4},{"damage":16,"enemies":"3 Darklings","floor":39,"turns":4},{"damage":30,"enemies":"Giant Head","floor":45,"turns":5},{"damage":13,"enemies":"Spire Growth","floor":47,"turns":3},{"damage":61,"enemies":"Awakened One","floor":50,"turns":5}],"seed_played":"7439769876359799169","potions_obtained":[{"floor":1,"key":"HeartOfIron"},{"floor":3,"key":"ColorlessPotion"},{"floor":4,"key":"Energy Potion"},{"floor":11,"key":"Regen Potion"},{"floor":22,"key":"Fire Potion"},{"floor":23,"key":"PowerPotion"},{"floor":24,"key":"CultistPotion"},{"floor":25,"key":"EssenceOfSteel"},{"floor":27,"key":"Weak Potion"},{"floor":33,"key":"Energy Potion"},{"floor":35,"key":"Weak Potion"},{"floor":36,"key":"Dexterity Potion"},{"floor":37,"key":"DuplicationPotion"},{"floor":37,"key":"SkillPotion"},{"floor":39,"key":"BlessingOfTheForge"},{"floor":45,"key":"Block Potion"},{"floor":47,"key":"SneckoOil"}],"is_trial":false,"path_per_floor":["M","?","M","M","$","E","R","E","T","?","?","R","E","M","R","B",null,"M","?","$","T","M","E","M","E","T","M","R","$","?","?","R","B",null,"M","?","?","?","M","R","?","R","T","R","E","$","M","$","R","B"],"character_chosen":"IRONCLAD","items_purchased":["Rage","Shockwave","Demon Form","Second Wind","Shockwave"],"campfire_rested":1,"item_purchase_floors":[5,20,29,46,48],"current_hp_per_floor":[68,68,63,63,63,63,63,49,49,42,35,35,35,35,35,27,63,63,63,75,75,57,62,61,45,45,12,12,27,27,27,27,52,52,52,23,23,23,13,43,43,43,43,43,21,36,37,52,52,0,0],"gold":3,"neow_bonus":"BOSS_RELIC","is_daily":false,"chose_seed":false,"campfire_upgraded":7,"win_rate":0.0,"timestamp":1612461560,"path_taken":["M","?","M","M","$","E","R","E","T","?","?","R","E","M","R","BOSS","M","?","$","?","M","E","M","E","T","M","R","$","?","?","R","BOSS","M","?","?","?","M","R","?","R","T","R","E","?","M","$","R","BOSS"],"items_purchased_type":["Card","Card","Card","Card","Card"],"build_version":"2020-12-18","purchased_purges":2,"victory":false,"max_hp_per_floor":[75,75,75,75,75,75,75,75,75,75,75,75,75,75,75,75,75,75,75,75,75,75,75,75,75,75,75,75,75,52,52,52,52,52,52,52,52,52,52,52,52,52,52,52,52,52,52,52,52,52,52],"relic_stats":{"Regal Pillow":15,"Happy Flower":[10],"counters":[22,75],"PreservedInsect":323,"Charon\u0027s Ashes":[96],"Juzu Bracelet":1,"Busted Crown":42,"Mummified Hand":[32],"Pantograph":50,"Bird Faced Urn":[6],"Snecko Eye":[39,44,36,53],"MealTicket":57,"obtain_stats":[{"Regal Pillow":13,"Lantern":23,"Happy Flower":26,"PreservedInsect":2,"Charon\u0027s Ashes":36,"Juzu Bracelet":25,"Odd Mushroom":11,"Burning Blood":0,"White Beast Statue":21,"Runic Dome":17,"Busted Crown":0,"Mummified Hand":9,"Pantograph":6,"Bird Faced Urn":45,"Snecko Eye":34,"MealTicket":8},{"Regal Pillow":7,"Lantern":12,"Happy Flower":14,"PreservedInsect":1,"Charon\u0027s Ashes":18,"Juzu Bracelet":14,"Odd Mushroom":6,"Burning Blood":0,"White Beast Statue":10,"Runic Dome":9,"Busted Crown":0,"Mummified Hand":5,"Pantograph":4,"Bird Faced Urn":20,"Snecko Eye":16,"MealTicket":5},{"Regal Pillow":20,"Lantern":37,"Happy Flower":43,"PreservedInsect":3,"Charon\u0027s Ashes":58,"Juzu Bracelet":43,"Odd Mushroom":18,"Burning Blood":0,"White Beast Statue":31,"Runic Dome":28,"Busted Crown":0,"Mummified Hand":16,"Pantograph":11,"Bird Faced Urn":67,"Snecko Eye":52,"MealTicket":16}]},"card_choices":[{"not_picked":[],"picked":"Whirlwind","floor":1},{"not_picked":[],"picked":"Anger","floor":3},{"not_picked":[],"picked":"Flex","floor":4},{"not_picked":["Body Slam"],"picked":"SKIP","floor":6},{"not_picked":["Wild Strike"],"picked":"SKIP","floor":8},{"not_picked":[],"picked":"Battle Trance","floor":13},{"not_picked":["Flex"],"picked":"SKIP","floor":14},{"not_picked":[],"picked":"Juggernaut","floor":16},{"not_picked":["Armaments"],"picked":"SKIP","floor":18},{"not_picked":["Power Through"],"picked":"SKIP","floor":22},{"not_picked":["Cleave"],"picked":"SKIP","floor":23},{"not_picked":["Dark Embrace+1"],"picked":"SKIP","floor":24},{"not_picked":["Power Through"],"picked":"SKIP","floor":25},{"not_picked":[],"picked":"Sword Boomerang+1","floor":27},{"not_picked":[],"picked":"Fiend Fire","floor":33},{"not_picked":["Headbutt+1"],"picked":"SKIP","floor":35},{"not_picked":[],"picked":"Dark Embrace+1","floor":39},{"not_picked":["Searing Blow+1"],"picked":"SKIP","floor":45},{"not_picked":["Searing Blow+1"],"picked":"SKIP","floor":45},{"not_picked":["Twin Strike+1"],"picked":"SKIP","floor":47}],"player_experience":10426557,"relics_obtained":[{"floor":6,"key":"Pantograph"},{"floor":8,"key":"MealTicket"},{"floor":9,"key":"Mummified Hand"},{"floor":11,"key":"Odd Mushroom"},{"floor":13,"key":"Regal Pillow"},{"floor":21,"key":"White Beast Statue"},{"floor":23,"key":"Lantern"},{"floor":25,"key":"Juzu Bracelet"},{"floor":26,"key":"Happy Flower"},{"floor":36,"key":"Charon\u0027s Ashes"},{"floor":45,"key":"Bird Faced Urn"}],"event_choices":[{"damage_healed":0,"gold_gain":0,"player_choice":"Box","damage_taken":0,"relics_obtained":["PreservedInsect"],"max_hp_gain":0,"max_hp_loss":0,"event_name":"Big Fish","floor":2,"gold_loss":0,"cards_obtained":["Regret"]},{"cards_removed":["Defend_R"],"damage_healed":0,"gold_gain":0,"player_choice":"Card Removal","damage_taken":7,"max_hp_gain":0,"max_hp_loss":0,"event_name":"Golden Wing","floor":10,"gold_loss":0},{"damage_healed":0,"gold_gain":0,"player_choice":"Fought Mushrooms","damage_taken":0,"max_hp_gain":0,"max_hp_loss":0,"event_name":"Mushrooms","floor":11,"gold_loss":0},{"damage_healed":0,"gold_gain":0,"player_choice":"Copied","damage_taken":0,"max_hp_gain":0,"max_hp_loss":0,"event_name":"Duplicator","floor":19,"gold_loss":0,"cards_obtained":["Battle Trance"]},{"damage_healed":0,"gold_gain":0,"player_choice":"Became a vampire","damage_taken":0,"max_hp_gain":0,"max_hp_loss":23,"event_name":"Vampires","floor":30,"gold_loss":0,"cards_obtained":["Bite","Bite","Bite","Bite","Bite"]},{"damage_healed":0,"gold_gain":0,"player_choice":"Fight","damage_taken":0,"max_hp_gain":0,"max_hp_loss":0,"event_name":"Mysterious Sphere","floor":36,"gold_loss":0},{"damage_healed":0,"gold_gain":0,"player_choice":"Bought 3 Potions","damage_taken":0,"max_hp_gain":0,"max_hp_loss":0,"event_name":"The Woman in Blue","floor":37,"gold_loss":0},{"cards_removed":["Defend_R"],"damage_healed":0,"gold_gain":0,"player_choice":"Removed Skill","damage_taken":0,"max_hp_gain":0,"max_hp_loss":0,"event_name":"Falling","floor":38,"gold_loss":0},{"damage_healed":0,"gold_gain":0,"player_choice":"Upgraded Two","damage_taken":0,"max_hp_gain":0,"max_hp_loss":0,"event_name":"Designer","floor":41,"gold_loss":50,"cards_upgraded":["Juggernaut","Fiend Fire"]}],"is_beta":true,"boss_relics":[{"not_picked":["Sozu","Calling Bell"],"picked":"Runic Dome"},{"not_picked":["Pandora\u0027s Box","Philosopher\u0027s Stone"],"picked":"Snecko Eye"}],"items_purged_floors":[5,20],"is_endless":false,"potions_floor_spawned":[1,3,4,11,13,22,23,24,25,27,33,35,36,39,45,47],"killed_by":"Awakened One","ascension_level":20}}