{"host":"fuszjwm6fqgjjp4d","time":1612401318,"event":{"mods":["BaseMod","Bestiary","Colored Map","DeckTracker","Minty Spire (QoL Compilation)","Permanent Neow","Relic Sorter","Relic Stats","StSLib"],"gold_per_floor":[12,12,12,29,46,84,50,93,117,136,174,183,211,254,263,347,347,366,42,62,80,5,43,43,63,145,182,182,211,255,305,305,389,389,409,433,454,524,378,378,412,412,438,232,232,232,276,287,287,287,287,287,287,23,61,61,61],"floor_reached":56,"language":"ENG","playtime":1701,"items_purged":["Strike_B","Zap"],"score":2253,"play_id":"3d59e0f1-1f2e-4635-ae5d-7558f12f55bd","local_time":"20210203191517","is_ascension_mode":true,"campfire_choices":[{"floor":12.0,"key":"REST"},{"floor":15.0,"key":"REST"},{"data":"Defragment","floor":24.0,"key":"SMITH"},{"data":"Defragment","floor":28.0,"key":"SMITH"},{"data":"Biased Cognition","floor":32.0,"key":"SMITH"},{"data":"Storm","floor":40.0,"key":"SMITH"},{"floor":42.0,"key":"RECALL"},{"data":"Buffer","floor":45.0,"key":"SMITH"},{"data":"Core Surge","floor":46.0,"key":"SMITH"},{"data":"Self Repair","floor":49.0,"key":"SMITH"},{"data":"Loop","floor":53.0,"key":"SMITH"}],"circlet_count":0,"master_deck":["AscendersBane","Strike_B+1","Defend_B+1","Defend_B","Defend_B","Dualcast","Biased Cognition+1","Leap","Cold Snap","Electrodynamics","Defragment+1","Ball Lightning","Steam Power+1","Leap+1","Chill+1","Capacitor","Conserve Battery+1","Biased Cognition+1","Coolheaded+1","Reboot+1","Tempest+1","Defragment+1","White Noise+1","Steam+1","Core Surge+1","Reboot+1","Loop+1","Self Repair+1","Buffer+1","Storm+1","Capacitor","Machine Learning","Echo Form"],"relics":["Cracked Core","CeramicFish","Dream Catcher","Bronze Scales","Toxic Egg 2","Tiny Chest","Nuclear Battery","Gremlin Horn","Bottled Flame","Meat on the Bone","WingedGreaves","Inserter","Centennial Puzzle","InkBottle","The Courier","Anchor","Lee\u0027s Waffle","Cables","Frozen Eye","Strawberry","Lantern"],"acts_visited":["Exordium","TheCity","TheBeyond","TheEnding"],"potions_floor_usage":[],"damage_taken":[{"damage":2.0,"enemies":"Jaw Worm","floor":1.0,"turns":3.0},{"damage":0.0,"enemies":"2 Louse","floor":4.0,"turns":1.0},{"damage":0.0,"enemies":"Small Slimes","floor":5.0,"turns":4.0},{"damage":23.0,"enemies":"Lagavulin","floor":6.0,"turns":7.0},{"damage":1.0,"enemies":"Gremlin Nob","floor":8.0,"turns":3.0},{"damage":0.0,"enemies":"3 Louse","floor":10.0,"turns":1.0},{"damage":13.0,"enemies":"Lagavulin","floor":11.0,"turns":4.0},{"damage":14.0,"enemies":"Exordium Thugs","floor":13.0,"turns":4.0},{"damage":4.0,"enemies":"3 Sentries","floor":14.0,"turns":8.0},{"damage":0.0,"enemies":"Slime Boss","floor":16.0,"turns":5.0},{"damage":0.0,"enemies":"3 Byrds","floor":18.0,"turns":2.0},{"damage":3.0,"enemies":"2 Thieves","floor":20.0,"turns":4.0},{"damage":0.0,"enemies":"Gremlin Leader","floor":23.0,"turns":4.0},{"damage":0.0,"enemies":"Snecko","floor":25.0,"turns":3.0},{"damage":0.0,"enemies":"Slavers","floor":27.0,"turns":4.0},{"damage":0.0,"enemies":"Sentry and Sphere","floor":29.0,"turns":4.0},{"damage":5.0,"enemies":"Book of Stabbing","floor":30.0,"turns":4.0},{"damage":12.0,"enemies":"Champ","floor":33.0,"turns":6.0},{"damage":18.0,"enemies":"3 Darklings","floor":35.0,"turns":3.0},{"damage":11.0,"enemies":"Orb Walker","floor":37.0,"turns":2.0},{"damage":0.0,"enemies":"Nemesis","floor":41.0,"turns":5.0},{"damage":0.0,"enemies":"Giant Head","floor":47.0,"turns":5.0},{"damage":7.0,"enemies":"Writhing Mass","floor":48.0,"turns":3.0},{"damage":70.0,"enemies":"Awakened One","floor":50.0,"turns":6.0},{"damage":15.0,"enemies":"Time Eater","floor":51.0,"turns":6.0},{"damage":29.0,"enemies":"Shield and Spear","floor":55.0,"turns":5.0},{"damage":54,"enemies":"The Heart","floor":56,"turns":5}],"seed_played":"-6154751415686418441","potions_obtained":[{"floor":1.0,"key":"Fire Potion"},{"floor":6.0,"key":"BlessingOfTheForge"},{"floor":13.0,"key":"SkillPotion"},{"floor":16.0,"key":"Swift Potion"},{"floor":18.0,"key":"PowerPotion"},{"floor":20.0,"key":"EntropicBrew"},{"floor":29.0,"key":"Swift Potion"}],"is_trial":false,"path_per_floor":["M","?","?","M","M","E","$","E","T","M","E","R","M","E","R","B",null,"M","$","M","?","?","E","R","M","T","E","R","M","E","?","R","B",null,"M","T","M","T","?","R","E","R","T","$","R","R","E","M","R","B","B",null,"R","$","E","B"],"character_chosen":"DEFECT","items_purchased":["Defragment","Reboot+1","Tempest+1","Lee\u0027s Waffle","Frozen Eye","Strawberry"],"campfire_rested":2,"item_purchase_floors":[7,19,19,44,54,54],"current_hp_per_floor":[62,62,41,41,41,18,18,17,17,17,4,25,11,7,28,28,60,60,60,57,57,57,57,57,57,57,57,57,57,52,52,52,40,63,45,45,53,53,53,53,60,60,60,78,78,78,78,71,71,23,30,66,66,73,54,0,0],"gold":61,"neow_bonus":"THREE_RARE_CARDS","is_daily":false,"chose_seed":false,"campfire_upgraded":8,"win_rate":0.0,"timestamp":1612401317,"path_taken":["M","?","?","M","M","E","$","E","T","M","E","R","?","E","R","BOSS","M","$","M","?","?","E","R","M","T","E","R","M","E","?","R","BOSS","M","?","M","?","?","R","E","R","T","$","R","R","E","M","R","BOSS","BOSS","R","$","E","BOSS"],"items_purchased_type":["Card","Card","Card","Relic","Relic","Relic"],"build_version":"2020-12-22","purchased_purges":2,"victory":false,"max_hp_per_floor":[71,71,71,71,71,71,71,71,71,71,71,71,71,71,71,71,71,71,71,71,71,71,71,71,71,71,71,71,71,71,71,71,71,71,71,71,71,71,71,71,71,71,71,78,78,78,78,78,78,78,78,78,78,85,85,85,85],"relic_stats":{"Lee\u0027s Waffle":18,"Inserter":[19],"Gremlin Horn":[6,6],"counters":[27,111],"CeramicFish":216,"Cables":[24,19,4,0,1],"Dream Catcher":2,"Centennial Puzzle":[18],"Bronze Scales":[316],"Tiny Chest":1,"obtain_stats":[{"Lee\u0027s Waffle":44,"Lantern":55,"Inserter":34,"Gremlin Horn":23,"CeramicFish":6,"The Courier":39,"Nuclear Battery":17,"Cables":47,"Frozen Eye":54,"Dream Catcher":8,"Bottled Flame":26,"Centennial Puzzle":36,"Anchor":41,"Bronze Scales":9,"Strawberry":54,"Tiny Chest":14,"WingedGreaves":30,"Toxic Egg 2":11,"Cracked Core":0,"InkBottle":38,"Meat on the Bone":27},{"Lee\u0027s Waffle":21,"Lantern":26,"Inserter":18,"Gremlin Horn":13,"CeramicFish":4,"The Courier":20,"Nuclear Battery":10,"Cables":22,"Frozen Eye":25,"Dream Catcher":5,"Bottled Flame":14,"Centennial Puzzle":19,"Anchor":21,"Bronze Scales":5,"Strawberry":25,"Tiny Chest":9,"WingedGreaves":17,"Toxic Egg 2":7,"Cracked Core":0,"InkBottle":20,"Meat on the Bone":15},{"Lee\u0027s Waffle":81,"Lantern":106,"Inserter":71,"Gremlin Horn":50,"CeramicFish":15,"The Courier":76,"Nuclear Battery":40,"Cables":86,"Frozen Eye":101,"Dream Catcher":18,"Bottled Flame":53,"Centennial Puzzle":74,"Anchor":81,"Bronze Scales":18,"Strawberry":101,"Tiny Chest":35,"WingedGreaves":65,"Toxic Egg 2":23,"Cracked Core":0,"InkBottle":76,"Meat on the Bone":57}],"InkBottle":[16],"Meat on the Bone":36},"card_choices":[{"not_picked":["Machine Learning","Hyperbeam"],"picked":"Biased Cognition","floor":0.0},{"not_picked":["Blizzard","Leap","Steam"],"picked":"SKIP","floor":1.0},{"not_picked":["Blizzard","Steam"],"picked":"Leap","floor":1.0},{"not_picked":["Gash","Beam Cell","Auto Shields"],"picked":"SKIP","floor":4.0},{"not_picked":["Sweeping Beam","Gash"],"picked":"Cold Snap","floor":5.0},{"not_picked":["Coolheaded","Core Surge"],"picked":"Electrodynamics","floor":6.0},{"not_picked":["Go for the Eyes","Multi-Cast"],"picked":"Ball Lightning","floor":8.0},{"not_picked":["Beam Cell","Steam","Chaos"],"picked":"SKIP","floor":10.0},{"not_picked":["Reprogram+1","Rebound"],"picked":"Steam Power+1","floor":11.0},{"not_picked":["Sunder","Rebound"],"picked":"Leap+1","floor":12.0},{"not_picked":["Conserve Battery+1","Turbo+1"],"picked":"Chill+1","floor":13.0},{"not_picked":["Hologram+1","Turbo+1"],"picked":"Capacitor","floor":14.0},{"not_picked":["Leap+1","Cold Snap"],"picked":"Conserve Battery+1","floor":15.0},{"not_picked":["Echo Form","Reboot+1"],"picked":"Biased Cognition","floor":16.0},{"not_picked":["Sweeping Beam","Turbo+1"],"picked":"Coolheaded+1","floor":18.0},{"not_picked":["Go for the Eyes","Lockon"],"picked":"Defragment","floor":20.0},{"not_picked":["Redo+1","Leap+1"],"picked":"Core Surge","floor":23.0},{"not_picked":["Conserve Battery+1","Steam+1","Beam Cell"],"picked":"SKIP","floor":25.0},{"not_picked":["Go for the Eyes+1","Compile Driver"],"picked":"Reboot+1","floor":27.0},{"not_picked":["Sweeping Beam","Compile Driver"],"picked":"Loop","floor":29.0},{"not_picked":["Redo+1","Storm"],"picked":"Self Repair","floor":30.0},{"not_picked":["Electrodynamics","Reboot+1"],"picked":"Buffer","floor":33.0},{"not_picked":["Streamline+1","Melter"],"picked":"Storm","floor":35.0},{"not_picked":["Cold Snap+1","Turbo+1"],"picked":"Capacitor","floor":37.0},{"not_picked":["Darkness+1","Chaos+1","Heatsinks+1"],"picked":"SKIP","floor":41.0},{"not_picked":["Scrape","Leap+1"],"picked":"Machine Learning","floor":47.0},{"not_picked":["Leap+1","Ball Lightning+1","Heatsinks"],"picked":"SKIP","floor":48.0},{"not_picked":["Loop","Chill+1"],"picked":"Echo Form","floor":55.0}],"player_experience":1432850,"relics_obtained":[{"floor":6.0,"key":"CeramicFish"},{"floor":8.0,"key":"Dream Catcher"},{"floor":9.0,"key":"Bronze Scales"},{"floor":11.0,"key":"Toxic Egg 2"},{"floor":14.0,"key":"Tiny Chest"},{"floor":23.0,"key":"Gremlin Horn"},{"floor":26.0,"key":"Bottled Flame"},{"floor":27.0,"key":"Meat on the Bone"},{"floor":30.0,"key":"WingedGreaves"},{"floor":36.0,"key":"Centennial Puzzle"},{"floor":38.0,"key":"InkBottle"},{"floor":41.0,"key":"Anchor"},{"floor":47.0,"key":"Cables"},{"floor":55.0,"key":"Lantern"}],"event_choices":[{"damage_healed":0.0,"max_hp_gain":0.0,"max_hp_loss":0.0,"gold_gain":0.0,"event_name":"Living Wall","player_choice":"Grow","floor":2.0,"gold_loss":0.0,"damage_taken":0.0,"cards_upgraded":["Biased Cognition"]},{"damage_healed":0.0,"max_hp_gain":0.0,"max_hp_loss":0.0,"gold_gain":0.0,"event_name":"Shining Light","player_choice":"Entered Light","floor":3.0,"gold_loss":0.0,"damage_taken":21.0,"cards_upgraded":["Defend_B","Strike_B"]},{"damage_healed":0.0,"max_hp_gain":0.0,"max_hp_loss":0.0,"gold_gain":0.0,"cards_transformed":["Strike_B","Strike_B"],"event_name":"Drug Dealer","player_choice":"Became Test Subject","floor":21.0,"gold_loss":0.0,"damage_taken":0.0,"cards_obtained":["White Noise","Steam"]},{"cards_removed":["Defend_B"],"damage_healed":0.0,"max_hp_gain":0.0,"max_hp_loss":0.0,"gold_gain":0.0,"event_name":"Beggar","player_choice":"Gave Gold","floor":22.0,"gold_loss":75.0,"damage_taken":0.0},{"damage_healed":0.0,"max_hp_gain":0.0,"max_hp_loss":0.0,"gold_gain":50.0,"event_name":"Nest","player_choice":"Stole From Cult","floor":31.0,"gold_loss":0.0,"damage_taken":0.0},{"damage_healed":0.0,"max_hp_gain":0.0,"max_hp_loss":0.0,"gold_gain":0.0,"event_name":"WeMeetAgain","player_choice":"Paid Gold","floor":39.0,"gold_loss":146.0,"damage_taken":0.0,"relics_obtained":["The Courier"]}],"is_beta":false,"boss_relics":[{"not_picked":["Ectoplasm","Runic Pyramid"],"picked":"Nuclear Battery"},{"not_picked":["SacredBark","SlaversCollar"],"picked":"Inserter"}],"items_purged_floors":[19,44],"is_endless":false,"potions_floor_spawned":[1,6,13,16,18,20,29,30,37,47],"killed_by":"The Heart","ascension_level":20}}