{"host":"jxmsv4d84jcvxth5","time":1612404128,"event":{"mods":["BaseMod","Colored Map","Minty Spire (QoL Compilation)","Relic Stats","StSLib"],"gold_per_floor":[113,124,124,124,89,89,118,118,142,102,135,135,154,170,170,263,263,284,34,35,35,35],"floor_reached":21,"language":"ENG","playtime":1325,"items_purged":["Strike_G"],"score":365,"play_id":"61d0f235-3f02-412f-8a5d-de8ce6db5796","local_time":"20210203210208","is_ascension_mode":true,"campfire_choices":[{"data":"Neutralize","floor":6,"key":"SMITH"},{"data":"Deadly Poison","floor":12,"key":"SMITH"},{"data":"Bouncing Flask","floor":15,"key":"SMITH"}],"circlet_count":0,"master_deck":["AscendersBane","Strike_G+1","Strike_G","Strike_G","Strike_G","Defend_G","Defend_G","Defend_G","Defend_G","Defend_G","Survivor","Neutralize+1","Cloak And Dagger+1","Predator+1","Quick Slash","Deadly Poison+1","Bouncing Flask+1","Malaise","Noxious Fumes"],"relics":["Coffee Dripper","Smiling Mask","Golden Idol","The Courier","Runic Pyramid","Chemical X"],"acts_visited":["Exordium","TheCity"],"potions_floor_usage":[16,16,20],"damage_taken":[{"damage":6,"enemies":"Cultist","floor":1,"turns":5},{"damage":0,"enemies":"Small Slimes","floor":2,"turns":5},{"damage":30,"enemies":"Gremlin Nob","floor":7,"turns":4},{"damage":2,"enemies":"Lagavulin","floor":11,"turns":5},{"damage":0,"enemies":"2 Louse","floor":13,"turns":2},{"damage":1,"enemies":"Exordium Thugs","floor":14,"turns":5},{"damage":10,"enemies":"The Guardian","floor":16,"turns":9},{"damage":30,"enemies":"3 Byrds","floor":18,"turns":6},{"damage":10,"enemies":"2 Thieves","floor":20,"turns":5},{"damage":13,"enemies":"Shelled Parasite and Fungi","floor":21,"turns":1}],"seed_played":"8933570988625553499","potions_obtained":[{"floor":11,"key":"SteroidPotion"},{"floor":14,"key":"Regen Potion"},{"floor":18,"key":"Energy Potion"}],"is_trial":false,"path_per_floor":["M","M","?","?","?","R","E","?","T","?","E","R","M","M","R","B",null,"M","$","M","M"],"character_chosen":"THE_SILENT","items_purchased":["Noxious Fumes","Chemical X"],"campfire_rested":0,"item_purchase_floors":[19,19],"current_hp_per_floor":[53,53,33,33,49,49,19,19,19,19,17,17,17,16,16,21,50,20,20,10,0,0],"gold":35,"neow_bonus":"BOSS_RELIC","is_daily":false,"chose_seed":false,"campfire_upgraded":3,"win_rate":0.0,"timestamp":1612404128,"path_taken":["M","M","?","?","?","R","E","?","T","?","E","R","?","M","R","BOSS","M","$","M","M"],"items_purchased_type":["Card","Relic"],"build_version":"2020-12-22","purchased_purges":1,"victory":false,"max_hp_per_floor":[66,66,66,66,66,66,66,60,60,60,60,60,60,60,60,60,60,60,60,60,60,60],"relic_stats":{"counters":[10,47],"Golden Idol":40,"Chemical X":[2],"Smiling Mask":10,"obtain_stats":[{"Golden Idol":8,"The Courier":11,"Coffee Dripper":0,"Chemical X":19,"Smiling Mask":7,"Ring of the Snake":0,"Runic Pyramid":17},{"Golden Idol":3,"The Courier":4,"Coffee Dripper":0,"Chemical X":8,"Smiling Mask":3,"Ring of the Snake":0,"Runic Pyramid":7},{"Golden Idol":14,"The Courier":19,"Coffee Dripper":0,"Chemical X":41,"Smiling Mask":14,"Ring of the Snake":0,"Runic Pyramid":35}]},"card_choices":[{"not_picked":["Acrobatics","Bane"],"picked":"Cloak And Dagger","floor":1},{"not_picked":["Escape Plan","Tactician"],"picked":"Predator","floor":2},{"not_picked":["Endless Agony","Bane"],"picked":"Quick Slash","floor":7},{"not_picked":["Dagger Throw","Flying Knee"],"picked":"Deadly Poison","floor":11},{"not_picked":["Escape Plan","Quick Slash"],"picked":"Bouncing Flask","floor":13},{"not_picked":["Reflex","Tactician","Finisher"],"picked":"SKIP","floor":14},{"not_picked":["Storm of Steel","Doppelganger"],"picked":"Malaise","floor":16},{"not_picked":["Bane","Slice","Predator+1"],"picked":"SKIP","floor":18},{"not_picked":["Deadly Poison","Backflip","Bouncing Flask"],"picked":"SKIP","floor":20}],"player_experience":1544758,"relics_obtained":[{"floor":7,"key":"Smiling Mask"},{"floor":11,"key":"The Courier"}],"event_choices":[{"damage_healed":0,"gold_gain":0,"player_choice":"Entered Light","damage_taken":20,"max_hp_gain":0,"max_hp_loss":0,"event_name":"Shining Light","floor":3,"gold_loss":0,"cards_upgraded":["Strike_G","Cloak And Dagger"]},{"damage_healed":0,"gold_gain":0,"player_choice":"Grow","damage_taken":0,"max_hp_gain":0,"max_hp_loss":0,"event_name":"Living Wall","floor":4,"gold_loss":0,"cards_upgraded":["Predator"]},{"damage_healed":16,"gold_gain":0,"player_choice":"Healed","damage_taken":0,"max_hp_gain":0,"max_hp_loss":0,"event_name":"The Cleric","floor":5,"gold_loss":35},{"damage_healed":0,"gold_gain":0,"player_choice":"Lose Max HP","damage_taken":0,"relics_obtained":["Golden Idol"],"max_hp_gain":0,"max_hp_loss":6,"event_name":"Golden Idol","floor":8,"gold_loss":0},{"damage_healed":0,"gold_gain":0,"player_choice":"Left Gold","damage_taken":0,"max_hp_gain":0,"max_hp_loss":0,"event_name":"World of Goop","floor":10,"gold_loss":40}],"is_beta":false,"boss_relics":[{"not_picked":["Tiny House","Runic Dome"],"picked":"Runic Pyramid"}],"items_purged_floors":[19],"is_endless":false,"potions_floor_spawned":[11,14,18],"killed_by":"Shelled Parasite and Fungi","ascension_level":19}}