{"host":"w4b7hmige5bnqipq","time":1612478886,"event":{"mods":["2.2 Compatiblity","BaseMod","Colored Map","DeckTracker","Keyboard Shortcuts","Minty Spire (QoL Compilation)","Permanent Neow","Rare Cards Sparkle","SuperFastMode","everything is the same but u backflip on backflip","slay the spire mod where everything is the same but ironclad has a cowboy hat"],"gold_per_floor":[99,99,99,99,99,99,99,71,71,71,71,71,71,71,71,71,71,26,26,26,26,26,26,26,26,26,26,26,26,26,26,26,26,26,26,26,26,26,26,26,26,26,26,26,26],"floor_reached":44,"language":"KOR","playtime":2008,"items_purged":[],"score":855,"play_id":"fd58847c-1655-4233-8189-01f33e2a2fc4","local_time":"20210205074806","is_ascension_mode":true,"campfire_choices":[{"data":"Coolheaded","floor":6.0,"key":"SMITH"},{"data":"Streamline","floor":15.0,"key":"SMITH"},{"data":"Buffer","floor":23.0,"key":"SMITH"},{"data":"Go for the Eyes","floor":25.0,"key":"SMITH"},{"data":"Glacier","floor":32,"key":"SMITH"},{"data":"Echo Form","floor":40,"key":"SMITH"}],"circlet_count":0,"master_deck":["AscendersBane","Strike_B+1","Strike_B","Defend_B","Defend_B","Defend_B","Zap+1","Dualcast","Coolheaded+1","Gash","Reinforced Body+1","Streamline+1","Reboot","Go for the Eyes+1","Lockon","Buffer+1","Capacitor+1","Chill+1","Rebound","Glacier+1","Compile Driver","Heatsinks","Amplify","Double Energy","Echo Form+1","Reinforced Body+1","Double Energy+1","Stack+1","Hologram","Blizzard+1","Coolheaded+1","Parasite"],"relics":["Ectoplasm","Golden Idol","Vajra","Centennial Puzzle","Meat on the Bone","Cursed Key","Enchiridion","DataDisk","Happy Flower","Old Coin","Astrolabe","Spirit Poop","Frozen Egg 2","Ginger"],"acts_visited":["Exordium","TheCity","TheBeyond"],"potions_floor_usage":[28,33,36],"damage_taken":[{"damage":2.0,"enemies":"Jaw Worm","floor":1.0,"turns":4.0},{"damage":3.0,"enemies":"2 Louse","floor":3.0,"turns":4.0},{"damage":0.0,"enemies":"Small Slimes","floor":4.0,"turns":4.0},{"damage":8.0,"enemies":"3 Sentries","floor":7.0,"turns":7.0},{"damage":18.0,"enemies":"Gremlin Nob","floor":10.0,"turns":4.0},{"damage":0.0,"enemies":"2 Fungi Beasts","floor":11.0,"turns":4.0},{"damage":4.0,"enemies":"Exordium Thugs","floor":13.0,"turns":4.0},{"damage":6.0,"enemies":"Lots of Slimes","floor":14.0,"turns":3.0},{"damage":21.0,"enemies":"Slime Boss","floor":16.0,"turns":10.0},{"damage":14.0,"enemies":"2 Thieves","floor":18.0,"turns":3.0},{"damage":7.0,"enemies":"Chosen","floor":19.0,"turns":4.0},{"damage":0.0,"enemies":"3 Cultists","floor":21.0,"turns":6.0},{"damage":0.0,"enemies":"Centurion and Healer","floor":24.0,"turns":6.0},{"damage":9.0,"enemies":"Cultist and Chosen","floor":27.0,"turns":7.0},{"damage":4,"enemies":"Slavers","floor":28,"turns":9},{"damage":0,"enemies":"Chosen and Byrds","floor":29,"turns":8},{"damage":0,"enemies":"Book of Stabbing","floor":30,"turns":5},{"damage":0,"enemies":"Centurion and Healer","floor":31,"turns":9},{"damage":19,"enemies":"Collector","floor":33,"turns":18},{"damage":0,"enemies":"Orb Walker","floor":35,"turns":6},{"damage":19,"enemies":"3 Darklings","floor":36,"turns":8},{"damage":0,"enemies":"Maw","floor":38,"turns":10},{"damage":0,"enemies":"Sphere and 2 Shapes","floor":39,"turns":8},{"damage":10,"enemies":"Nemesis","floor":41,"turns":11},{"damage":0,"enemies":"Mind Bloom Boss Battle","floor":42,"turns":11},{"damage":59,"enemies":"Reptomancer","floor":44,"turns":2}],"seed_played":"5865390375298375818","potions_obtained":[{"floor":1.0,"key":"Fire Potion"},{"floor":3.0,"key":"Ancient Potion"},{"floor":10.0,"key":"Dexterity Potion"},{"floor":14.0,"key":"SteroidPotion"},{"floor":18.0,"key":"Dexterity Potion"},{"floor":19.0,"key":"FearPotion"},{"floor":29,"key":"Dexterity Potion"},{"floor":31,"key":"Regen Potion"},{"floor":33,"key":"LiquidBronze"},{"floor":41,"key":"AttackPotion"},{"floor":42,"key":"PotionOfCapacity"}],"is_trial":false,"path_per_floor":["M","?","M","M","?","R","E","?","T","E","M","?","M","M","R","B",null,"M","M","?","M","$","R","M","R","T","M","E","M","E","M","R","B",null,"M","M","?","M","M","R","E","?","T","E"],"character_chosen":"DEFECT","items_purchased":[],"campfire_rested":0,"item_purchase_floors":[],"current_hp_per_floor":[66,48,45,45,30,30,22,22,22,4,16,16,24,30,30,21,62,48,41,25,37,37,37,49,49,49,40,48,48,48,48,48,41,67,67,63,63,63,63,63,53,53,53,0,0],"gold":26,"neow_bonus":"BOSS_RELIC","is_daily":false,"chose_seed":false,"campfire_upgraded":6,"win_rate":0.0,"timestamp":1612478886,"path_taken":["M","?","M","M","?","R","E","?","T","E","?","?","M","M","R","BOSS","M","M","?","M","?","R","?","R","T","M","E","M","E","M","R","BOSS","M","M","?","?","M","R","E","?","T","E"],"items_purchased_type":[],"build_version":"2020-12-22","purchased_purges":0,"victory":false,"max_hp_per_floor":[75,75,75,75,75,75,75,75,75,75,75,75,75,75,75,75,75,75,75,75,75,75,75,75,75,75,75,75,75,75,75,75,75,75,75,75,75,75,75,75,75,75,75,75,75],"card_choices":[{"not_picked":["Force Field","Gash"],"picked":"Coolheaded","floor":1.0},{"not_picked":["Leap","Hello World"],"picked":"Gash","floor":3.0},{"not_picked":["FTL","Conserve Battery"],"picked":"Reinforced Body","floor":4.0},{"not_picked":["Biased Cognition","Leap"],"picked":"Streamline","floor":7.0},{"not_picked":["Cold Snap","Undo"],"picked":"Reboot","floor":10.0},{"not_picked":["Steam","Cold Snap"],"picked":"Go for the Eyes","floor":11.0},{"not_picked":["Aggregate","Hologram"],"picked":"Lockon","floor":13.0},{"not_picked":["Sweeping Beam","Streamline","Steam"],"picked":"SKIP","floor":14.0},{"not_picked":["Sweeping Beam","Streamline","Steam"],"picked":"SKIP","floor":14.0},{"not_picked":["Creative AI","Machine Learning"],"picked":"Buffer","floor":16.0},{"not_picked":["Force Field","Recycle"],"picked":"Capacitor+1","floor":18.0},{"not_picked":["Ball Lightning","Melter"],"picked":"Chill+1","floor":19.0},{"not_picked":["Steam+1","Streamline","Heatsinks"],"picked":"SKIP","floor":21.0},{"not_picked":["Conserve Battery+1","Beam Cell"],"picked":"Rebound","floor":24.0},{"not_picked":["Gash","Cold Snap"],"picked":"Glacier","floor":27.0},{"not_picked":["Steam","Compile Driver","Beam Cell+1"],"picked":"SKIP","floor":28},{"not_picked":["Steam","Beam Cell+1"],"picked":"Compile Driver","floor":28},{"not_picked":["Double Energy","Barrage"],"picked":"Heatsinks","floor":29},{"not_picked":["Stack","Sunder"],"picked":"Amplify","floor":30},{"not_picked":["Steam+1","Stack"],"picked":"Double Energy","floor":31},{"not_picked":["Electrodynamics","Buffer"],"picked":"Echo Form","floor":33},{"not_picked":["Barrage","Fusion"],"picked":"Hologram","floor":35},{"not_picked":["Ball Lightning","Chaos","Go for the Eyes+1"],"picked":"SKIP","floor":36},{"not_picked":["Hello World+1","Redo"],"picked":"Blizzard+1","floor":38},{"not_picked":["Stack","Double Energy"],"picked":"Coolheaded+1","floor":39},{"not_picked":["Turbo+1","Rebound","Hologram"],"picked":"SKIP","floor":41}],"player_experience":704151,"relics_obtained":[{"floor":7.0,"key":"Vajra"},{"floor":9.0,"key":"Centennial Puzzle"},{"floor":10.0,"key":"Meat on the Bone"},{"floor":20.0,"key":"Enchiridion"},{"floor":26.0,"key":"DataDisk"},{"floor":28,"key":"Happy Flower"},{"floor":30,"key":"Old Coin"},{"floor":41,"key":"Frozen Egg 2"},{"floor":42,"key":"Ginger"}],"event_choices":[{"damage_healed":0.0,"max_hp_gain":0.0,"max_hp_loss":0.0,"gold_gain":0.0,"event_name":"Golden Idol","player_choice":"Take Damage","floor":2.0,"gold_loss":0.0,"damage_taken":18.0,"relics_obtained":["Golden Idol"]},{"damage_healed":0.0,"max_hp_gain":0.0,"max_hp_loss":0.0,"gold_gain":0.0,"event_name":"Shining Light","player_choice":"Entered Light","floor":5.0,"gold_loss":0.0,"damage_taken":15.0,"cards_upgraded":["Reinforced Body","Strike_B"]},{"damage_healed":0.0,"max_hp_gain":0.0,"max_hp_loss":0.0,"gold_gain":0.0,"event_name":"World of Goop","player_choice":"Left Gold","floor":8.0,"gold_loss":28.0,"damage_taken":0.0},{"damage_healed":0.0,"max_hp_gain":0.0,"max_hp_loss":0.0,"gold_gain":0.0,"event_name":"Living Wall","player_choice":"Grow","floor":12.0,"gold_loss":0.0,"damage_taken":0.0,"cards_upgraded":["Zap"]},{"damage_healed":0.0,"max_hp_gain":0.0,"max_hp_loss":0.0,"gold_gain":0.0,"event_name":"Cursed Tome","player_choice":"Obtained Book","floor":20.0,"gold_loss":0.0,"damage_taken":16.0},{"cards_removed":["Injury"],"damage_healed":0,"gold_gain":0,"player_choice":"Offered Curse","damage_taken":0,"relics_obtained":["Spirit Poop"],"max_hp_gain":0,"max_hp_loss":0,"event_name":"Bonfire Elementals","floor":37,"gold_loss":0},{"damage_healed":0,"gold_gain":0,"player_choice":"Fight","damage_taken":0,"max_hp_gain":0,"max_hp_loss":0,"event_name":"MindBloom","floor":42,"gold_loss":0}],"is_beta":false,"boss_relics":[{"not_picked":["Black Star","Pandora\u0027s Box"],"picked":"Cursed Key"},{"not_picked":["Sozu","Busted Crown"],"picked":"Astrolabe"}],"items_purged_floors":[],"is_endless":false,"potions_floor_spawned":[1,3,10,14,18,19,29,31,33,35,41,42],"killed_by":"Reptomancer","ascension_level":13}}