{"host":"fj5i6t4nkss7815d","time":1612396945,"event":{"mods":["AchievementEnabler","BaseMod","Minty Spire (QoL Compilation)","Quick Restart","Relic Stats"],"gold_per_floor":[163,176,192,206,223,223,251,231,311,337,337,357,392,408,408,408,408],"floor_reached":16,"language":"ENG","playtime":800,"items_purged":[],"score":242,"play_id":"fe8e57ce-1e4e-4885-9756-acd143715570","local_time":"20210203160225","is_ascension_mode":true,"campfire_choices":[{"floor":6.0,"key":"REST"},{"floor":11.0,"key":"REST"},{"data":"Fission","floor":15.0,"key":"SMITH"}],"circlet_count":0,"master_deck":["AscendersBane","Strike_B","Strike_B+1","Strike_B+1","Strike_B","Defend_B","Defend_B","Defend_B","Defend_B","Zap","Dualcast","Melter+1","Rip and Tear","Beam Cell","Go for the Eyes","Leap","Sunder","Fission+1","Streamline","FTL"],"relics":["Tiny House","Whetstone","Meat on the Bone","Ice Cream","Regal Pillow"],"acts_visited":["Exordium"],"potions_floor_usage":[],"damage_taken":[{"damage":14.0,"enemies":"Jaw Worm","floor":1.0,"turns":4.0},{"damage":1.0,"enemies":"Cultist","floor":2.0,"turns":3.0},{"damage":0.0,"enemies":"2 Louse","floor":3.0,"turns":4.0},{"damage":23.0,"enemies":"Gremlin Gang","floor":4.0,"turns":5.0},{"damage":8.0,"enemies":"Large Slime","floor":5.0,"turns":3.0},{"damage":5.0,"enemies":"Gremlin Nob","floor":7.0,"turns":3.0},{"damage":30.0,"enemies":"Lagavulin","floor":10.0,"turns":5.0},{"damage":4.0,"enemies":"2 Fungi Beasts","floor":12.0,"turns":2.0},{"damage":6.0,"enemies":"Gremlin Nob","floor":13.0,"turns":3.0},{"damage":7.0,"enemies":"Lots of Slimes","floor":14.0,"turns":4.0},{"damage":32,"enemies":"The Guardian","floor":16,"turns":10}],"seed_played":"851025043545881473","potions_obtained":[{"floor":0.0,"key":"SpeedPotion"},{"floor":1.0,"key":"LiquidBronze"},{"floor":2.0,"key":"Weak Potion"},{"floor":4.0,"key":"Strength Potion"},{"floor":7.0,"key":"Ancient Potion"},{"floor":8.0,"key":"SkillPotion"}],"is_trial":false,"path_per_floor":["M","M","M","M","M","R","E","?","T","E","R","M","E","M","R","B"],"character_chosen":"DEFECT","items_purchased":[],"campfire_rested":2,"item_purchase_floors":[],"current_hp_per_floor":[55,54,54,31,23,45,40,40,40,22,44,40,46,39,39,7,7],"gold":408,"neow_bonus":"BOSS_RELIC","is_daily":false,"chose_seed":false,"campfire_upgraded":1,"win_rate":0.0,"timestamp":1612396945,"path_taken":["M","M","M","M","M","R","E","?","T","E","R","?","E","M","R","BOSS"],"items_purchased_type":[],"build_version":"2020-12-22","purchased_purges":0,"victory":false,"max_hp_per_floor":[76,76,76,76,76,76,76,76,76,76,76,76,76,76,76,76,76],"relic_stats":{"Regal Pillow":0,"counters":[11,46],"Whetstone":["Strike_B","Melter"],"obtain_stats":[{"Ice Cream":10,"Regal Pillow":13,"Tiny House":0,"Whetstone":7,"Cracked Core":0,"Meat on the Bone":9},{"Ice Cream":7,"Regal Pillow":9,"Tiny House":0,"Whetstone":6,"Cracked Core":0,"Meat on the Bone":6},{"Ice Cream":27,"Regal Pillow":32,"Tiny House":0,"Whetstone":22,"Cracked Core":0,"Meat on the Bone":22}],"Meat on the Bone":24},"card_choices":[{"not_picked":["Turbo","Coolheaded"],"picked":"Melter","floor":0.0},{"not_picked":["Cold Snap","Melter"],"picked":"Rip and Tear","floor":1.0},{"not_picked":["Hello World","Chill"],"picked":"Beam Cell","floor":2.0},{"not_picked":["Rip and Tear","Coolheaded"],"picked":"Go for the Eyes","floor":3.0},{"not_picked":["Steam","Fusion"],"picked":"Leap","floor":4.0},{"not_picked":["Coolheaded","Redo"],"picked":"Sunder","floor":5.0},{"not_picked":["Leap","Cold Snap"],"picked":"Fission","floor":7.0},{"not_picked":["Stack","Tempest","Consume"],"picked":"SKIP","floor":10.0},{"not_picked":["Turbo","Force Field","Rebound"],"picked":"SKIP","floor":12.0},{"not_picked":["Aggregate","Turbo"],"picked":"Streamline","floor":13.0},{"not_picked":["Defragment","Steam"],"picked":"FTL","floor":14.0}],"player_experience":1010133,"relics_obtained":[{"floor":7.0,"key":"Whetstone"},{"floor":9.0,"key":"Meat on the Bone"},{"floor":10.0,"key":"Ice Cream"},{"floor":13.0,"key":"Regal Pillow"}],"event_choices":[{"damage_healed":0.0,"max_hp_gain":0.0,"max_hp_loss":0.0,"gold_gain":0.0,"event_name":"The Woman in Blue","player_choice":"Bought 1 Potion","floor":8.0,"gold_loss":0.0,"damage_taken":0.0}],"is_beta":false,"boss_relics":[],"items_purged_floors":[],"is_endless":false,"potions_floor_spawned":[1,2,4,7],"killed_by":"The Guardian","ascension_level":19}}