{"host":"sz8c8ni79nvzjmmg","time":1612471511,"event":{"mods":["AchievementEnabler","BaseMod","DeckTracker","Keyboard Shortcuts","Minty Spire (QoL Compilation)","SuperFastMode"],"gold_per_floor":[110,126,139,150,150,150,168,188,188,72,72,72,72,104,104,104,104],"floor_reached":16,"language":"KOR","playtime":397,"items_purged":["Strike_R"],"score":204,"play_id":"dba8cd3d-9701-4a4f-997a-db4f0097d4de","local_time":"20210205054511","is_ascension_mode":true,"campfire_choices":[{"data":"Burning Pact","floor":6.0,"key":"SMITH"},{"data":"Double Tap","floor":11.0,"key":"SMITH"},{"data":"Pommel Strike","floor":15.0,"key":"SMITH"}],"circlet_count":0,"master_deck":["AscendersBane","Strike_R","Strike_R","Strike_R","Defend_R","Defend_R","Defend_R","Defend_R","Bash","Twin Strike","Pommel Strike+1","Burning Pact+1","Double Tap+1","Bloodletting","Second Wind","Shockwave","Feel No Pain"],"relics":["Burning Blood","Prayer Wheel","Kunai","Toy Ornithopter","Art of War"],"acts_visited":["Exordium"],"potions_floor_usage":[],"damage_taken":[{"damage":10.0,"enemies":"Small Slimes","floor":1.0,"turns":3.0},{"damage":1.0,"enemies":"2 Louse","floor":2.0,"turns":2.0},{"damage":9.0,"enemies":"Jaw Worm","floor":3.0,"turns":4.0},{"damage":7.0,"enemies":"2 Fungi Beasts","floor":4.0,"turns":4.0},{"damage":14.0,"enemies":"Blue Slaver","floor":7.0,"turns":3.0},{"damage":12.0,"enemies":"Exordium Thugs","floor":8.0,"turns":5.0},{"damage":14.0,"enemies":"Gremlin Nob","floor":14.0,"turns":3.0},{"damage":30,"enemies":"Slime Boss","floor":16,"turns":11}],"seed_played":"5405306774215793806","potions_obtained":[{"floor":3.0,"key":"EntropicBrew"}],"is_trial":false,"path_per_floor":["M","M","M","M","?","R","M","M","T","$","R","?","$","E","R","B"],"character_chosen":"IRONCLAD","items_purchased":["Feel No Pain"],"campfire_rested":0,"item_purchase_floors":[10],"current_hp_per_floor":[64,68,65,64,38,38,30,37,37,37,37,30,30,27,27,0,0],"gold":104,"neow_bonus":"ONE_RARE_RELIC","is_daily":false,"chose_seed":false,"campfire_upgraded":3,"win_rate":0.0,"timestamp":1612471511,"path_taken":["M","M","M","M","?","R","M","M","T","$","R","?","?","E","R","BOSS"],"items_purchased_type":["Card"],"build_version":"2020-12-22","purchased_purges":1,"victory":false,"max_hp_per_floor":[68,68,68,68,68,68,68,68,68,68,68,68,68,68,68,68,68],"card_choices":[{"not_picked":["Havoc","Cleave"],"picked":"Twin Strike","floor":1.0},{"not_picked":["Rage","Wild Strike"],"picked":"Pommel Strike","floor":1.0},{"not_picked":["Havoc","Thunderclap"],"picked":"Burning Pact","floor":2.0},{"not_picked":["Iron Wave","Thunderclap","Pummel"],"picked":"SKIP","floor":2.0},{"not_picked":["Anger","Spot Weakness"],"picked":"Double Tap","floor":3.0},{"not_picked":["Flex","Clash","Armaments"],"picked":"SKIP","floor":3.0},{"not_picked":["Cleave","True Grit"],"picked":"Bloodletting","floor":4.0},{"not_picked":["Armaments","Havoc","Headbutt"],"picked":"SKIP","floor":4.0},{"not_picked":["Inflame","Warcry"],"picked":"Second Wind","floor":7.0},{"not_picked":["Thunderclap","Sword Boomerang","Second Wind"],"picked":"SKIP","floor":7.0},{"not_picked":["Havoc","Blood for Blood"],"picked":"Shockwave","floor":8.0},{"not_picked":["Anger","Flame Barrier","Sword Boomerang"],"picked":"SKIP","floor":8.0},{"not_picked":["Clash","Spot Weakness","Armaments"],"picked":"SKIP","floor":14.0}],"player_experience":1248394,"relics_obtained":[{"floor":9.0,"key":"Toy Ornithopter"},{"floor":14.0,"key":"Art of War"}],"event_choices":[{"damage_healed":0.0,"max_hp_gain":0.0,"max_hp_loss":0.0,"gold_gain":0.0,"event_name":"Scrap Ooze","player_choice":"Success","floor":5.0,"gold_loss":0.0,"damage_taken":26.0,"relics_obtained":["Kunai"]},{"cards_removed":["Strike_R"],"damage_healed":0.0,"max_hp_gain":0.0,"max_hp_loss":0.0,"gold_gain":0.0,"event_name":"Golden Wing","player_choice":"Card Removal","floor":12.0,"gold_loss":0.0,"damage_taken":7.0}],"is_beta":false,"boss_relics":[],"items_purged_floors":[10],"is_endless":false,"potions_floor_spawned":[3],"killed_by":"Slime Boss","ascension_level":20}}