{"host":"k5fgrtcqzqosfxt0","time":1612450389,"event":{"mods":["Act Like it!","Aspiration","BaseMod","Downfall","Gensokyo","Minty Spire (QoL Compilation)","StSLib","TestMod","The Runesmith","UnlockEverythingMod"],"gold_per_floor":[114,114,132,142,161,161,179,179,179,179,206,218,252,264,264,339,339,357,376,376,394,394,423,423,456,479,479,509,521,285,300,300,374,374,394,294,1293,1313,1313,1347,1347,941,967,1017,1048,1398,1427,1440,1440,1440,1440,1440,1440,690,721,721],"floor_reached":57,"language":"ZHS","playtime":1974,"items_purged":["Strike_G","Strike_G","Strike_G","Strike_G"],"score":3120,"play_id":"94368ff0-416f-4888-98a1-47248c9c11d4","local_time":"20210204225309","is_ascension_mode":true,"campfire_choices":[{"data":"Acrobatics","floor":6.0,"key":"SMITH"},{"data":"Corpse Explosion","floor":8.0,"key":"SMITH"},{"data":"Neutralize","floor":10.0,"key":"SMITH"},{"data":"Tactician","floor":15.0,"key":"SMITH"},{"floor":24.0,"key":"RECALL"},{"floor":27.0,"key":"REST"},{"data":"Reflex","floor":32.0,"key":"SMITH"},{"data":"Catalyst","floor":49.0,"key":"SMITH"},{"data":"Noxious Fumes","floor":53.0,"key":"SMITH"}],"circlet_count":0,"master_deck":["AscendersBane","Defend_G","Defend_G","Defend_G","Defend_G","Defend_G","Survivor","Neutralize+1","Acrobatics+1","Backflip+1","Corpse Explosion+1","Tactician+1","Reflex+1","Catalyst+1","Noxious Fumes+1","After Image+1","Adrenaline"],"relics":["Ring of the Snake","testmod-TestBox","NeowsBlessing","testmod-Brilliant","Meat on the Bone","Toy Ornithopter","aspiration:FrozenJewel","Black Star","Nilry\u0027s Codex","Boot","Paper Crane","StrikeDummy","Juzu Bracelet","Kunai","PreservedInsect","Omamori","Philosopher\u0027s Stone","Bag of Marbles","Letter Opener","testmod-BalancedPeriapt","Bag of Preparation","Art of War","HornCleat","Old Coin","Frozen Egg 2","Pear","Gremlin Horn","aspiration:VileToxins","Cauldron","testmod-IndustrialRevolution","testmod-InjuryResistance"],"acts_visited":["Exordium","TheCity","TheBeyond","TheEnding"],"potions_floor_usage":[56,56,56],"damage_taken":[{"damage":0.0,"enemies":"2 Louse","floor":1.0,"turns":1.0},{"damage":0.0,"enemies":"Cultist","floor":3.0,"turns":1.0},{"damage":0.0,"enemies":"Small Slimes","floor":4.0,"turns":1.0},{"damage":0.0,"enemies":"Gremlin Gang","floor":5.0,"turns":1.0},{"damage":25.0,"enemies":"Large Slime","floor":7.0,"turns":10.0},{"damage":26.0,"enemies":"Gremlin Nob","floor":11.0,"turns":4.0},{"damage":0.0,"enemies":"Blue Slaver","floor":12.0,"turns":3.0},{"damage":12.0,"enemies":"3 Sentries","floor":13.0,"turns":3.0},{"damage":0.0,"enemies":"Gremlin Gang","floor":14.0,"turns":1.0},{"damage":29.0,"enemies":"Hexaghost","floor":16.0,"turns":13.0},{"damage":8.0,"enemies":"Chosen","floor":18.0,"turns":4.0},{"damage":10.0,"enemies":"2 Thieves","floor":19.0,"turns":2.0},{"damage":8.0,"enemies":"Snake Plant","floor":21.0,"turns":5.0},{"damage":11.0,"enemies":"Slavers","floor":23.0,"turns":2.0},{"damage":17.0,"enemies":"Book of Stabbing","floor":25.0,"turns":6.0},{"damage":3.0,"enemies":"Gremlin Leader","floor":28.0,"turns":4.0},{"damage":0.0,"enemies":"Snecko","floor":29.0,"turns":4.0},{"damage":0.0,"enemies":"3 Cultists","floor":31.0,"turns":2.0},{"damage":36.0,"enemies":"Champ","floor":33.0,"turns":13.0},{"damage":0.0,"enemies":"3 Shapes","floor":35.0,"turns":1.0},{"damage":0.0,"enemies":"Orb Walker","floor":38.0,"turns":3.0},{"damage":0.0,"enemies":"Reptomancer","floor":40.0,"turns":1.0},{"damage":12.0,"enemies":"Nemesis","floor":45.0,"turns":5.0},{"damage":0.0,"enemies":"2 Orb Walkers","floor":46.0,"turns":2.0},{"damage":0.0,"enemies":"Reptomancer","floor":47.0,"turns":1.0},{"damage":0.0,"enemies":"3 Darklings","floor":48.0,"turns":1.0},{"damage":44.0,"enemies":"Donu and Deca","floor":50.0,"turns":8.0},{"damage":5.0,"enemies":"Awakened One","floor":51.0,"turns":12.0},{"damage":4.0,"enemies":"Shield and Spear","floor":55.0,"turns":3.0},{"damage":39,"enemies":"The Heart","floor":56,"turns":8}],"seed_played":"-6699614438067278922","potions_obtained":[{"floor":1.0,"key":"GamblersBrew"},{"floor":5.0,"key":"AttackPotion"},{"floor":13.0,"key":"Fire Potion"},{"floor":14.0,"key":"DuplicationPotion"},{"floor":21.0,"key":"EntropicBrew"},{"floor":23.0,"key":"GamblersBrew"},{"floor":28.0,"key":"Dexterity Potion"},{"floor":35.0,"key":"GhostInAJar"},{"floor":38.0,"key":"Strength Potion"},{"floor":54.0,"key":"GhostInAJar"},{"floor":54.0,"key":"DuplicationPotion"}],"is_trial":false,"path_per_floor":["M","?","M","M","M","R","M","R","T","R","E","M","E","M","R","B",null,"M","M","?","M","?","E","R","E","T","R","E","M","$","M","R","B",null,"M","$","?","M","?","E","?","$","T","?","E","?","E","M","R","B","B",null,"R","$","E","B",null],"character_chosen":"THE_SILENT","items_purchased":["Omamori","testmod-BalancedPeriapt","Gremlin Horn","aspiration:VileToxins","Cauldron"],"campfire_rested":1,"item_purchase_floors":[30,42,54,54,54],"current_hp_per_floor":[59,55,55,55,55,55,30,30,30,30,16,28,28,40,40,33,58,50,40,19,23,23,34,34,29,29,48,45,45,45,45,45,31,57,57,57,57,57,57,57,57,57,57,57,45,45,63,63,63,31,43,58,58,58,54,42],"gold":721,"neow_bonus":"THREE_ENEMY_KILL","is_daily":false,"chose_seed":false,"campfire_upgraded":7,"win_rate":0.0,"timestamp":1612450389,"path_taken":["M","?","M","M","M","R","M","R","T","R","E","M","E","M","R","BOSS","M","M","?","M","?","E","R","E","T","R","E","M","$","M","R","BOSS","M","$","?","M","?","E","?","$","T","?","E","?","E","M","R","BOSS","BOSS","R","$","E","BOSS"],"items_purchased_type":["Relic","Relic","Relic","Relic","Relic"],"build_version":"2020-12-22","purchased_purges":4,"victory":true,"max_hp_per_floor":[66,66,66,66,66,66,66,66,66,66,66,66,66,66,66,66,66,66,66,66,66,66,66,66,66,66,66,66,66,66,66,66,66,66,66,66,66,66,66,66,63,63,63,63,63,63,63,63,63,63,63,63,63,63,63,63],"card_choices":[{"not_picked":["Flechettes","Prepared"],"picked":"Acrobatics","floor":1.0},{"not_picked":["Quick Slash","PiercingWail","Blade Dance"],"picked":"SKIP","floor":3.0},{"not_picked":["Blade Dance","Acrobatics"],"picked":"Backflip","floor":4.0},{"not_picked":["Outmaneuver","Underhanded Strike","Flying Knee"],"picked":"SKIP","floor":5.0},{"not_picked":["Dagger Spray","Prepared"],"picked":"Corpse Explosion","floor":7.0},{"not_picked":["Poisoned Stab","Cloak And Dagger","Expertise"],"picked":"SKIP","floor":11.0},{"not_picked":["Dagger Spray","Underhanded Strike","Deadly Poison"],"picked":"SKIP","floor":12.0},{"not_picked":["Distraction","Phantasmal Killer"],"picked":"Tactician","floor":13.0},{"not_picked":["Riddle With Holes","Flying Knee","Backflip"],"picked":"SKIP","floor":14.0},{"not_picked":["Deflect","Blur","Underhanded Strike"],"picked":"SKIP","floor":18.0},{"not_picked":["Flying Knee+1","Blade Dance","Dodge and Roll"],"picked":"SKIP","floor":19.0},{"not_picked":["Flechettes","Bouncing Flask","Dagger Throw"],"picked":"SKIP","floor":21.0},{"not_picked":["Slice","Dodge and Roll","Heel Hook"],"picked":"SKIP","floor":23.0},{"not_picked":["Cloak And Dagger","Glass Knife","Dagger Spray"],"picked":"SKIP","floor":25.0},{"not_picked":["Riddle With Holes","Outmaneuver","Choke"],"picked":"SKIP","floor":28.0},{"not_picked":["PiercingWail","Slice","Dagger Throw"],"picked":"SKIP","floor":29.0},{"not_picked":["Backflip","Leg Sweep"],"picked":"Reflex","floor":31.0},{"not_picked":["Deflect","Endless Agony","Blade Dance"],"picked":"SKIP","floor":35.0},{"not_picked":["Heel Hook","Escape Plan"],"picked":"Catalyst","floor":38.0},{"not_picked":["Setup","Deflect"],"picked":"Noxious Fumes","floor":40.0},{"not_picked":["Blade Dance","Riddle With Holes","Skewer+1"],"picked":"SKIP","floor":45.0},{"not_picked":["Heel Hook","Backflip+1"],"picked":"After Image+1","floor":47.0},{"not_picked":["Sucker Punch","Acrobatics","Slice+1"],"picked":"SKIP","floor":48.0},{"not_picked":["Acrobatics","Deflect"],"picked":"Adrenaline","floor":55.0}],"player_experience":621848,"relics_obtained":[{"floor":9.0,"key":"Meat on the Bone"},{"floor":11.0,"key":"Toy Ornithopter"},{"floor":13.0,"key":"aspiration:FrozenJewel"},{"floor":20.0,"key":"Nilry\u0027s Codex"},{"floor":23.0,"key":"Boot"},{"floor":23.0,"key":"Paper Crane"},{"floor":25.0,"key":"StrikeDummy"},{"floor":25.0,"key":"Juzu Bracelet"},{"floor":28.0,"key":"Kunai"},{"floor":28.0,"key":"PreservedInsect"},{"floor":40.0,"key":"Bag of Marbles"},{"floor":40.0,"key":"Letter Opener"},{"floor":43.0,"key":"Bag of Preparation"},{"floor":45.0,"key":"Art of War"},{"floor":45.0,"key":"HornCleat"},{"floor":46.0,"key":"Old Coin"},{"floor":47.0,"key":"Frozen Egg 2"},{"floor":47.0,"key":"Pear"},{"floor":55.0,"key":"testmod-IndustrialRevolution"},{"floor":55.0,"key":"testmod-InjuryResistance"}],"event_choices":[{"damage_healed":0.0,"max_hp_gain":0.0,"max_hp_loss":0.0,"gold_gain":0.0,"event_name":"The Woman in Blue","player_choice":"Bought 0 Potions","floor":2.0,"gold_loss":0.0,"damage_taken":0.0},{"damage_healed":0.0,"max_hp_gain":0.0,"max_hp_loss":0.0,"gold_gain":0.0,"event_name":"Cursed Tome","player_choice":"Obtained Book","floor":20.0,"gold_loss":0.0,"damage_taken":21.0},{"damage_healed":0.0,"max_hp_gain":0.0,"max_hp_loss":0.0,"gold_gain":0.0,"event_name":"Upgrade Shrine","player_choice":"Upgraded","floor":22.0,"gold_loss":0.0,"damage_taken":0.0,"cards_upgraded":["Backflip"]},{"damage_healed":0.0,"max_hp_gain":0.0,"max_hp_loss":0.0,"gold_gain":999.0,"event_name":"MindBloom","player_choice":"Gold","floor":37.0,"gold_loss":0.0,"damage_taken":0.0,"cards_obtained":["Normality","Normality"]},{"cards_removed":["Strike_G"],"damage_healed":0.0,"max_hp_gain":0.0,"max_hp_loss":0.0,"gold_gain":0.0,"event_name":"Purifier","player_choice":"Purged","floor":39.0,"gold_loss":0.0,"damage_taken":0.0},{"damage_healed":0.0,"max_hp_gain":0.0,"max_hp_loss":3.0,"gold_gain":0.0,"event_name":"Winding Halls","player_choice":"Max HP","floor":41.0,"gold_loss":0.0,"damage_taken":0.0},{"damage_healed":0.0,"max_hp_gain":0.0,"max_hp_loss":0.0,"gold_gain":50.0,"event_name":"Golden Shrine","player_choice":"Pray","floor":44.0,"gold_loss":0.0,"damage_taken":0.0},{"damage_healed":0.0,"max_hp_gain":0.0,"max_hp_loss":0.0,"gold_gain":0.0,"event_name":"Mysterious Sphere","player_choice":"Fight","floor":46.0,"gold_loss":0.0,"damage_taken":0.0}],"is_beta":false,"boss_relics":[{"not_picked":["Busted Crown","Runic Dome"],"picked":"Black Star"},{"not_picked":["aspiration:IroncladSkillbook","aspiration:FutureDiary"],"picked":"Philosopher\u0027s Stone"}],"items_purged_floors":[30,36,42,54],"is_endless":false,"potions_floor_spawned":[1,5,13,14,21,23,28,35,38,46],"ascension_level":20}}