{"host":"t7mx8yfj1no5p62f","time":1612452349,"event":{"mods":["BaseMod","Colored Map","Colored Powertips","Curses Come First","Minty Spire (QoL Compilation)","Relic Stats","StSLib"],"gold_per_floor":[116,133,133,58,58,58,58,87,111,111,139,139,150,163,163,240,240,259,184,198,123,73,105,117,117,117,134,134,144,163,188,188,263,263,283,299,199,214,89,106,134,146,216,216,232,261,261,274,274,274,274,274,274,37,64,64],"floor_reached":57,"language":"ENG","playtime":2686,"items_purged":["Strike_R","Strike_R","Defend_R","Bash+1"],"score":3203,"play_id":"6464ba7a-08c9-497f-beb4-2be45a2f5668","local_time":"20210204102549","is_ascension_mode":true,"campfire_choices":[{"data":"Sword Boomerang","floor":6,"key":"SMITH"},{"data":"Offering","floor":12,"key":"SMITH"},{"data":"Pommel Strike","floor":15,"key":"SMITH"},{"data":"Rage","floor":25,"key":"SMITH"},{"data":"Pommel Strike","floor":28,"key":"SMITH"},{"data":"Second Wind","floor":32,"key":"SMITH"},{"data":"Burning Pact","floor":47,"key":"SMITH"},{"floor":49,"key":"RECALL"},{"data":"Double Tap","floor":53,"key":"SMITH"}],"circlet_count":0,"master_deck":["AscendersBane","Defend_R","Defend_R+1","Defend_R+1","Rage+1","Sword Boomerang+1","Offering+1","Pommel Strike+1","Pommel Strike+1","Fiend Fire","Second Wind+1","Double Tap+1","Burning Pact+1"],"relics":["Burning Blood","NeowsBlessing","Sundial","War Paint","Lantern","Runic Pyramid","Singing Bowl","Champion Belt","Bronze Scales","Black Star","Paper Frog","Bag of Preparation","HornCleat","Question Card","Potion Belt","Anchor","Art of War"],"acts_visited":["Exordium","TheCity","TheBeyond","TheEnding"],"potions_floor_usage":[11,16,29,36,40,56,56,56],"damage_taken":[{"damage":0,"enemies":"Small Slimes","floor":1,"turns":1},{"damage":0,"enemies":"2 Louse","floor":2,"turns":1},{"damage":0,"enemies":"3 Sentries","floor":8,"turns":2},{"damage":32,"enemies":"Gremlin Nob","floor":11,"turns":4},{"damage":0,"enemies":"Jaw Worm","floor":13,"turns":3},{"damage":6,"enemies":"Looter","floor":14,"turns":2},{"damage":39,"enemies":"The Guardian","floor":16,"turns":14},{"damage":3,"enemies":"Spheric Guardian","floor":18,"turns":3},{"damage":6,"enemies":"Chosen","floor":20,"turns":2},{"damage":9,"enemies":"Book of Stabbing","floor":23,"turns":4},{"damage":6,"enemies":"3 Cultists","floor":24,"turns":3},{"damage":6,"enemies":"Chosen and Byrds","floor":27,"turns":2},{"damage":6,"enemies":"Snake Plant","floor":29,"turns":2},{"damage":6,"enemies":"Cultist and Chosen","floor":30,"turns":2},{"damage":6,"enemies":"Gremlin Leader","floor":31,"turns":2},{"damage":6,"enemies":"Champ","floor":33,"turns":3},{"damage":42,"enemies":"3 Shapes","floor":35,"turns":3},{"damage":6,"enemies":"3 Darklings","floor":36,"turns":2},{"damage":6,"enemies":"Sphere and 2 Shapes","floor":38,"turns":3},{"damage":0,"enemies":"Writhing Mass","floor":40,"turns":3},{"damage":6,"enemies":"Reptomancer","floor":41,"turns":2},{"damage":0,"enemies":"Transient","floor":42,"turns":2},{"damage":0,"enemies":"3 Darklings","floor":45,"turns":3},{"damage":6,"enemies":"Nemesis","floor":46,"turns":3},{"damage":0,"enemies":"Writhing Mass","floor":48,"turns":3},{"damage":6,"enemies":"Donu and Deca","floor":50,"turns":2},{"damage":1,"enemies":"Time Eater","floor":51,"turns":8},{"damage":6,"enemies":"Shield and Spear","floor":55,"turns":3},{"damage":4,"enemies":"The Heart","floor":56,"turns":4}],"seed_played":"-2021270613060928477","potions_obtained":[{"floor":1,"key":"ColorlessPotion"},{"floor":2,"key":"Block Potion"},{"floor":13,"key":"SteroidPotion"},{"floor":16,"key":"Weak Potion"},{"floor":18,"key":"DistilledChaos"},{"floor":31,"key":"Fire Potion"},{"floor":33,"key":"Strength Potion"},{"floor":36,"key":"SteroidPotion"},{"floor":41,"key":"AttackPotion"},{"floor":46,"key":"DistilledChaos"}],"is_trial":false,"path_per_floor":["M","M","?","?","?","R","$","E","T","T","E","R","M","M","R","B",null,"M","?","M","$","?","E","M","R","T","M","R","M","M","E","R","B",null,"M","M","$","M","$","M","E","M","T","?","M","E","R","M","R","B","B",null,"R","$","E","B",null],"character_chosen":"IRONCLAD","items_purchased":["DuplicationPotion"],"campfire_rested":0,"item_purchase_floors":[54],"current_hp_per_floor":[74,75,80,80,56,56,56,62,62,62,36,36,42,42,42,9,62,65,65,65,65,65,64,66,66,66,68,68,70,72,74,74,74,88,54,56,56,56,56,64,66,74,74,74,80,82,82,90,90,90,95,103,103,103,105,107],"gold":64,"neow_bonus":"THREE_ENEMY_KILL","is_daily":false,"chose_seed":false,"campfire_upgraded":8,"win_rate":0.0,"timestamp":1612452349,"path_taken":["M","M","?","?","?","R","?","E","T","?","E","R","M","M","R","BOSS","M","?","M","$","?","E","M","R","T","M","R","M","M","E","R","BOSS","M","M","$","M","$","M","E","?","T","?","?","E","R","M","R","BOSS","BOSS","R","$","E","BOSS"],"items_purchased_type":["Potion"],"build_version":"2020-12-22","purchased_purges":4,"victory":true,"max_hp_per_floor":[75,75,80,80,80,80,80,80,80,80,80,80,80,80,80,80,80,80,80,80,80,80,82,84,84,84,86,86,88,90,92,92,92,92,94,96,96,96,96,98,100,102,102,102,102,104,104,106,106,106,106,106,106,106,108,108],"relic_stats":{"Singing Bowl":28,"counters":[29,91],"Sundial":[696],"Bronze Scales":[146],"Black Star":3,"Bag of Preparation":[16],"Art of War":[0],"Champion Belt":[1],"War Paint":["Defend_R","Defend_R"],"Question Card":2,"obtain_stats":[{"Potion Belt":46,"Lantern":11,"NeowsBlessing":0,"Singing Bowl":23,"Bag of Preparation":41,"War Paint":10,"Question Card":46,"Burning Blood":0,"Anchor":55,"HornCleat":43,"Sundial":8,"Bronze Scales":31,"Black Star":34,"Art of War":55,"Champion Belt":26,"Runic Pyramid":17,"Paper Frog":41},{"Potion Belt":24,"Lantern":4,"NeowsBlessing":0,"Singing Bowl":10,"Bag of Preparation":21,"War Paint":3,"Question Card":24,"Burning Blood":0,"Anchor":28,"HornCleat":22,"Sundial":3,"Bronze Scales":15,"Black Star":16,"Art of War":28,"Champion Belt":11,"Runic Pyramid":7,"Paper Frog":21},{"Potion Belt":71,"Lantern":8,"NeowsBlessing":0,"Singing Bowl":36,"Bag of Preparation":63,"War Paint":4,"Question Card":71,"Burning Blood":0,"Anchor":87,"HornCleat":65,"Sundial":4,"Bronze Scales":47,"Black Star":50,"Art of War":87,"Champion Belt":39,"Runic Pyramid":27,"Paper Frog":63}],"Burning Blood":169},"card_choices":[{"not_picked":["Anger","Body Slam"],"picked":"Rage","floor":1},{"not_picked":["Armaments","Metallicize"],"picked":"Sword Boomerang","floor":2},{"not_picked":["Anger","Fire Breathing","Iron Wave"],"picked":"SKIP","floor":8},{"not_picked":["Ghostly Armor","Searing Blow"],"picked":"Offering","floor":11},{"not_picked":["Wild Strike","True Grit"],"picked":"Pommel Strike","floor":13},{"not_picked":["Flex","Headbutt"],"picked":"Pommel Strike","floor":14},{"not_picked":["Reaper","Juggernaut"],"picked":"Fiend Fire","floor":16},{"not_picked":["Fire Breathing","Warcry","Sword Boomerang+1"],"picked":"SKIP","floor":18},{"not_picked":["Sever Soul","Shrug It Off"],"picked":"Second Wind","floor":20},{"not_picked":["Iron Wave","Whirlwind","Havoc+1"],"picked":"Singing Bowl","floor":23},{"not_picked":["Hemokinesis","Cleave","Body Slam+1"],"picked":"Singing Bowl","floor":24},{"not_picked":["Thunderclap","Intimidate","Clash"],"picked":"Singing Bowl","floor":27},{"not_picked":["Fire Breathing","Flex","Uppercut+1"],"picked":"Singing Bowl","floor":29},{"not_picked":["Thunderclap","Offering","Wild Strike"],"picked":"Singing Bowl","floor":30},{"not_picked":["Shrug It Off","Havoc","Sword Boomerang+1"],"picked":"Singing Bowl","floor":31},{"not_picked":["Barricade","Berserk"],"picked":"Double Tap","floor":33},{"not_picked":["Shrug It Off","Spot Weakness","Body Slam"],"picked":"Singing Bowl","floor":35},{"not_picked":["Wild Strike+1","Flame Barrier","Havoc+1"],"picked":"Singing Bowl","floor":36},{"not_picked":["Heavy Blade","Feed"],"picked":"Burning Pact","floor":38},{"not_picked":["Rampage","Armaments","Flame Barrier"],"picked":"Singing Bowl","floor":40},{"not_picked":["Metallicize","Rampage","Feel No Pain+1"],"picked":"Singing Bowl","floor":41},{"not_picked":["Body Slam","Rupture+1","Shockwave"],"picked":"Singing Bowl","floor":42},{"not_picked":["Heavy Blade","Pummel","Armaments"],"picked":"Singing Bowl","floor":46},{"not_picked":["Feed","True Grit","Pommel Strike","Sentinel"],"picked":"Singing Bowl","floor":48},{"not_picked":["Combust","Ghostly Armor+1","Clash","Feed"],"picked":"Singing Bowl","floor":55}],"player_experience":1923058,"relics_obtained":[{"floor":8,"key":"Sundial"},{"floor":10,"key":"War Paint"},{"floor":11,"key":"Lantern"},{"floor":23,"key":"Singing Bowl"},{"floor":26,"key":"Champion Belt"},{"floor":31,"key":"Bronze Scales"},{"floor":41,"key":"Paper Frog"},{"floor":41,"key":"Bag of Preparation"},{"floor":43,"key":"HornCleat"},{"floor":46,"key":"Question Card"},{"floor":46,"key":"Potion Belt"},{"floor":55,"key":"Anchor"},{"floor":55,"key":"Art of War"}],"event_choices":[{"damage_healed":0,"gold_gain":0,"player_choice":"Donut","damage_taken":0,"max_hp_gain":5,"max_hp_loss":0,"event_name":"Big Fish","floor":3,"gold_loss":0},{"cards_removed":["Strike_R"],"damage_healed":0,"gold_gain":0,"player_choice":"Card Removal","damage_taken":0,"max_hp_gain":0,"max_hp_loss":0,"event_name":"The Cleric","floor":4,"gold_loss":75},{"damage_healed":0,"gold_gain":0,"player_choice":"Entered Light","damage_taken":24,"max_hp_gain":0,"max_hp_loss":0,"event_name":"Shining Light","floor":5,"gold_loss":0,"cards_upgraded":["Strike_R","Bash"]},{"cards_removed":["Strike_R"],"damage_healed":0,"gold_gain":0,"player_choice":"Gave Gold","damage_taken":0,"max_hp_gain":0,"max_hp_loss":0,"event_name":"Beggar","floor":19,"gold_loss":75},{"damage_healed":0,"gold_gain":0,"player_choice":"Bet on Murderer","damage_taken":0,"max_hp_gain":0,"max_hp_loss":0,"event_name":"The Joust","floor":22,"gold_loss":50},{"cards_removed":["Strike_R"],"damage_healed":0,"gold_gain":0,"player_choice":"Card Removal","damage_taken":0,"max_hp_gain":0,"max_hp_loss":0,"event_name":"Wheel of Change","floor":44,"gold_loss":0}],"is_beta":false,"boss_relics":[{"not_picked":["Ectoplasm","Mark of Pain"],"picked":"Runic Pyramid"},{"not_picked":["SacredBark","Velvet Choker"],"picked":"Black Star"}],"items_purged_floors":[21,37,39,54],"is_endless":false,"potions_floor_spawned":[1,2,13,16,18,23,24,31,33,36,41,42,46],"ascension_level":20}}