{"host":"a5lz0e76zb3fcwkm","time":1612450499,"event":{"mods":["AchievementEnabler","BaseMod","Colored Map","Colored Powertips","Minty Spire (QoL Compilation)","StSLib","SuperFastMode"],"gold_per_floor":[11,22,38,3,3,3,38,56,56,56,73,73,91,101,101,179,179,199,124,124,124,135,135,161,172,195,145,60,76,76,94,94,170,170,187,1186,418,418,445,470,470,502,527,559,559,571,599,615,615,615,615,615,615,150,181,181],"floor_reached":57,"language":"KOR","playtime":2086,"items_purged":["Strike_G","Strike_G","Normality","Normality"],"score":3105,"play_id":"50de18e3-9849-487a-ba9b-2cf09b07c61c","local_time":"20210204235459","is_ascension_mode":true,"campfire_choices":[{"data":"Cloak And Dagger","floor":6.0,"key":"SMITH"},{"data":"Terror","floor":10.0,"key":"SMITH"},{"data":"Adrenaline","floor":15.0,"key":"SMITH"},{"data":"Accuracy","floor":23.0,"key":"SMITH"},{"data":"Calculated Gamble","floor":32.0,"key":"SMITH"},{"floor":41.0,"key":"RECALL"},{"floor":45.0,"key":"REST"},{"floor":49.0,"key":"REST"},{"floor":53,"key":"REST"}],"circlet_count":0,"master_deck":["AscendersBane","Defend_G","Defend_G","Survivor","Neutralize","Phantasmal Killer+1","Terror+1","Cloak And Dagger+1","Accuracy+1","Adrenaline+1","All Out Attack+1","After Image+1","Cloak And Dagger+1","Escape Plan","PiercingWail","Acrobatics","Calculated Gamble+1","Unload","After Image","Footwork","Backflip","Blur","Envenom","After Image"],"relics":["Ring of the Snake","Orichalcum","Gremlin Horn","Astrolabe","Mercury Hourglass","Smiling Mask","Juzu Bracelet","Fusion Hammer","Mummified Hand","Orrery","InkBottle","Oddly Smooth Stone","Centennial Puzzle","Happy Flower","Regal Pillow","Vajra","PreservedInsect","Bronze Scales","Toy Ornithopter","Boot"],"acts_visited":["Exordium","TheCity","TheBeyond","TheEnding"],"potions_floor_usage":[56,56],"damage_taken":[{"damage":4.0,"enemies":"Cultist","floor":1.0,"turns":3.0},{"damage":5.0,"enemies":"Jaw Worm","floor":2.0,"turns":4.0},{"damage":0.0,"enemies":"2 Louse","floor":3.0,"turns":4.0},{"damage":33.0,"enemies":"3 Sentries","floor":7.0,"turns":16.0},{"damage":0.0,"enemies":"Looter","floor":8.0,"turns":3.0},{"damage":0.0,"enemies":"Large Slime","floor":11.0,"turns":3.0},{"damage":3.0,"enemies":"Blue Slaver","floor":13.0,"turns":3.0},{"damage":11.0,"enemies":"Exordium Thugs","floor":14.0,"turns":4.0},{"damage":0.0,"enemies":"The Guardian","floor":16.0,"turns":2.0},{"damage":0.0,"enemies":"2 Thieves","floor":18.0,"turns":3.0},{"damage":0.0,"enemies":"3 Byrds","floor":22.0,"turns":3.0},{"damage":11.0,"enemies":"Gremlin Leader","floor":24.0,"turns":4.0},{"damage":1.0,"enemies":"Shelled Parasite and Fungi","floor":25.0,"turns":2.0},{"damage":6.0,"enemies":"Snecko","floor":29.0,"turns":4.0},{"damage":0.0,"enemies":"Centurion and Healer","floor":31.0,"turns":4.0},{"damage":0.0,"enemies":"Collector","floor":33.0,"turns":4.0},{"damage":0.0,"enemies":"3 Shapes","floor":35.0,"turns":3.0},{"damage":16.0,"enemies":"Reptomancer","floor":40.0,"turns":6.0},{"damage":0.0,"enemies":"Nemesis","floor":42.0,"turns":5.0},{"damage":0.0,"enemies":"Reptomancer","floor":44.0,"turns":3.0},{"damage":4.0,"enemies":"Orb Walker","floor":46.0,"turns":2.0},{"damage":0.0,"enemies":"Nemesis","floor":47.0,"turns":3.0},{"damage":19.0,"enemies":"Transient","floor":48.0,"turns":6.0},{"damage":10.0,"enemies":"Awakened One","floor":50.0,"turns":11.0},{"damage":18,"enemies":"Donu and Deca","floor":51,"turns":12},{"damage":14,"enemies":"Shield and Spear","floor":55,"turns":5},{"damage":18,"enemies":"The Heart","floor":56,"turns":10}],"seed_played":"-5242200497476166841","potions_obtained":[{"floor":2.0,"key":"Swift Potion"},{"floor":7.0,"key":"SteroidPotion"},{"floor":8.0,"key":"CunningPotion"},{"floor":16.0,"key":"GhostInAJar"},{"floor":22.0,"key":"Weak Potion"},{"floor":24.0,"key":"LiquidMemories"}],"is_trial":false,"path_per_floor":["M","M","M","?","?","R","E","M","T","R","M","?","M","M","R","B",null,"M","$","?","?","M","R","E","M","T","$","?","M","?","M","R","B",null,"M","?","$","?","T","E","R","E","T","E","R","M","E","M","R","B","B",null,"R","$","E","B",null],"character_chosen":"THE_SILENT","items_purchased":["Mummified Hand","Orrery","InkBottle","Bronze Scales","Envenom","Toy Ornithopter"],"campfire_rested":3,"item_purchase_floors":[37,37,37,54,54,54],"current_hp_per_floor":[55,50,50,66,66,66,33,33,33,33,33,33,30,19,19,19,54,54,54,54,54,54,54,43,42,42,42,42,36,36,36,36,36,59,59,59,59,59,59,43,43,43,43,43,66,62,62,43,66,56,38,59,66,66,52,44],"gold":181,"neow_bonus":"THREE_RARE_CARDS","is_daily":false,"chose_seed":false,"campfire_upgraded":5,"win_rate":0.0,"timestamp":1612450499,"path_taken":["M","M","M","?","?","R","E","?","T","R","M","?","?","M","R","BOSS","M","$","?","?","M","R","E","M","T","$","?","M","?","M","R","BOSS","M","?","$","?","?","E","R","E","T","E","R","M","E","M","R","BOSS","BOSS","R","$","E","BOSS"],"items_purchased_type":["Relic","Relic","Relic","Relic","Card","Relic"],"build_version":"2020-12-22","purchased_purges":4,"victory":true,"max_hp_per_floor":[66,66,66,66,66,66,66,66,66,66,66,66,66,66,66,66,66,66,66,66,66,66,66,66,66,66,66,66,66,66,66,66,66,66,66,66,66,66,66,66,66,66,66,66,66,66,66,66,66,66,66,66,66,66,66,66],"card_choices":[{"not_picked":["Envenom","Die Die Die"],"picked":"Phantasmal Killer","floor":0.0},{"not_picked":["Underhanded Strike","Eviscerate","Flying Knee"],"picked":"SKIP","floor":1.0},{"not_picked":["Eviscerate","Dagger Spray"],"picked":"Terror","floor":2.0},{"not_picked":["Quick Slash","Terror"],"picked":"Cloak And Dagger","floor":3.0},{"not_picked":["Die Die Die","Dagger Spray"],"picked":"Accuracy","floor":7.0},{"not_picked":["Deadly Poison","Flechettes","Dodge and Roll"],"picked":"SKIP","floor":8.0},{"not_picked":["Quick Slash","Bane","Sucker Punch"],"picked":"SKIP","floor":11.0},{"not_picked":["Expertise","Noxious Fumes","Quick Slash"],"picked":"SKIP","floor":13.0},{"not_picked":["Endless Agony","Dagger Throw"],"picked":"Adrenaline","floor":14.0},{"not_picked":["Well Laid Plans","Dagger Spray","Distraction"],"picked":"SKIP","floor":18.0},{"not_picked":["Underhanded Strike","Prepared","Predator"],"picked":"SKIP","floor":22.0},{"not_picked":["Endless Agony","Quick Slash","Concentrate"],"picked":"SKIP","floor":24.0},{"not_picked":["Riddle With Holes","Infinite Blades+1"],"picked":"PiercingWail","floor":25.0},{"not_picked":["Setup","Well Laid Plans"],"picked":"Acrobatics","floor":29.0},{"not_picked":["Malaise","Acrobatics","Predator"],"picked":"SKIP","floor":31.0},{"not_picked":["Wraith Form v2","Storm of Steel"],"picked":"After Image","floor":33.0},{"not_picked":["Tactician","Slice","Blade Dance"],"picked":"SKIP","floor":35.0},{"not_picked":["Tactician","Slice","Blade Dance"],"picked":"SKIP","floor":35.0},{"not_picked":["Deflect+1","Dagger Throw"],"picked":"Footwork","floor":37.0},{"not_picked":["Slice+1","Deadly Poison"],"picked":"Backflip","floor":37.0},{"not_picked":["Grand Finale","Setup+1","Deflect"],"picked":"SKIP","floor":40.0},{"not_picked":["PiercingWail","Expertise","Sucker Punch+1"],"picked":"SKIP","floor":42.0},{"not_picked":["Bane","Masterful Stab","Tactician"],"picked":"SKIP","floor":44.0},{"not_picked":["Poisoned Stab","Dodge and Roll+1","Well Laid Plans"],"picked":"SKIP","floor":46.0},{"not_picked":["Distraction","Dagger Spray+1"],"picked":"Blur","floor":47.0},{"not_picked":["Catalyst","Dodge and Roll","Noxious Fumes"],"picked":"SKIP","floor":48.0},{"not_picked":["PiercingWail","Backflip"],"picked":"After Image","floor":55}],"player_experience":1840027,"relics_obtained":[{"floor":7.0,"key":"Gremlin Horn"},{"floor":24.0,"key":"Mercury Hourglass"},{"floor":26.0,"key":"Smiling Mask"},{"floor":39.0,"key":"Oddly Smooth Stone"},{"floor":40.0,"key":"Centennial Puzzle"},{"floor":42.0,"key":"Happy Flower"},{"floor":43.0,"key":"Regal Pillow"},{"floor":44.0,"key":"Vajra"},{"floor":47.0,"key":"PreservedInsect"},{"floor":55,"key":"Boot"}],"event_choices":[{"damage_healed":16.0,"max_hp_gain":0.0,"max_hp_loss":0.0,"gold_gain":0.0,"event_name":"The Cleric","player_choice":"Healed","floor":4.0,"gold_loss":35.0,"damage_taken":0.0},{"damage_healed":0.0,"max_hp_gain":0.0,"max_hp_loss":0.0,"gold_gain":0.0,"event_name":"WeMeetAgain","player_choice":"Gave Potion","floor":5.0,"gold_loss":0.0,"damage_taken":0.0,"relics_obtained":["Orichalcum"]},{"damage_healed":0.0,"max_hp_gain":0.0,"max_hp_loss":0.0,"gold_gain":0.0,"event_name":"Accursed Blacksmith","player_choice":"Forge","floor":12.0,"gold_loss":0.0,"damage_taken":0.0,"cards_upgraded":["Phantasmal Killer"]},{"cards_removed":["Defend_G"],"damage_healed":0.0,"max_hp_gain":0.0,"max_hp_loss":0.0,"gold_gain":0.0,"event_name":"Back to Basics","player_choice":"Elegance","floor":20.0,"gold_loss":0.0,"damage_taken":0.0},{"damage_healed":0.0,"max_hp_gain":0.0,"max_hp_loss":0.0,"gold_gain":0.0,"event_name":"The Library","player_choice":"Read","floor":21.0,"gold_loss":0.0,"damage_taken":0.0,"cards_obtained":["Escape Plan"]},{"damage_healed":0.0,"max_hp_gain":0.0,"max_hp_loss":0.0,"gold_gain":0.0,"event_name":"Addict","player_choice":"Obtained Relic","floor":28.0,"gold_loss":85.0,"damage_taken":0.0,"relics_obtained":["Juzu Bracelet"]},{"damage_healed":0.0,"max_hp_gain":0.0,"max_hp_loss":0.0,"gold_gain":0.0,"cards_transformed":["Strike_G","Defend_G"],"event_name":"Drug Dealer","player_choice":"Became Test Subject","floor":30.0,"gold_loss":0.0,"damage_taken":0.0,"cards_obtained":["Calculated Gamble","Unload"]},{"damage_healed":0.0,"max_hp_gain":0.0,"max_hp_loss":0.0,"gold_gain":999.0,"event_name":"MindBloom","player_choice":"Gold","floor":36.0,"gold_loss":0.0,"damage_taken":0.0,"cards_obtained":["Normality","Normality"]},{"damage_healed":0.0,"max_hp_gain":0.0,"max_hp_loss":0.0,"gold_gain":0.0,"event_name":"Tomb of Lord Red Mask","player_choice":"Ignored","floor":38.0,"gold_loss":0.0,"damage_taken":0.0}],"is_beta":false,"boss_relics":[{"not_picked":["Runic Pyramid","Velvet Choker"],"picked":"Astrolabe"},{"not_picked":["Ring of the Serpent","Empty Cage"],"picked":"Fusion Hammer"}],"items_purged_floors":[19,27,37,54],"is_endless":false,"potions_floor_spawned":[2,7,8,14,16,22,24,31,33,35,44,47,48],"ascension_level":20}}