{"host":"ul3z8ex5o8l5j7mh","time":1612465556,"event":{"mods":["AchievementEnabler","BaseMod","Colored Map","Colored Powertips","DeckTracker","Minty Spire (QoL Compilation)","SuperFastMode"],"gold_per_floor":[114,114,114,114,132,157,176,190,190,190,218,237,237,268,268,365,365,382,392,392,392],"floor_reached":20,"language":"ENG","playtime":945,"items_purged":[],"score":213,"play_id":"dcf62f36-d954-4893-b5ea-27285fc49583","local_time":"20210204200556","is_ascension_mode":true,"campfire_choices":[{"floor":10.0,"key":"RECALL"},{"floor":13.0,"key":"REST"},{"data":"Entrench","floor":15.0,"key":"SMITH"}],"circlet_count":0,"master_deck":["Strike_R","Strike_R","Strike_R","Strike_R","Strike_R","Defend_R+1","Defend_R","Defend_R+1","Defend_R","Bash","Anger","Anger","Iron Wave","Heavy Blade","Whirlwind","Thunderclap","Entrench+1","Iron Wave","Body Slam","Barricade","Shrug It Off+1"],"relics":["Burning Blood","Kunai","Incense Burner","War Paint","Eternal Feather"],"acts_visited":["Exordium","TheCity"],"potions_floor_usage":[19,20],"damage_taken":[{"damage":0.0,"enemies":"Small Slimes","floor":1.0,"turns":3.0},{"damage":13.0,"enemies":"Jaw Worm","floor":5.0,"turns":3.0},{"damage":42.0,"enemies":"Lagavulin","floor":6.0,"turns":7.0},{"damage":6.0,"enemies":"Cultist","floor":7.0,"turns":3.0},{"damage":22.0,"enemies":"Looter","floor":8.0,"turns":3.0},{"damage":2.0,"enemies":"Gremlin Nob","floor":11.0,"turns":3.0},{"damage":17.0,"enemies":"3 Louse","floor":12.0,"turns":3.0},{"damage":21.0,"enemies":"3 Sentries","floor":14.0,"turns":6.0},{"damage":62.0,"enemies":"Hexaghost","floor":16.0,"turns":12.0},{"damage":48.0,"enemies":"Shell Parasite","floor":18.0,"turns":9.0},{"damage":27,"enemies":"Spheric Guardian","floor":19,"turns":6},{"damage":36,"enemies":"Masked Bandits","floor":20,"turns":4}],"seed_played":"7494515352763329627","potions_obtained":[{"floor":6.0,"key":"BloodPotion"},{"floor":8.0,"key":"DistilledChaos"},{"floor":11.0,"key":"BlessingOfTheForge"},{"floor":12.0,"key":"Regen Potion"},{"floor":18.0,"key":"Explosive Potion"},{"floor":19,"key":"Dexterity Potion"}],"is_trial":false,"path_per_floor":["M","?","T","?","M","E","M","M","T","R","E","M","R","E","R","B",null,"M","M","?"],"character_chosen":"IRONCLAD","items_purchased":[],"campfire_rested":1,"item_purchase_floors":[],"current_hp_per_floor":[88,88,88,88,81,45,45,46,46,46,50,39,65,65,74,18,88,46,25,0,0],"gold":392,"neow_bonus":"TEN_PERCENT_HP_BONUS","is_daily":false,"chose_seed":false,"campfire_upgraded":1,"win_rate":0.0,"timestamp":1612465556,"path_taken":["M","?","?","?","M","E","M","M","T","R","E","?","R","E","R","BOSS","M","M","?"],"items_purchased_type":[],"build_version":"2020-12-22","purchased_purges":0,"victory":false,"max_hp_per_floor":[88,88,88,88,88,88,88,88,88,88,88,88,88,88,88,88,88,88,88,88,88],"card_choices":[{"not_picked":["Clothesline","Sword Boomerang"],"picked":"Anger","floor":1.0},{"not_picked":["Sentinel","Hemokinesis"],"picked":"Iron Wave","floor":5.0},{"not_picked":["Thunderclap","Evolve"],"picked":"Heavy Blade","floor":6.0},{"not_picked":["Warcry","Sentinel"],"picked":"Whirlwind","floor":7.0},{"not_picked":["Second Wind","Havoc"],"picked":"Thunderclap","floor":8.0},{"not_picked":["Sword Boomerang","Exhume"],"picked":"Entrench","floor":11.0},{"not_picked":["Twin Strike","Flame Barrier"],"picked":"Iron Wave","floor":12.0},{"not_picked":["Dual Wield","Rampage"],"picked":"Body Slam","floor":14.0},{"not_picked":["Immolate","Demon Form"],"picked":"Barricade","floor":16.0},{"not_picked":["True Grit","Sword Boomerang"],"picked":"Shrug It Off+1","floor":18.0},{"not_picked":["Intimidate","Battle Trance+1","Perfected Strike+1"],"picked":"SKIP","floor":19}],"player_experience":311152,"relics_obtained":[{"floor":3.0,"key":"Kunai"},{"floor":6.0,"key":"Incense Burner"},{"floor":11.0,"key":"War Paint"},{"floor":14.0,"key":"Eternal Feather"}],"event_choices":[{"damage_healed":0.0,"max_hp_gain":0.0,"max_hp_loss":0.0,"gold_gain":0.0,"event_name":"The Cleric","player_choice":"Leave","floor":2.0,"gold_loss":0.0,"damage_taken":0.0},{"damage_healed":0.0,"max_hp_gain":0.0,"max_hp_loss":0.0,"gold_gain":0.0,"event_name":"Match and Keep!","player_choice":"1 cards matched","floor":4.0,"gold_loss":0.0,"damage_taken":0.0,"cards_obtained":["Anger"]},{"damage_healed":0,"gold_gain":0,"player_choice":"Fought Bandits","damage_taken":0,"max_hp_gain":0,"max_hp_loss":0,"event_name":"Masked Bandits","floor":20,"gold_loss":0}],"is_beta":false,"boss_relics":[{"not_picked":["Coffee Dripper","Velvet Choker","Snecko Eye"]}],"items_purged_floors":[],"is_endless":false,"potions_floor_spawned":[6,8,11,12,18,19],"killed_by":"Masked Bandits","ascension_level":2}}