{"host":"c6u7e77myxvw4d0m","time":1612437010,"event":{"mods":["AchievementEnabler","BaseMod","Bestiary","Colored Map","Colored Powertips","Minty Spire (QoL Compilation)","Rare Cards Sparkle","Relic Stats","everything is the same but u backflip on backflip"],"gold_per_floor":[119,133,186,198,198,198,231,231,303,2,28,38,63,78,78,153,153,153,153,153,153,16,16,16,16,16,16,16,16,16,16,16],"floor_reached":31,"language":"ENG","playtime":20567,"items_purged":[],"score":628,"play_id":"bf35601b-22e6-4b01-999a-b6c979c3a508","local_time":"20210204131010","is_ascension_mode":true,"campfire_choices":[{"data":"Skewer","floor":6,"key":"SMITH"},{"floor":8,"key":"REST"},{"floor":15,"key":"REST"},{"data":"Catalyst","floor":23,"key":"SMITH"},{"data":"Burst","floor":25,"key":"SMITH"},{"floor":27,"key":"REST"}],"circlet_count":0,"master_deck":["AscendersBane","Survivor","Neutralize","Backstab","Tactician","Burst+1","Envenom","Riddle With Holes","Phantasmal Killer","PiercingWail","A Thousand Cuts","Terror","Skewer+1","Dagger Throw","Dodge and Roll","Noxious Fumes","Deflect","Footwork","Slice","Acrobatics","Catalyst+1","PiercingWail","Concentrate","Bouncing Flask","Endless Agony","Glass Knife","Prepared","Outmaneuver+1","Deadly Poison","Prepared","Quick Slash","Caltrops","Blade Dance"],"relics":["Pandora\u0027s Box","Bag of Preparation","Boot","Sundial","Akabeko","Ginger","Ectoplasm","FaceOfCleric","The Courier","Lizard Tail","Nunchaku","Vajra"],"acts_visited":["Exordium","TheCity"],"potions_floor_usage":[7,11,13,16,30],"damage_taken":[{"damage":0,"enemies":"2 Louse","floor":1,"turns":1},{"damage":0,"enemies":"Small Slimes","floor":2,"turns":2},{"damage":8,"enemies":"Cultist","floor":4,"turns":4},{"damage":14,"enemies":"Lagavulin","floor":7,"turns":5},{"damage":0,"enemies":"Gremlin Nob","floor":11,"turns":2},{"damage":5,"enemies":"Exordium Thugs","floor":12,"turns":2},{"damage":16,"enemies":"3 Sentries","floor":13,"turns":6},{"damage":10,"enemies":"Large Slime","floor":14,"turns":3},{"damage":14,"enemies":"Hexaghost","floor":16,"turns":7},{"damage":0,"enemies":"Spheric Guardian","floor":18,"turns":1},{"damage":29,"enemies":"Shell Parasite","floor":21,"turns":4},{"damage":35,"enemies":"Slavers","floor":28,"turns":5},{"damage":43,"enemies":"Gremlin Leader","floor":30,"turns":6},{"damage":16,"enemies":"Snake Plant","floor":31,"turns":2}],"seed_played":"-5040521854933474234","potions_obtained":[{"floor":4,"key":"Block Potion"},{"floor":7,"key":"Poison Potion"},{"floor":14,"key":"GamblersBrew"},{"floor":28,"key":"EssenceOfSteel"}],"is_trial":false,"path_per_floor":["M","M","?","M","?","R","E","R","T","$","E","M","E","M","R","B",null,"M","?","?","M","$","R","T","R","T","R","E","?","E","M"],"character_chosen":"THE_SILENT","items_purchased":["Footwork","Slice","AttackPotion","Acrobatics","Catalyst","Deadly Poison","Prepared","Quick Slash"],"campfire_rested":3,"item_purchase_floors":[10,10,10,10,10,22,22,22],"current_hp_per_floor":[59,59,59,51,40,40,26,45,45,45,45,40,24,14,33,19,54,54,54,54,26,26,26,26,26,26,46,12,12,9,0,0],"gold":16,"neow_bonus":"BOSS_RELIC","is_daily":false,"chose_seed":false,"campfire_upgraded":3,"win_rate":0.0,"timestamp":1612437010,"path_taken":["M","M","?","M","?","R","E","R","T","$","E","M","E","M","R","BOSS","M","?","?","?","?","R","?","R","T","R","E","?","E","M"],"items_purchased_type":["Card","Card","Potion","Card","Card","Card","Card","Card"],"build_version":"2020-12-22","purchased_purges":0,"victory":false,"max_hp_per_floor":[66,66,66,66,66,66,66,66,66,66,66,66,66,66,66,66,66,66,66,66,67,67,67,67,67,67,67,68,68,69,69,69],"relic_stats":{"Lizard Tail":34,"Nunchaku":[1],"FaceOfCleric":3,"counters":[14,50],"Sundial":[2],"Pandora\u0027s Box":["Backstab","Tactician","Burst","Envenom","Riddle With Holes","Phantasmal Killer","PiercingWail","A Thousand Cuts","Terror","Skewer"],"Ectoplasm":81,"Bag of Preparation":[23],"Ginger":[4],"Boot":[67],"obtain_stats":[{"Vajra":30,"The Courier":24,"Bag of Preparation":5,"Ginger":13,"Boot":7,"Akabeko":11,"Lizard Tail":26,"Nunchaku":28,"FaceOfCleric":20,"Sundial":9,"Pandora\u0027s Box":0,"Ectoplasm":17,"Ring of the Snake":0},{"Vajra":13,"The Courier":11,"Bag of Preparation":3,"Ginger":7,"Boot":4,"Akabeko":5,"Lizard Tail":11,"Nunchaku":12,"FaceOfCleric":10,"Sundial":4,"Pandora\u0027s Box":0,"Ectoplasm":9,"Ring of the Snake":0},{"Vajra":48,"The Courier":37,"Bag of Preparation":7,"Ginger":22,"Boot":12,"Akabeko":14,"Lizard Tail":37,"Nunchaku":42,"FaceOfCleric":33,"Sundial":12,"Pandora\u0027s Box":0,"Ectoplasm":32,"Ring of the Snake":0}]},"card_choices":[{"not_picked":["Poisoned Stab","Setup"],"picked":"Dagger Throw","floor":1},{"not_picked":["Choke","Deflect"],"picked":"Dodge and Roll","floor":2},{"not_picked":["Infinite Blades","Skewer"],"picked":"Noxious Fumes","floor":4},{"not_picked":["Bane","Outmaneuver"],"picked":"Deflect","floor":7},{"not_picked":["Acrobatics","Calculated Gamble"],"picked":"PiercingWail","floor":11},{"not_picked":["Acrobatics","Blur"],"picked":"Concentrate","floor":12},{"not_picked":["Concentrate","Flechettes"],"picked":"Bouncing Flask","floor":13},{"not_picked":["Flying Knee","Accuracy"],"picked":"Endless Agony","floor":14},{"not_picked":["Phantasmal Killer","Grand Finale"],"picked":"Glass Knife","floor":16},{"not_picked":["Dagger Throw","Dagger Spray"],"picked":"Prepared","floor":18},{"not_picked":["Deflect","Heel Hook"],"picked":"Outmaneuver+1","floor":21},{"not_picked":["Deadly Poison","Terror"],"picked":"Caltrops","floor":28},{"not_picked":["Wraith Form v2","Catalyst"],"picked":"Blade Dance","floor":30}],"player_experience":636640,"relics_obtained":[{"floor":7,"key":"Boot"},{"floor":9,"key":"Sundial"},{"floor":11,"key":"Akabeko"},{"floor":13,"key":"Ginger"},{"floor":24,"key":"The Courier"},{"floor":26,"key":"Lizard Tail"},{"floor":28,"key":"Nunchaku"},{"floor":30,"key":"Vajra"}],"event_choices":[{"damage_healed":0,"gold_gain":53,"player_choice":"Gained Gold","damage_taken":0,"max_hp_gain":0,"max_hp_loss":0,"event_name":"Golden Wing","floor":3,"gold_loss":0},{"damage_healed":0,"gold_gain":0,"player_choice":"Success","damage_taken":11,"relics_obtained":["Bag of Preparation"],"max_hp_gain":0,"max_hp_loss":0,"event_name":"Scrap Ooze","floor":5,"gold_loss":0},{"damage_healed":0,"gold_gain":0,"player_choice":"Ignored","damage_taken":0,"max_hp_gain":0,"max_hp_loss":0,"event_name":"Ghosts","floor":19,"gold_loss":0},{"damage_healed":0,"gold_gain":0,"player_choice":"Trade","damage_taken":0,"relics_obtained":["FaceOfCleric"],"max_hp_gain":0,"max_hp_loss":0,"event_name":"FaceTrader","floor":20,"gold_loss":0}],"is_beta":false,"boss_relics":[{"not_picked":["Runic Dome","Coffee Dripper"],"picked":"Ectoplasm"}],"items_purged_floors":[],"is_endless":false,"potions_floor_spawned":[4,7,14,28],"killed_by":"Snake Plant","ascension_level":20}}