{"host":"syozzdlzcqop4jia","time":1612483146,"event":{"mods":["BaseMod","Colored Map","Colored Powertips","Minty Spire (QoL Compilation)","Quick Restart"],"gold_per_floor":[119,138,138,67,113,143,155,202,214,226,256,268,299,325,337,451,463,489,513,536,548,578,590,634,646,683,707,731,755,784,809,821,934,946,972,406,406,422,472,472,485,0,0,14,14,29,29,56,56,56,56],"floor_reached":50,"language":"ENG","playtime":3182,"items_purged":["Strike_B"],"score":557,"play_id":"61467524-327d-4326-9a44-d23e8979e0da","local_time":"20210205005906","is_ascension_mode":true,"campfire_choices":[{"floor":12,"key":"REST"},{"floor":15,"key":"REST"},{"floor":23,"key":"REST"},{"floor":25,"key":"REST"},{"floor":32,"key":"REST"},{"data":"Biased Cognition","floor":40,"key":"SMITH"},{"floor":47,"key":"REST"},{"floor":49,"key":"REST"}],"circlet_count":0,"master_deck":["Strike_B","Strike_B","Strike_B","Defend_B","Defend_B","Defend_B","Zap","Dualcast","Biased Cognition+1","Tempest","Streamline","Sunder","Storm","Tempest+1","Chaos","Ball Lightning","Thunder Strike","Steam+1","Ball Lightning","Go for the Eyes+1","BootSequence+1","Capacitor","Conserve Battery+1","Redo+1","Biased Cognition","Redo+1","Go for the Eyes+1","Conserve Battery+1"],"relics":["Cracked Core","Spirit Poop","Bronze Scales","MawBank","Mercury Hourglass","Meat on the Bone","Kunai","Runic Pyramid","Toxic Egg 2","DataDisk","Busted Crown","Nunchaku","Regal Pillow","Lee\u0027s Waffle","Calipers","Red Mask","Gambling Chip","Question Card"],"acts_visited":["Exordium","TheCity","TheBeyond"],"potions_floor_usage":[20,50],"damage_taken":[{"damage":8,"enemies":"Jaw Worm","floor":1,"turns":3},{"damage":0,"enemies":"Cultist","floor":2,"turns":2},{"damage":16,"enemies":"Lagavulin","floor":6,"turns":5},{"damage":13,"enemies":"3 Sentries","floor":8,"turns":3},{"damage":0,"enemies":"2 Louse","floor":11,"turns":1},{"damage":12,"enemies":"2 Fungi Beasts","floor":13,"turns":2},{"damage":6,"enemies":"Red Slaver","floor":14,"turns":3},{"damage":11,"enemies":"Slime Boss","floor":16,"turns":6},{"damage":5,"enemies":"Chosen","floor":18,"turns":3},{"damage":10,"enemies":"3 Byrds","floor":19,"turns":2},{"damage":0,"enemies":"Snake Plant","floor":20,"turns":2},{"damage":36,"enemies":"Centurion and Healer","floor":22,"turns":5},{"damage":39,"enemies":"Gremlin Leader","floor":24,"turns":6},{"damage":0,"enemies":"Sentry and Sphere","floor":27,"turns":3},{"damage":0,"enemies":"Chosen and Byrds","floor":28,"turns":4},{"damage":0,"enemies":"3 Cultists","floor":29,"turns":3},{"damage":0,"enemies":"Snecko","floor":30,"turns":3},{"damage":17,"enemies":"Sentry and Sphere","floor":31,"turns":4},{"damage":45,"enemies":"Champ","floor":33,"turns":9},{"damage":0,"enemies":"Orb Walker","floor":35,"turns":2},{"damage":15,"enemies":"3 Darklings","floor":38,"turns":2},{"damage":0,"enemies":"Mind Bloom Boss Battle","floor":39,"turns":4},{"damage":0,"enemies":"Maw","floor":41,"turns":6},{"damage":19,"enemies":"Spire Growth","floor":44,"turns":3},{"damage":0,"enemies":"Transient","floor":46,"turns":5},{"damage":44,"enemies":"Reptomancer","floor":48,"turns":5},{"damage":86,"enemies":"Awakened One","floor":50,"turns":8}],"seed_played":"3886979853214399933","potions_obtained":[{"floor":1,"key":"EssenceOfDarkness"},{"floor":2,"key":"LiquidMemories"},{"floor":6,"key":"DistilledChaos"},{"floor":13,"key":"Explosive Potion"},{"floor":28,"key":"Explosive Potion"},{"floor":29,"key":"EntropicBrew"},{"floor":30,"key":"Fire Potion"},{"floor":41,"key":"DistilledChaos"}],"is_trial":false,"path_per_floor":["M","M","?","$","T","E","?","E","T","?","M","R","M","M","R","B",null,"M","M","M","?","M","R","E","R","T","M","M","M","M","M","R","B",null,"M","$","?","M","?","R","M","?","T","M","$","M","R","E","R","B"],"character_chosen":"DEFECT","items_purchased":["Sunder","Redo+1","Nunchaku","Regal Pillow","Lee\u0027s Waffle"],"campfire_rested":7,"item_purchase_floors":[4,36,36,36,36],"current_hp_per_floor":[67,67,67,67,67,51,44,31,31,31,43,65,53,47,69,58,75,70,60,60,60,36,58,31,53,53,53,53,53,53,48,70,37,75,75,82,82,67,67,67,67,67,67,48,48,48,82,50,82,0,0],"gold":56,"neow_bonus":"THREE_RARE_CARDS","is_daily":false,"chose_seed":false,"campfire_upgraded":1,"win_rate":0.0,"timestamp":1612483146,"path_taken":["M","M","?","$","?","E","?","E","T","?","M","R","?","M","R","BOSS","M","M","M","?","M","R","E","R","T","M","M","M","M","?","R","BOSS","M","$","?","M","?","R","M","?","T","M","?","?","R","E","R","BOSS"],"items_purchased_type":["Card","Card","Relic","Relic","Relic"],"build_version":"2020-12-22","purchased_purges":1,"victory":false,"max_hp_per_floor":[75,75,75,75,75,75,75,75,75,75,75,75,75,75,75,75,75,75,75,75,75,75,75,75,75,75,75,75,75,75,75,75,75,75,75,82,82,82,82,82,82,82,82,82,82,82,82,82,82,82,82],"card_choices":[{"not_picked":["Thunder Strike","Buffer"],"picked":"Biased Cognition","floor":0},{"not_picked":["Beam Cell","Skim"],"picked":"Tempest","floor":1},{"not_picked":["Cold Snap","Coolheaded"],"picked":"Streamline","floor":2},{"not_picked":["Rebound","Stack"],"picked":"Storm","floor":6},{"not_picked":["Consume","Sunder"],"picked":"Tempest","floor":8},{"not_picked":["Beam Cell","Streamline","Self Repair"],"picked":"SKIP","floor":11},{"not_picked":["Self Repair","Rebound"],"picked":"Chaos","floor":13},{"not_picked":["Steam","Cold Snap"],"picked":"Ball Lightning","floor":14},{"not_picked":["Meteor Strike","Hyperbeam"],"picked":"Thunder Strike","floor":16},{"not_picked":["Consume","Turbo","Tempest"],"picked":"SKIP","floor":18},{"not_picked":["Streamline","Auto Shields"],"picked":"Steam+1","floor":19},{"not_picked":["Coolheaded","Defragment"],"picked":"Ball Lightning","floor":20},{"not_picked":["Barrage","Turbo+1"],"picked":"Go for the Eyes+1","floor":22},{"not_picked":["Compile Driver+1","Machine Learning"],"picked":"BootSequence+1","floor":24},{"not_picked":["Rebound","Streamline","Sweeping Beam"],"picked":"SKIP","floor":27},{"not_picked":["Coolheaded+1","Go for the Eyes+1"],"picked":"Capacitor","floor":28},{"not_picked":["Coolheaded+1","Gash+1"],"picked":"Conserve Battery+1","floor":29},{"not_picked":["BootSequence+1","Compile Driver+1"],"picked":"Redo+1","floor":30},{"not_picked":["Streamline","Defragment","Blizzard"],"picked":"SKIP","floor":31},{"not_picked":["Buffer","Echo Form"],"picked":"Biased Cognition","floor":33},{"not_picked":["Turbo+1"],"picked":"SKIP","floor":35},{"not_picked":[],"picked":"Go for the Eyes+1","floor":38},{"not_picked":["Stack+1"],"picked":"SKIP","floor":41},{"not_picked":[],"picked":"Conserve Battery+1","floor":44},{"not_picked":["Reboot+1"],"picked":"SKIP","floor":46},{"not_picked":["Genetic Algorithm+1"],"picked":"SKIP","floor":48}],"player_experience":550651,"relics_obtained":[{"floor":5,"key":"Bronze Scales"},{"floor":6,"key":"MawBank"},{"floor":8,"key":"Meat on the Bone"},{"floor":9,"key":"Kunai"},{"floor":24,"key":"Toxic Egg 2"},{"floor":26,"key":"DataDisk"},{"floor":39,"key":"Calipers"},{"floor":43,"key":"Gambling Chip"},{"floor":48,"key":"Question Card"}],"event_choices":[{"cards_removed":["Shame"],"damage_healed":0,"gold_gain":0,"player_choice":"Offered Curse","damage_taken":0,"relics_obtained":["Spirit Poop"],"max_hp_gain":0,"max_hp_loss":0,"event_name":"Bonfire Elementals","floor":3,"gold_loss":0},{"damage_healed":0,"gold_gain":0,"player_choice":"Success","damage_taken":7,"relics_obtained":["Mercury Hourglass"],"max_hp_gain":0,"max_hp_loss":0,"event_name":"Scrap Ooze","floor":7,"gold_loss":0},{"cards_removed":["Defend_B"],"damage_healed":0,"gold_gain":0,"player_choice":"Card Removal","damage_taken":0,"max_hp_gain":0,"max_hp_loss":0,"event_name":"Wheel of Change","floor":10,"gold_loss":0},{"damage_healed":0,"gold_gain":0,"player_choice":"Forge","damage_taken":0,"max_hp_gain":0,"max_hp_loss":0,"event_name":"Accursed Blacksmith","floor":21,"gold_loss":0,"cards_upgraded":["Tempest"]},{"damage_healed":0,"gold_gain":0,"player_choice":"Ignored","damage_taken":0,"max_hp_gain":0,"max_hp_loss":0,"event_name":"Mysterious Sphere","floor":37,"gold_loss":0},{"damage_healed":0,"gold_gain":0,"player_choice":"Fight","damage_taken":0,"max_hp_gain":0,"max_hp_loss":0,"event_name":"MindBloom","floor":39,"gold_loss":0},{"damage_healed":0,"gold_gain":0,"player_choice":"Paid","damage_taken":0,"relics_obtained":["Red Mask"],"max_hp_gain":0,"max_hp_loss":0,"event_name":"Tomb of Lord Red Mask","floor":42,"gold_loss":485}],"is_beta":false,"boss_relics":[{"not_picked":["Astrolabe","Black Star"],"picked":"Runic Pyramid"},{"not_picked":["Sozu","Calling Bell"],"picked":"Busted Crown"}],"items_purged_floors":[36],"is_endless":false,"potions_floor_spawned":[1,2,6,13,18,19,28,29,30,31,33,38,41],"killed_by":"Awakened One","ascension_level":1}}