{"host":"fligtxqnrbjmaaid","time":1612442659,"event":{"mods":["ATMod(°¢èªMod)","AchievementEnabler","Act Like it!","BaseMod","Dota2Spire","Downfall","Hallownest","Infinite Spire","Lobotomy","Marisa£¨ìFÓê¡¡Ä§ÀíÉ³£©","Minty Spire (QoL Compilation)","Replay The Spire","StSLib","The Blackbeard","The Construct","The Cursed","The Gatherer","The Runesmith","The Senshi","[IsaacMod]ÒÔÈö¼âËþ"],"gold_per_floor":[127,137,219,115,131,131,131,131,155,186,30,61,88,157,157,276,276,350,350,402,437,437],"floor_reached":21,"language":"ZHS","playtime":1075,"items_purged":[],"score":171,"play_id":"b38611f9-b5bb-4565-b27a-9f93053d6848","local_time":"20210204204419","is_ascension_mode":false,"campfire_choices":[{"floor":6,"key":"REST"},{"data":"Poisoned Stab","floor":8,"key":"SMITH"},{"floor":15,"key":"REST"}],"circlet_count":0,"master_deck":["Strike_G","Strike_G","Strike_G","Strike_G","Strike_G","Defend_G","Defend_G","Defend_G","Defend_G","Defend_G","Survivor","Neutralize","AT_FamilyPortrait","infinitespire:Neurotoxin","Toxin Wave","Deadly Poison","Slice","Poisoned Stab+1","Deadly Poison","Choke","Bouncing Flask","Infinite Blades","Slice","Terror","AT_Desolate","Burst","AT_WomanClash","infinitespire:SealOfDarkness+","AT_WindFlip+1"],"relics":["Slimebound:AbsorbEndCombat","AT_ATBox","HushsDoor","SalivaCoin","infinitespire:Cubic Diamond","Kunai","SacredBark"],"acts_visited":["Exordium","TheCity"],"potions_floor_usage":[1,16,16],"damage_taken":[{"damage":8,"enemies":"Jaw Worm","floor":1,"turns":7},{"damage":0,"enemies":"Small Slimes","floor":2,"turns":3},{"damage":0,"enemies":"Cultist","floor":5,"turns":3},{"damage":22,"enemies":"Exordium Thugs","floor":10,"turns":3},{"damage":13,"enemies":"Lots of Slimes","floor":12,"turns":3},{"damage":8,"enemies":"Large Slime","floor":13,"turns":5},{"damage":21,"enemies":"Slime Boss","floor":16,"turns":6},{"damage":23,"enemies":"3 Byrds","floor":18,"turns":4},{"damage":31,"enemies":"Shell Parasite","floor":20,"turns":6},{"damage":27,"enemies":"Snake Plant","floor":21,"turns":2}],"seed_played":"3165069027931152228","potions_obtained":[{"floor":1,"key":"Fruit Juice"},{"floor":2,"key":"SneckoOil"},{"floor":10,"key":"Slimebound:ThreeZeroPotion"},{"floor":13,"key":"BlessingOfTheForge"}],"is_trial":false,"path_per_floor":["M","M","?","$","M","R","?","R","T","M","$","M","M","T","R","B",null,"M","AVR","M","M"],"character_chosen":"THE_SILENT","items_purchased":["Slice","Poisoned Stab","Bouncing Flask","Infinite Blades","Slice"],"campfire_rested":2,"item_purchase_floors":[4,4,11,11,11],"current_hp_per_floor":[67,67,56,56,56,75,75,75,75,53,53,40,32,32,54,33,75,52,52,21,0,0],"gold":437,"neow_bonus":"ONE_RANDOM_RARE_CARD","is_daily":false,"chose_seed":false,"campfire_upgraded":1,"win_rate":0.0,"timestamp":1612442659,"path_taken":["M","M","?","$","M","R","?","R","T","?","?","M","M","?","R","BOSS","M","AVR","?","M"],"items_purchased_type":["Card","Card","Card","Card","Card"],"build_version":"2020-12-22","purchased_purges":0,"victory":false,"max_hp_per_floor":[75,75,75,75,75,75,75,75,75,75,75,75,75,75,75,75,75,75,75,75,75,75],"card_choices":[{"not_picked":["ReplayTheSpireMod:The Works","Bomb"],"picked":"Toxin Wave","floor":1},{"not_picked":["All Out Attack","Quick Slash"],"picked":"Deadly Poison","floor":2},{"not_picked":["Dagger Throw","ReplayTheSpireMod:The Works"],"picked":"Deadly Poison","floor":5},{"not_picked":["Acrobatics","ReplayTheSpireMod:Necrosis"],"picked":"Choke","floor":10},{"not_picked":["AT_Desolate","PiercingWail"],"picked":"Terror","floor":12},{"not_picked":["AT_WindFlip","Dagger Spray"],"picked":"AT_Desolate","floor":13},{"not_picked":["Malaise","Atom Bomb"],"picked":"Burst","floor":16},{"not_picked":["Acrobatics+1","Sucker Punch"],"picked":"AT_WomanClash","floor":18},{"not_picked":["Deadly Poison+1","Dagger Throw"],"picked":"AT_WindFlip+1","floor":20}],"player_experience":119945,"relics_obtained":[{"floor":14,"key":"Kunai"}],"event_choices":[{"damage_healed":0,"gold_gain":75,"player_choice":"Gather Gold","damage_taken":11,"max_hp_gain":0,"max_hp_loss":0,"event_name":"World of Goop","floor":3,"gold_loss":0}],"is_beta":false,"boss_relics":[{"not_picked":["Dota2Spire:RefresherOrb","Runic Dome"],"picked":"SacredBark"},{"not_picked":[]}],"items_purged_floors":[],"is_endless":false,"potions_floor_spawned":[1,2,10,13],"killed_by":"Snake Plant","ascension_level":0}}