{"host":"md0dejzd6k70gl1f","time":1612473972,"event":{"mods":["BaseMod","Minty Spire (QoL Compilation)","Quick Restart"],"gold_per_floor":[109,121,121,46,59,86,86,113,113,113,133,189,189,189,189,284,284,300,148,63,94,104,104,104],"floor_reached":23,"language":"ENG","playtime":852,"items_purged":["Strike_B","Strike_B"],"score":276,"play_id":"e5390f21-b02a-45ae-b006-32697a758bea","local_time":"20210204222612","is_ascension_mode":true,"campfire_choices":[{"data":"Tempest","floor":7,"key":"SMITH"},{"data":"Sweeping Beam","floor":10,"key":"SMITH"},{"data":"Hologram","floor":13,"key":"SMITH"},{"data":"Coolheaded","floor":15,"key":"SMITH"}],"circlet_count":0,"master_deck":["Strike_B","Strike_B","Defend_B","Defend_B","Defend_B","Defend_B","Zap+1","Dualcast","Hologram+1","Sweeping Beam+1","Leap","Steam Power","Tempest+1","Barrage","Coolheaded+1","Electrodynamics","Loop","Defragment"],"relics":["Cracked Core","Toy Ornithopter","Letter Opener","Potion Belt","Mango","Inserter","Ginger","Red Mask"],"acts_visited":["Exordium","TheCity"],"potions_floor_usage":[6,12,18,21],"damage_taken":[{"damage":0,"enemies":"Small Slimes","floor":1,"turns":3},{"damage":0,"enemies":"Cultist","floor":2,"turns":3},{"damage":2,"enemies":"Jaw Worm","floor":5,"turns":4},{"damage":15,"enemies":"3 Sentries","floor":6,"turns":6},{"damage":18,"enemies":"Lagavulin","floor":8,"turns":6},{"damage":0,"enemies":"Looter","floor":11,"turns":2},{"damage":12,"enemies":"Gremlin Nob","floor":12,"turns":3},{"damage":4,"enemies":"The Guardian","floor":16,"turns":12},{"damage":10,"enemies":"Shell Parasite","floor":18,"turns":6},{"damage":51,"enemies":"Masked Bandits","floor":21,"turns":4},{"damage":8,"enemies":"2 Thieves","floor":22,"turns":4},{"damage":25,"enemies":"Snecko","floor":23,"turns":4}],"seed_played":"8673152740325747669","potions_obtained":[{"floor":2,"key":"SkillPotion"},{"floor":8,"key":"FearPotion"},{"floor":11,"key":"DuplicationPotion"},{"floor":18,"key":"Strength Potion"}],"is_trial":false,"path_per_floor":["M","M","?","$","M","E","R","E","T","R","M","?","R","?","R","B",null,"M","$","?","?","M","M"],"character_chosen":"DEFECT","items_purchased":["Explosive Potion"],"campfire_rested":0,"item_purchase_floors":[19],"current_hp_per_floor":[68,68,68,68,66,51,51,33,33,33,33,40,40,40,40,36,76,71,71,71,25,17,0,0],"gold":104,"neow_bonus":"UPGRADE_CARD","is_daily":false,"chose_seed":false,"campfire_upgraded":4,"win_rate":0.0,"timestamp":1612473972,"path_taken":["M","M","?","$","?","E","R","E","T","R","M","?","R","?","R","BOSS","M","$","?","?","M","M"],"items_purchased_type":["Potion"],"build_version":"2020-12-22","purchased_purges":2,"victory":false,"max_hp_per_floor":[75,75,75,75,75,75,75,75,75,75,75,89,89,89,89,89,89,89,89,89,89,89,89,89],"card_choices":[{"not_picked":["Double Energy","Redo"],"picked":"Hologram","floor":1},{"not_picked":["Streamline","Steam"],"picked":"Sweeping Beam","floor":2},{"not_picked":["Leap","Turbo"],"picked":"Steam Power","floor":5},{"not_picked":["Self Repair","Double Energy"],"picked":"Tempest","floor":6},{"not_picked":["Steam Power","Streamline"],"picked":"Barrage","floor":8},{"not_picked":["Gash","Conserve Battery"],"picked":"Coolheaded","floor":11},{"not_picked":["Echo Form","Core Surge"],"picked":"Electrodynamics","floor":16},{"not_picked":["Melter","Go for the Eyes"],"picked":"Loop","floor":18},{"not_picked":["Stack","Steam+1"],"picked":"Defragment","floor":21},{"not_picked":["Beam Cell","Hello World+1","Leap"],"picked":"SKIP","floor":22}],"player_experience":484047,"relics_obtained":[{"floor":6,"key":"Toy Ornithopter"},{"floor":8,"key":"Letter Opener"},{"floor":9,"key":"Potion Belt"},{"floor":21,"key":"Red Mask"}],"event_choices":[{"damage_healed":0,"gold_gain":0,"player_choice":"1 cards matched","damage_taken":0,"max_hp_gain":0,"max_hp_loss":0,"event_name":"Match and Keep!","floor":3,"gold_loss":0,"cards_obtained":["Leap"]},{"damage_healed":0,"gold_gain":30,"player_choice":"Searched \u00273\u0027 times","damage_taken":0,"relics_obtained":["Mango"],"max_hp_gain":0,"max_hp_loss":0,"event_name":"Dead Adventurer","floor":12,"gold_loss":0},{"damage_healed":0,"gold_gain":0,"player_choice":"Ignored","damage_taken":0,"max_hp_gain":0,"max_hp_loss":0,"event_name":"Liars Game","floor":14,"gold_loss":0},{"damage_healed":0,"gold_gain":0,"player_choice":"Obtained Relic","damage_taken":0,"relics_obtained":["Ginger"],"max_hp_gain":0,"max_hp_loss":0,"event_name":"Addict","floor":20,"gold_loss":85},{"damage_healed":0,"gold_gain":0,"player_choice":"Fought Bandits","damage_taken":0,"max_hp_gain":0,"max_hp_loss":0,"event_name":"Masked Bandits","floor":21,"gold_loss":0}],"is_beta":false,"boss_relics":[{"not_picked":["Runic Pyramid","Snecko Eye"],"picked":"Inserter"}],"items_purged_floors":[4,19],"is_endless":false,"potions_floor_spawned":[2,8,11,18],"killed_by":"Snecko","ascension_level":8}}