{"host":"neeznpvpgo0qgfkd","time":1612447467,"event":{"mods":["AchievementEnabler","BaseMod","BetterRewards","Colored Map","Colored Powertips","Exacting","Minty Spire (QoL Compilation)","Permanent Neow","Quick Restart","Shop Mod"],"gold_per_floor":[132,143,318,318,318,351,351,381,406,406,406],"floor_reached":10,"language":"ENG","playtime":370,"items_purged":[],"score":96,"play_id":"b11875e7-bf76-40dd-8105-036a1a787093","local_time":"20210204090427","is_ascension_mode":true,"campfire_choices":[{"floor":7,"key":"REST"}],"circlet_count":0,"master_deck":["Strike_G","Strike_G","Strike_G+1","Strike_G","Strike_G","Defend_G","Defend_G","Defend_G","Defend_G","Defend_G","Survivor","Neutralize+1","Noxious Fumes","Noxious Fumes","Panache","Poisoned Stab","Dagger Spray","Dash","Dagger Spray","Dagger Spray"],"relics":["Ring of the Snake","The Specimen","Pantograph","Whetstone","Art of War"],"acts_visited":["Exordium"],"potions_floor_usage":[6,8,10],"damage_taken":[{"damage":13,"enemies":"Small Slimes","floor":1,"turns":3},{"damage":0,"enemies":"2 Louse","floor":2,"turns":3},{"damage":17,"enemies":"3 Sentries","floor":6,"turns":5},{"damage":26,"enemies":"Gremlin Nob","floor":8,"turns":5},{"damage":46,"enemies":"Lagavulin","floor":10,"turns":6}],"seed_played":"-8698900568429833447","potions_obtained":[{"floor":2,"key":"Block Potion"},{"floor":6,"key":"LiquidMemories"},{"floor":8,"key":"Regen Potion"}],"is_trial":false,"path_per_floor":["M","M","?","?","?","E","R","E","T","E"],"character_chosen":"THE_SILENT","items_purchased":["Noxious Fumes","Noxious Fumes","Panache","Pantograph"],"campfire_rested":1,"item_purchase_floors":[0,0,0,0],"current_hp_per_floor":[50,50,50,50,50,33,54,28,28,0,0],"gold":406,"neow_bonus":"","is_daily":false,"chose_seed":false,"campfire_upgraded":0,"win_rate":0.0,"timestamp":1612447467,"path_taken":["M","M","?","?","?","E","R","E","T","E"],"items_purchased_type":["Card","Card","Card","Relic"],"build_version":"2020-12-22","purchased_purges":0,"victory":false,"max_hp_per_floor":[70,70,70,70,70,70,70,70,70,70,70],"card_choices":[{"not_picked":["Dodge and Roll","Deflect"],"picked":"Poisoned Stab","floor":1},{"not_picked":["Backflip","Heel Hook"],"picked":"Dagger Spray","floor":2},{"not_picked":["Bouncing Flask","Dagger Spray"],"picked":"Dash","floor":6},{"not_picked":["Setup","Cloak And Dagger"],"picked":"Dagger Spray","floor":6},{"not_picked":["Flying Knee","Sucker Punch"],"picked":"Dagger Spray","floor":8}],"player_experience":1307211,"relics_obtained":[{"floor":6,"key":"Whetstone"},{"floor":8,"key":"Art of War"}],"event_choices":[{"damage_healed":0,"gold_gain":175,"player_choice":"AGREE","damage_taken":0,"max_hp_gain":0,"max_hp_loss":0,"event_name":"Liars Game","floor":3,"gold_loss":0,"cards_obtained":["Doubt"]},{"cards_removed":["Doubt"],"damage_healed":0,"gold_gain":0,"player_choice":"Forget","damage_taken":0,"max_hp_gain":0,"max_hp_loss":0,"event_name":"Living Wall","floor":4,"gold_loss":0},{"damage_healed":0,"gold_gain":0,"player_choice":"Ignored","damage_taken":0,"max_hp_gain":0,"max_hp_loss":0,"event_name":"Golden Wing","floor":5,"gold_loss":0}],"is_beta":false,"boss_relics":[],"items_purged_floors":[],"is_endless":false,"potions_floor_spawned":[2,6,8],"killed_by":"Lagavulin","ascension_level":6}}