{"host":"neeznpvpgo0qgfkd","time":1612444481,"event":{"mods":["AchievementEnabler","BaseMod","BetterRewards","Colored Map","Colored Powertips","Exacting","Minty Spire (QoL Compilation)","Permanent Neow","Quick Restart","Shop Mod"],"gold_per_floor":[118,118,118,150,4,39,57,82,82,134,150,150,183,231,231,335,335,361,361,391,401,401,433,350,350,374,400,429,442,472,500,500,598,598,630,643,693,711,711,742,742,771,771,771,822,822,503,529,529,544,544],"floor_reached":50,"language":"ENG","playtime":2661,"items_purged":[],"score":997,"play_id":"07831067-a7de-4a98-8f1f-aecd5a5f61bb","local_time":"20210204081441","is_ascension_mode":true,"campfire_choices":[{"floor":15,"key":"REST"},{"floor":25,"key":"RECALL"},{"data":"Envenom","floor":32,"key":"SMITH"},{"data":"Envenom","floor":41,"key":"SMITH"},{"data":"Terror","floor":46,"key":"SMITH"},{"data":"A Thousand Cuts","floor":49,"key":"SMITH"}],"circlet_count":0,"master_deck":["Strike_G+1","Strike_G+1","Strike_G+1","Strike_G+1","Strike_G+1","Defend_G+1","Defend_G+1","Defend_G+1","Defend_G+1","Defend_G+1","Survivor","Neutralize","Envenom+1","Flying Knee+1","Dagger Throw","Noxious Fumes","Sucker Punch","Finisher","Underhanded Strike","Riddle With Holes","Blade Dance","Envenom+1","Noxious Fumes","Flying Knee+1","Tactician+1","All Out Attack+1","Footwork","Cloak And Dagger","Heel Hook+1","Cloak And Dagger","Phantasmal Killer","Bane","Infinite Blades+1","A Thousand Cuts+1","Outmaneuver+1","Flying Knee+1","Slice+1","Madness","Terror+1","Madness","Madness","Shame","Mayhem","Dagger Spray+1"],"relics":["Ring of the Snake","Incense Burner","Lee\u0027s Waffle","Bird Faced Urn","Sling","Bottled Tornado","Mummified Hand","Eternal Feather","Ornamental Fan","Omamori","Torii","Cursed Key","Spirit Poop","Juzu Bracelet","Snake Skull","Ginger","Calipers","Red Mask","SlaversCollar","FossilizedHelix","Lizard Tail","Molten Egg 2","Whetstone","Bag of Marbles","Regal Pillow"],"acts_visited":["Exordium","TheCity","TheBeyond"],"potions_floor_usage":[6,8,14,31,33,36,36,48,48],"damage_taken":[{"damage":8,"enemies":"Jaw Worm","floor":1,"turns":3},{"damage":9,"enemies":"Small Slimes","floor":4,"turns":3},{"damage":25,"enemies":"3 Sentries","floor":6,"turns":6},{"damage":4,"enemies":"Cultist","floor":7,"turns":3},{"damage":14,"enemies":"Gremlin Nob","floor":8,"turns":4},{"damage":12,"enemies":"3 Sentries","floor":10,"turns":7},{"damage":14,"enemies":"Red Slaver","floor":11,"turns":3},{"damage":1,"enemies":"Blue Slaver","floor":13,"turns":4},{"damage":0,"enemies":"Lagavulin","floor":14,"turns":4},{"damage":8,"enemies":"Slime Boss","floor":16,"turns":8},{"damage":16,"enemies":"Spheric Guardian","floor":18,"turns":6},{"damage":10,"enemies":"2 Thieves","floor":20,"turns":4},{"damage":9,"enemies":"Shelled Parasite and Fungi","floor":21,"turns":4},{"damage":0,"enemies":"Gremlin Leader","floor":23,"turns":5},{"damage":15,"enemies":"Book of Stabbing","floor":27,"turns":4},{"damage":7,"enemies":"Snake Plant","floor":28,"turns":3},{"damage":0,"enemies":"Chosen and Byrds","floor":29,"turns":4},{"damage":20,"enemies":"Gremlin Leader","floor":30,"turns":4},{"damage":0,"enemies":"Masked Bandits","floor":31,"turns":3},{"damage":1,"enemies":"Champ","floor":33,"turns":6},{"damage":7,"enemies":"3 Darklings","floor":35,"turns":4},{"damage":0,"enemies":"3 Shapes","floor":36,"turns":2},{"damage":23,"enemies":"Mind Bloom Boss Battle","floor":37,"turns":4},{"damage":0,"enemies":"Maw","floor":38,"turns":5},{"damage":0,"enemies":"Giant Head","floor":40,"turns":6},{"damage":42,"enemies":"Reptomancer","floor":42,"turns":5},{"damage":33,"enemies":"Nemesis","floor":48,"turns":5},{"damage":135,"enemies":"Awakened One","floor":50,"turns":8}],"seed_played":"6039326700693293751","potions_obtained":[{"floor":7,"key":"Fruit Juice"},{"floor":10,"key":"GamblersBrew"},{"floor":14,"key":"SmokeBomb"},{"floor":18,"key":"LiquidBronze"},{"floor":20,"key":"BlessingOfTheForge"},{"floor":23,"key":"DistilledChaos"},{"floor":29,"key":"CunningPotion"},{"floor":30,"key":"CunningPotion"},{"floor":35,"key":"AttackPotion"},{"floor":37,"key":"SkillPotion"},{"floor":42,"key":"Poison Potion"}],"is_trial":false,"path_per_floor":["M","?","?","M","$","E","M","E","T","E","M","?","M","E","R","B",null,"M","?","M","M","?","E","$","R","T","E","M","M","E","?","R","B",null,"M","M","?","M","?","E","R","E","T","?","T","R","$","E","R","B"],"character_chosen":"THE_SILENT","items_purchased":["Envenom","Lee\u0027s Waffle","Energy Potion","Sling","Footwork","Cloak And Dagger","Bag of Marbles","Mayhem"],"campfire_rested":1,"item_purchase_floors":[0,0,0,5,24,24,47,47],"current_hp_per_floor":[70,70,70,63,63,40,40,35,35,27,17,17,20,22,58,54,75,65,65,59,68,68,76,76,82,82,67,66,74,64,68,82,82,82,75,82,59,71,71,82,82,42,42,32,32,56,56,33,57,0,0],"gold":544,"neow_bonus":"","is_daily":false,"chose_seed":false,"campfire_upgraded":4,"win_rate":0.0,"timestamp":1612444481,"path_taken":["M","?","?","?","?","E","M","E","T","E","M","?","M","E","R","BOSS","M","?","M","M","?","E","$","R","T","E","M","M","E","?","R","BOSS","M","M","?","M","?","E","R","E","T","?","?","R","?","E","R","BOSS"],"items_purchased_type":["Card","Relic","Potion","Relic","Card","Card","Relic","Card"],"build_version":"2020-12-22","purchased_purges":0,"victory":false,"max_hp_per_floor":[77,77,77,77,77,77,77,82,82,82,82,82,82,82,82,82,82,82,82,82,82,82,82,82,82,82,82,82,82,82,82,82,82,82,82,82,82,82,82,82,82,82,82,82,82,82,82,82,82,82,82],"card_choices":[{"not_picked":["All Out Attack","Bouncing Flask"],"picked":"Flying Knee","floor":1},{"not_picked":["Prepared","Acrobatics"],"picked":"Dagger Throw","floor":4},{"not_picked":["PiercingWail","Burst"],"picked":"Noxious Fumes","floor":6},{"not_picked":["Bouncing Flask","Distraction"],"picked":"Sucker Punch","floor":7},{"not_picked":["Quick Slash","Poisoned Stab","Concentrate"],"picked":"SKIP","floor":8},{"not_picked":["Reflex","Dagger Throw"],"picked":"Finisher","floor":10},{"not_picked":["Storm of Steel","Escape Plan"],"picked":"Underhanded Strike","floor":11},{"not_picked":["Outmaneuver","Reflex"],"picked":"Riddle With Holes","floor":13},{"not_picked":["Sucker Punch","Poisoned Stab"],"picked":"Blade Dance","floor":14},{"not_picked":["Glass Knife","Wraith Form v2"],"picked":"Envenom","floor":16},{"not_picked":["Eviscerate+1","Dodge and Roll"],"picked":"Noxious Fumes","floor":18},{"not_picked":["Dodge and Roll","Heel Hook"],"picked":"Flying Knee+1","floor":20},{"not_picked":["Endless Agony+1","PiercingWail+1"],"picked":"Tactician+1","floor":21},{"not_picked":["Prepared","Cloak And Dagger"],"picked":"All Out Attack+1","floor":23},{"not_picked":["Bane","Dodge and Roll"],"picked":"Heel Hook+1","floor":27},{"not_picked":["Backflip","Catalyst"],"picked":"Cloak And Dagger","floor":28},{"not_picked":["Deadly Poison","Cloak And Dagger"],"picked":"Phantasmal Killer","floor":29},{"not_picked":["Backflip","Quick Slash"],"picked":"Bane","floor":30},{"not_picked":["Endless Agony","Acrobatics"],"picked":"Infinite Blades+1","floor":31},{"not_picked":["Wraith Form v2","Night Terror"],"picked":"A Thousand Cuts","floor":33},{"not_picked":["Distraction","Dagger Throw+1","Dodge and Roll"],"picked":"SKIP","floor":35},{"not_picked":["Backflip","Deflect+1"],"picked":"Outmaneuver+1","floor":36},{"not_picked":["Dagger Throw","Backflip+1"],"picked":"Flying Knee+1","floor":37},{"not_picked":["Grand Finale","Escape Plan"],"picked":"Slice","floor":38},{"not_picked":["Deep Breath","Mind Blast"],"picked":"Madness","floor":39},{"not_picked":["Blade Dance","Reflex+1"],"picked":"Terror","floor":40},{"not_picked":["Underhanded Strike+1","PiercingWail","All Out Attack+1"],"picked":"SKIP","floor":42},{"not_picked":["Well Laid Plans+1","Leg Sweep+1"],"picked":"Dagger Spray+1","floor":48}],"player_experience":1307211,"relics_obtained":[{"floor":6,"key":"Bottled Tornado"},{"floor":8,"key":"Mummified Hand"},{"floor":9,"key":"Eternal Feather"},{"floor":10,"key":"Ornamental Fan"},{"floor":14,"key":"Torii"},{"floor":23,"key":"Juzu Bracelet"},{"floor":26,"key":"Snake Skull"},{"floor":27,"key":"Ginger"},{"floor":30,"key":"Calipers"},{"floor":31,"key":"Red Mask"},{"floor":37,"key":"FossilizedHelix"},{"floor":40,"key":"Lizard Tail"},{"floor":42,"key":"Molten Egg 2"},{"floor":45,"key":"Whetstone"},{"floor":48,"key":"Regal Pillow"}],"event_choices":[{"damage_healed":0,"gold_gain":0,"player_choice":"Ignored","damage_taken":0,"max_hp_gain":0,"max_hp_loss":0,"event_name":"Golden Wing","floor":2,"gold_loss":0},{"damage_healed":0,"gold_gain":0,"player_choice":"Bought 0 Potions","damage_taken":0,"max_hp_gain":0,"max_hp_loss":0,"event_name":"The Woman in Blue","floor":3,"gold_loss":0},{"damage_healed":0,"gold_gain":0,"player_choice":"Box","damage_taken":0,"relics_obtained":["Omamori"],"max_hp_gain":0,"max_hp_loss":0,"event_name":"Big Fish","floor":12,"gold_loss":0,"cards_obtained":["Regret"]},{"damage_healed":0,"gold_gain":0,"player_choice":"Simplicity","damage_taken":0,"max_hp_gain":0,"max_hp_loss":0,"event_name":"Back to Basics","floor":19,"gold_loss":0,"cards_upgraded":["Strike_G","Strike_G","Strike_G","Strike_G","Strike_G","Defend_G","Defend_G","Defend_G","Defend_G","Defend_G"]},{"cards_removed":["Regret"],"damage_healed":0,"gold_gain":0,"player_choice":"Offered Curse","damage_taken":0,"relics_obtained":["Spirit Poop"],"max_hp_gain":0,"max_hp_loss":0,"event_name":"Bonfire Elementals","floor":22,"gold_loss":0},{"damage_healed":0,"gold_gain":0,"player_choice":"Fought Bandits","damage_taken":0,"max_hp_gain":0,"max_hp_loss":0,"event_name":"Masked Bandits","floor":31,"gold_loss":0},{"damage_healed":0,"gold_gain":0,"player_choice":"Fight","damage_taken":0,"max_hp_gain":0,"max_hp_loss":0,"event_name":"MindBloom","floor":37,"gold_loss":0},{"damage_healed":0,"gold_gain":0,"player_choice":"Memory 1","damage_taken":0,"max_hp_gain":0,"max_hp_loss":0,"event_name":"SensoryStone","floor":39,"gold_loss":0},{"damage_healed":0,"gold_gain":0,"player_choice":"Embrace Madness","damage_taken":10,"max_hp_gain":0,"max_hp_loss":0,"event_name":"Winding Halls","floor":44,"gold_loss":0,"cards_obtained":["Madness","Madness"]}],"is_beta":false,"boss_relics":[{"not_picked":["Runic Pyramid","Fusion Hammer"],"picked":"Cursed Key"},{"not_picked":["Tiny House","Calling Bell"],"picked":"SlaversCollar"}],"items_purged_floors":[],"is_endless":false,"potions_floor_spawned":[7,10,14,18,20,23,29,35,37,42],"killed_by":"Awakened One","ascension_level":6}}