{"host":"qm4rv4rkpk76sbxu","time":1612463428,"event":{"mods":["BaseMod","Bestiary","Block Reminder","DeckTracker","Filter the Spire","Keyboard Shortcuts","Minty Spire (QoL Compilation)","MonsterHotkey","Quick Restart","Random Character Button","Relic Stats","Slay-I","StSLib","Unceasing Turn Reminder","ojb\u0027s Better Paths Mod","ojb\u0027s Info Mod"],"gold_per_floor":[368,64,64,74,101,129,129,148,171,171,199,199,199,215,215,336,336,355,355,355,355,15,44,44,77,77,77,1,11,37,37,49,61,61],"floor_reached":33,"language":"ENG","playtime":875,"items_purged":[],"score":428,"play_id":"0e190a79-41a6-4388-bed0-06cf75bd4ef5","local_time":"20210204193028","is_ascension_mode":true,"campfire_choices":[{"data":"Neutralize","floor":7,"key":"SMITH"},{"data":"Dagger Throw","floor":10,"key":"SMITH"},{"data":"Dagger Spray","floor":15,"key":"SMITH"},{"data":"Footwork","floor":24,"key":"SMITH"},{"data":"Unload","floor":27,"key":"SMITH"},{"data":"Concentrate","floor":32,"key":"SMITH"}],"circlet_count":0,"master_deck":["Strike_G","Strike_G","Strike_G","Strike_G","Strike_G","Defend_G","Defend_G","Defend_G","Defend_G","Survivor","Neutralize+1","Masterful Stab","Dagger Throw+1","Unload+1","Dagger Spray+1","Underhanded Strike","Footwork+1","Underhanded Strike+1","All Out Attack+1","Terror","Concentrate+1"],"relics":["Ring of the Snake","Juzu Bracelet","Nunchaku","Ninja Scroll","Bronze Scales","Art of War","Bloody Idol","Orichalcum","Runic Pyramid","GremlinMask","TungstenRod","Tiny Chest","Gremlin Horn","Bag of Marbles","Vajra","MawBank"],"acts_visited":["Exordium","TheCity"],"potions_floor_usage":[6,11,16,16,23,33],"damage_taken":[{"damage":2,"enemies":"2 Louse","floor":1,"turns":3},{"damage":1,"enemies":"Jaw Worm","floor":4,"turns":4},{"damage":0,"enemies":"3 Sentries","floor":6,"turns":7},{"damage":0,"enemies":"Small Slimes","floor":8,"turns":2},{"damage":10,"enemies":"Lagavulin","floor":11,"turns":3},{"damage":0,"enemies":"Looter","floor":14,"turns":2},{"damage":7,"enemies":"Slime Boss","floor":16,"turns":4},{"damage":2,"enemies":"Chosen","floor":18,"turns":3},{"damage":23,"enemies":"Slavers","floor":23,"turns":5},{"damage":29,"enemies":"Book of Stabbing","floor":25,"turns":4},{"damage":1,"enemies":"Shell Parasite","floor":29,"turns":2},{"damage":0,"enemies":"Gremlin Leader","floor":30,"turns":3},{"damage":56,"enemies":"Automaton","floor":33,"turns":6}],"seed_played":"2214477361954266421","potions_obtained":[{"floor":6,"key":"ColorlessPotion"},{"floor":11,"key":"EssenceOfSteel"},{"floor":18,"key":"Fruit Juice"},{"floor":30,"key":"Energy Potion"}],"is_trial":false,"path_per_floor":["M","$","?","M","T","E","R","M","T","R","E","?","?","M","R","B",null,"M","?","?","?","$","E","R","E","T","R","$","M","E","?","R","B"],"character_chosen":"THE_SILENT","items_purchased":["Juzu Bracelet","BlessingOfTheForge","ColorlessPotion","SteroidPotion","Footwork","TungstenRod","Terror"],"campfire_rested":0,"item_purchase_floors":[2,2,2,2,22,22,28],"current_hp_per_floor":[47,47,40,39,39,39,39,39,39,39,29,29,22,22,22,15,65,63,63,63,63,63,45,45,21,21,21,21,25,30,30,35,0,0],"gold":61,"neow_bonus":"TWO_FIFTY_GOLD","is_daily":false,"chose_seed":false,"campfire_upgraded":6,"win_rate":0.0,"timestamp":1612463428,"path_taken":["M","$","?","M","?","E","R","M","T","R","E","?","?","M","R","BOSS","M","?","?","?","$","E","R","E","T","R","?","M","E","?","R","BOSS"],"items_purchased_type":["Relic","Potion","Potion","Potion","Card","Relic","Card"],"build_version":"2020-12-22","purchased_purges":0,"victory":false,"max_hp_per_floor":[70,70,70,70,70,70,70,70,70,70,70,65,65,65,65,65,65,65,65,65,65,65,65,65,65,65,65,65,65,65,65,65,70,70],"relic_stats":{"Gremlin Horn":[6,6],"counters":[13,48],"Juzu Bracelet":1,"Orichalcum":[78],"MawBank":24,"Nunchaku":[15],"Bronze Scales":[79],"Bloody Idol":30,"Tiny Chest":0,"Art of War":[3],"obtain_stats":[{"Gremlin Horn":25,"Golden Idol":12,"Vajra":30,"GremlinMask":20,"Juzu Bracelet":2,"Orichalcum":13,"MawBank":31,"Nunchaku":5,"Ninja Scroll":6,"Bronze Scales":9,"Bloody Idol":19,"Tiny Chest":23,"Art of War":11,"Bag of Marbles":26,"TungstenRod":22,"Ring of the Snake":0,"Runic Pyramid":17},{"Gremlin Horn":10,"Golden Idol":5,"Vajra":12,"GremlinMask":8,"Juzu Bracelet":1,"Orichalcum":5,"MawBank":12,"Nunchaku":2,"Ninja Scroll":3,"Bronze Scales":4,"Bloody Idol":8,"Tiny Chest":9,"Art of War":5,"Bag of Marbles":10,"TungstenRod":8,"Ring of the Snake":0,"Runic Pyramid":7},{"Gremlin Horn":37,"Golden Idol":19,"Vajra":42,"GremlinMask":28,"Juzu Bracelet":3,"Orichalcum":19,"MawBank":42,"Nunchaku":7,"Ninja Scroll":14,"Bronze Scales":16,"Bloody Idol":28,"Tiny Chest":33,"Art of War":19,"Bag of Marbles":37,"TungstenRod":28,"Ring of the Snake":0,"Runic Pyramid":25}],"TungstenRod":13,"Ring of the Snake":[26]},"card_choices":[{"not_picked":["Bane","Heel Hook","Prepared"],"picked":"SKIP","floor":1},{"not_picked":["Outmaneuver","Underhanded Strike"],"picked":"Masterful Stab","floor":4},{"not_picked":["A Thousand Cuts","Setup","Choke"],"picked":"SKIP","floor":6},{"not_picked":["Underhanded Strike","Acrobatics"],"picked":"Dagger Throw","floor":8},{"not_picked":["Blade Dance","Bane"],"picked":"Unload","floor":11},{"not_picked":["Poisoned Stab","Slice"],"picked":"Dagger Spray","floor":14},{"not_picked":["Skewer","Dagger Spray"],"picked":"Underhanded Strike","floor":18},{"not_picked":["Cloak And Dagger","Accuracy+1"],"picked":"Underhanded Strike+1","floor":23},{"not_picked":["Prepared","Footwork"],"picked":"All Out Attack+1","floor":25},{"not_picked":["Underhanded Strike","Sucker Punch","Masterful Stab"],"picked":"SKIP","floor":29},{"not_picked":["PiercingWail","Storm of Steel"],"picked":"Concentrate","floor":30}],"player_experience":1509648,"relics_obtained":[{"floor":5,"key":"Nunchaku"},{"floor":6,"key":"Ninja Scroll"},{"floor":9,"key":"Bronze Scales"},{"floor":11,"key":"Art of War"},{"floor":23,"key":"Tiny Chest"},{"floor":25,"key":"Gremlin Horn"},{"floor":26,"key":"Bag of Marbles"},{"floor":30,"key":"Vajra"}],"event_choices":[{"cards_removed":["Defend_G"],"damage_healed":0,"gold_gain":0,"player_choice":"Card Removal","damage_taken":7,"max_hp_gain":0,"max_hp_loss":0,"event_name":"Golden Wing","floor":3,"gold_loss":0},{"damage_healed":0,"gold_gain":0,"player_choice":"Lose Max HP","damage_taken":0,"relics_obtained":["Golden Idol"],"max_hp_gain":0,"max_hp_loss":5,"event_name":"Golden Idol","floor":12,"gold_loss":0},{"damage_healed":0,"gold_gain":0,"player_choice":"Success","damage_taken":7,"relics_obtained":["Orichalcum"],"max_hp_gain":0,"max_hp_loss":0,"event_name":"Scrap Ooze","floor":13,"gold_loss":0},{"damage_healed":0,"gold_gain":0,"player_choice":"Gave Idol","damage_taken":0,"relics_obtained":["Bloody Idol"],"max_hp_gain":0,"max_hp_loss":0,"event_name":"Forgotten Altar","floor":19,"relics_lost":["Golden Idol"],"gold_loss":0},{"damage_healed":0,"gold_gain":0,"player_choice":"Trade","damage_taken":0,"relics_obtained":["GremlinMask"],"max_hp_gain":0,"max_hp_loss":0,"event_name":"FaceTrader","floor":20,"gold_loss":0},{"damage_healed":0,"gold_gain":0,"player_choice":"Copied","damage_taken":0,"max_hp_gain":0,"max_hp_loss":0,"event_name":"Duplicator","floor":21,"gold_loss":0,"cards_obtained":["Unload"]},{"cards_removed":["Unload"],"damage_healed":0,"gold_gain":0,"player_choice":"Gave Card","damage_taken":0,"relics_obtained":["MawBank"],"max_hp_gain":0,"max_hp_loss":0,"event_name":"WeMeetAgain","floor":31,"gold_loss":0}],"is_beta":false,"boss_relics":[{"not_picked":["Velvet Choker","Ectoplasm"],"picked":"Runic Pyramid"}],"items_purged_floors":[],"is_endless":false,"potions_floor_spawned":[6,11,18,30],"killed_by":"Automaton","ascension_level":4}}