{"host":"bz6w3lfmpwgz81o3","time":1612450844,"event":{"mods":["BaseMod","Downfall","Hermit","Minty Spire (QoL Compilation)","StSLib"],"gold_per_floor":[112,139,149,29,39,39,54,70,70,70,98,11,11,42,42,146,146,162,162,177,188,205,205,205],"floor_reached":23,"language":"ENG","playtime":1318,"items_purged":["hermit:Strike_Hermit"],"score":228,"play_id":"a753f5a4-6df7-43db-89f1-00167f406bd3","local_time":"20210204160044","is_ascension_mode":false,"campfire_choices":[{"data":"hermit:Determination","floor":6,"key":"SMITH"},{"data":"hermit:Combo","floor":10,"key":"SMITH"},{"data":"hermit:Midnight","floor":13,"key":"SMITH"},{"floor":15,"key":"REST"}],"circlet_count":0,"master_deck":["hermit:Strike_Hermit","hermit:Defend_Hermit","hermit:Defend_Hermit","hermit:Defend_Hermit","hermit:Defend_Hermit","hermit:Snapshot","hermit:Covet","hermit:Combo+1","hermit:TrackingShot","hermit:HighCaliber","hermit:Determination+1","hermit:Quickdraw","hermit:Vantage","hermit:Midnight+1","Dark Shackles","hermit:Feint","hermit:SprayPray","hermit:HeroicBravado","hermit:GhostlyPresence+1","hermit:Enervate","hermit:Manifest+1"],"relics":["hermit:Momento","Bag of Preparation","Bag of Marbles","Dream Catcher","Vajra","bronze:MakeshiftBattery"],"acts_visited":["Exordium","TheCity"],"potions_floor_usage":[8,11,16,23],"damage_taken":[{"damage":0,"enemies":"Cultist","floor":1,"turns":4},{"damage":0,"enemies":"Small Slimes","floor":3,"turns":4},{"damage":0,"enemies":"2 Louse","floor":5,"turns":2},{"damage":0,"enemies":"Looter","floor":7,"turns":3},{"damage":0,"enemies":"2 Fungi Beasts","floor":8,"turns":2},{"damage":0,"enemies":"Lagavulin","floor":11,"turns":5},{"damage":44,"enemies":"Gremlin Nob","floor":14,"turns":5},{"damage":16,"enemies":"Slime Boss","floor":16,"turns":9},{"damage":1,"enemies":"3 Byrds","floor":18,"turns":5},{"damage":0,"enemies":"Chosen","floor":20,"turns":3},{"damage":11,"enemies":"Snake Plant","floor":21,"turns":5},{"damage":4,"enemies":"Snecko","floor":22,"turns":8},{"damage":69,"enemies":"Gremlin Leader","floor":23,"turns":10}],"seed_played":"-274771688363313009","potions_obtained":[{"floor":1,"key":"Energy Potion"},{"floor":3,"key":"FearPotion"},{"floor":8,"key":"FairyPotion"},{"floor":14,"key":"Explosive Potion"},{"floor":16,"key":"hermit:Tonic"}],"is_trial":false,"path_per_floor":["M","T","M","$","M","R","M","M","T","R","E","$","R","E","R","B",null,"M","?","M","M","M","E"],"character_chosen":"HERMIT","items_purchased":["hermit:HighCaliber","Dark Shackles"],"campfire_rested":1,"item_purchase_floors":[4,12],"current_hp_per_floor":[68,68,68,68,68,68,68,68,68,68,68,68,68,24,44,28,68,67,55,55,44,40,0,0],"gold":205,"neow_bonus":"REMOVE_TWO","is_daily":false,"chose_seed":false,"campfire_upgraded":3,"win_rate":0.0,"timestamp":1612450844,"path_taken":["M","?","M","$","M","R","M","?","T","R","E","$","R","E","R","BOSS","M","?","M","M","M","E"],"items_purchased_type":["Card","Card"],"build_version":"2020-12-22","purchased_purges":1,"victory":false,"max_hp_per_floor":[68,68,68,68,68,68,68,68,68,68,68,68,68,68,68,68,68,68,73,73,73,73,73,73],"card_choices":[{"not_picked":["hermit:FullyLoaded","hermit:CalledShot"],"picked":"hermit:Combo","floor":1},{"not_picked":["hermit:HoleUp","hermit:Misfire"],"picked":"hermit:TrackingShot","floor":3},{"not_picked":["hermit:SprayPray","hermit:Manifest"],"picked":"hermit:Determination","floor":5},{"not_picked":["hermit:Showdown","hermit:SprayPray"],"picked":"hermit:Quickdraw","floor":7},{"not_picked":["hermit:WideOpen","hermit:Horror"],"picked":"hermit:Vantage","floor":8},{"not_picked":["hermit:Gestalt","hermit:CalledShot"],"picked":"hermit:Midnight","floor":11},{"not_picked":["hermit:Coalescence","hermit:Grudge"],"picked":"hermit:Feint","floor":14},{"not_picked":["hermit:Quickdraw","hermit:Glare"],"picked":"hermit:SprayPray","floor":15},{"not_picked":["hermit:FinalCanter","hermit:OverwhelmingPower"],"picked":"hermit:HeroicBravado","floor":16},{"not_picked":["hermit:ItchyTrigger+1","hermit:Desperado"],"picked":"hermit:GhostlyPresence+1","floor":18},{"not_picked":["hermit:Showdown","hermit:Quickdraw","hermit:Virtue"],"picked":"SKIP","floor":20},{"not_picked":["hermit:Virtue+1","hermit:Dive"],"picked":"hermit:Enervate","floor":21},{"not_picked":["hermit:Vantage","hermit:Ricochet"],"picked":"hermit:Manifest+1","floor":22}],"player_experience":2244,"relics_obtained":[{"floor":2,"key":"Bag of Preparation"},{"floor":9,"key":"Bag of Marbles"},{"floor":11,"key":"Dream Catcher"},{"floor":14,"key":"Vajra"}],"event_choices":[{"damage_healed":0,"gold_gain":0,"player_choice":"Shed Blood","damage_taken":17,"max_hp_gain":5,"max_hp_loss":0,"event_name":"Forgotten Altar","floor":19,"gold_loss":0}],"is_beta":false,"boss_relics":[{"not_picked":["Cursed Key","Runic Pyramid"],"picked":"bronze:MakeshiftBattery"}],"items_purged_floors":[4],"is_endless":false,"potions_floor_spawned":[1,3,8,14,16,18],"killed_by":"Gremlin Leader","ascension_level":0}}