{"host":"tx53bzy9yvi1me7u","time":1612448117,"event":{"mods":["2.2 Compatiblity","BaseMod","Bestiary","CCEM2","Colored Map","Colored Powertips","Dark Map","Displayed Cursed Tome","Highlight Path","Minty Spire (QoL Compilation)","Permanent Neow","Quick Restart","Relic Sorter","Replay The Spire","StSLib"],"gold_per_floor":[12,28,28,42,60,60,85,95,148,148,162,174,184,196,196,301,301,315,326,340,280,280,280],"floor_reached":22,"language":"ENG","playtime":1054,"items_purged":[],"score":244,"play_id":"645703fd-7ce3-42d8-8a82-36adec963b65","local_time":"20210204091517","is_ascension_mode":false,"campfire_choices":[{"data":"theextravagant:GlyphOfChoice","floor":6,"key":"SMITH"},{"data":"theextravagant:Masquerade","floor":15,"key":"SMITH"}],"circlet_count":0,"master_deck":["theextravagant:SlyStrike","theextravagant:SlyStrike","theextravagant:SlyStrike","theextravagant:Fence","theextravagant:Fence","theextravagant:Fence","theextravagant:QuickAttack","theextravagant:Triumph","theextravagant:Firework","theextravagant:Firework","Amnesia","theextravagant:FocusStab","theextravagant:GlyphOfChoice+1","theextravagant:Comeback","theextravagant:Drift","theextravagant:Masquerade+1","theextravagant:Firework","theextravagant:Ravage"],"relics":["theextravagant:TranslucentFeather","ReplayTheSpireMod:Ring of Addiction","Chameleon Ring","SacredBark","Simple Rune","Boot","CCEMRelics:OverlyComfyChair","SlaversCollar"],"acts_visited":["Exordium","TheCity"],"potions_floor_usage":[5,7,11,12,14,18,18,20],"damage_taken":[{"damage":0,"enemies":"Cultist","floor":1,"turns":4},{"damage":5,"enemies":"Small Slimes","floor":2,"turns":3},{"damage":0,"enemies":"Jaw Worm","floor":4,"turns":3},{"damage":5,"enemies":"Looter","floor":5,"turns":3},{"damage":22,"enemies":"3 Sentries","floor":7,"turns":6},{"damage":10,"enemies":"3 Louse","floor":8,"turns":3},{"damage":0,"enemies":"Lots of Slimes","floor":11,"turns":2},{"damage":0,"enemies":"Exordium Wildlife","floor":12,"turns":2},{"damage":5,"enemies":"3 Louse","floor":13,"turns":2},{"damage":9,"enemies":"Gremlin Gang","floor":14,"turns":3},{"damage":0,"enemies":"Slime Boss","floor":16,"turns":4},{"damage":10,"enemies":"2 Thieves","floor":18,"turns":2},{"damage":18,"enemies":"Spheric Guardian","floor":19,"turns":4},{"damage":37,"enemies":"Shelled Parasite and Fungi","floor":20,"turns":4},{"damage":12,"enemies":"Sentry and Sphere","floor":22,"turns":4}],"seed_played":"5148902924093774347","potions_obtained":[{"floor":3,"key":"Toxic Potion"},{"floor":3,"key":"DuplicationPotion"},{"floor":3,"key":"PowerPotion"},{"floor":7,"key":"Weak Potion"},{"floor":8,"key":"Fire Potion"},{"floor":11,"key":"Fire Potion"},{"floor":12,"key":"Block Potion"},{"floor":18,"key":"Fruit Juice"}],"is_trial":false,"path_per_floor":["M","M","?","M","M","R","E","M","T","?","M","M","M","M","R","B",null,"M","M","M","?","M"],"character_chosen":"THE_EXTRAVAGANT","items_purchased":[],"campfire_rested":0,"item_purchase_floors":[],"current_hp_per_floor":[75,70,70,70,65,65,43,33,33,26,26,26,21,12,12,13,73,76,58,21,21,9,9],"gold":280,"neow_bonus":"REMOVE_TWO","is_daily":false,"chose_seed":false,"campfire_upgraded":2,"win_rate":0.0,"timestamp":1612448117,"path_taken":["M","M","?","M","M","R","E","M","T","?","?","M","M","M","R","BOSS","M","M","M","?","M"],"items_purchased_type":[],"build_version":"2020-12-22","purchased_purges":0,"victory":false,"max_hp_per_floor":[75,75,75,75,75,75,75,75,75,75,73,73,73,73,73,73,73,86,86,86,86,86,86],"card_choices":[{"not_picked":["theextravagant:Shove","theextravagant:Cutthroat"],"picked":"theextravagant:Firework","floor":1},{"not_picked":["theextravagant:Dazzle","theextravagant:Precaution"],"picked":"theextravagant:Firework","floor":2},{"not_picked":["theextravagant:Flashback","theextravagant:Cutthroat"],"picked":"theextravagant:FocusStab","floor":4},{"not_picked":["theextravagant:ShootingStar","theextravagant:CutTheDeck"],"picked":"theextravagant:GlyphOfChoice","floor":5},{"not_picked":["theextravagant:Erase","theextravagant:Courage"],"picked":"theextravagant:Comeback","floor":7},{"not_picked":["theextravagant:Tension","theextravagant:Vintage"],"picked":"theextravagant:Drift","floor":8},{"not_picked":["theextravagant:ArtisticDisplay","theextravagant:Pushthrough"],"picked":"theextravagant:Masquerade","floor":11},{"not_picked":["theextravagant:Overpower","theextravagant:GlyphOfChoice","theextravagant:Razor"],"picked":"SKIP","floor":12},{"not_picked":["theextravagant:Thrill","theextravagant:PuffUp","theextravagant:Riot"],"picked":"SKIP","floor":13},{"not_picked":["theextravagant:Tension","theextravagant:GarbageCannon"],"picked":"theextravagant:Firework","floor":14},{"not_picked":["theextravagant:Comeback","theextravagant:PerfectTheBasics+1"],"picked":"theextravagant:Ravage","floor":18},{"not_picked":["theextravagant:Shove","theextravagant:Defy+1","theextravagant:Aggression"],"picked":"SKIP","floor":19},{"not_picked":["theextravagant:PerfectTheBasics","theextravagant:Riot","theextravagant:DAMNATION"],"picked":"SKIP","floor":20}],"player_experience":666196,"relics_obtained":[{"floor":3,"key":"ReplayTheSpireMod:Ring of Addiction"},{"floor":3,"key":"Chameleon Ring"},{"floor":3,"key":"SacredBark"},{"floor":7,"key":"Simple Rune"},{"floor":9,"key":"Boot"}],"event_choices":[{"damage_healed":0,"gold_gain":0,"player_choice":"Success","damage_taken":7,"relics_obtained":["CCEMRelics:OverlyComfyChair"],"max_hp_gain":0,"max_hp_loss":0,"event_name":"Scrap Ooze","floor":10,"gold_loss":0}],"is_beta":false,"boss_relics":[{"not_picked":["Velvet Choker","ChewingGum"],"picked":"SlaversCollar"}],"items_purged_floors":[],"is_endless":false,"potions_floor_spawned":[7,8,11,12,18],"killed_by":"Sentry and Sphere","ascension_level":0}}