{"host":"kmq7aw60w430zvtx","time":1612431271,"event":{"mods":["BaseMod","Downfall","GifTheSpireLib","Hermit","Hubris","Minty Spire (QoL Compilation)","Reliquary","Replay The Spire","StSLib","The Construct","The Cursed","The Hierophant","The Jungle","The Necromancer","The Runesmith"],"gold_per_floor":[114,135,135,135,154,29,48,77,77,88,88,88,88,144,144,249,249,264,264,278,303,303,303],"floor_reached":22,"language":"ENG","playtime":908,"items_purged":[],"score":191,"play_id":"48425ec2-fa73-4a14-a443-348e2496df47","local_time":"20210204103431","is_ascension_mode":true,"campfire_choices":[{"floor":11,"key":"RECALL"},{"data":"Bones_to_Steel","floor":13,"key":"SMITH"},{"data":"Bone_Armory","floor":15,"key":"SMITH"}],"circlet_count":0,"master_deck":["Strike_W","Strike_W","Strike_W","Strike_W","Defend_W+1","Defend_W","Defend_W","Defend_W","Negative_Energy_Arrows","Bone_Wall","Death_Coil","Consume_Illness+1","Bone_Prison","Bone_Shift","Summon_Undead_Army","Bone_Bullets","Bones_to_Steel+1","Hellfire+1","Bone_Armory+1","Bone_Spikes","Summon_Vampire_Lady","Necrotic_Claws","Blood_Curse+1"],"relics":["Vampire_Amulet","construct:RocketBooster","Bronze Scales","Question Card","Gremlin Horn","construct:WeddingRing","Shovel"],"acts_visited":["Exordium","theJungle:Jungle"],"potions_floor_usage":[8,14,14,22],"damage_taken":[{"damage":1,"enemies":"2 Louse","floor":1,"turns":4},{"damage":0,"enemies":"Small Slimes","floor":5,"turns":4},{"damage":1,"enemies":"Jaw Worm","floor":7,"turns":4},{"damage":26,"enemies":"3 Sentries","floor":8,"turns":9},{"damage":2,"enemies":"Looter","floor":10,"turns":2},{"damage":15,"enemies":"3 Sentries","floor":14,"turns":5},{"damage":43,"enemies":"Slime Boss","floor":16,"turns":8},{"damage":13,"enemies":"theJungle:Flameango_and_Byrd","floor":18,"turns":5},{"damage":21,"enemies":"theJungle:GiantWrat","floor":20,"turns":5},{"damage":76,"enemies":"JungleHuntersEvent","floor":22,"turns":5}],"seed_played":"116503947351682527","potions_obtained":[{"floor":5,"key":"Fire Potion"},{"floor":8,"key":"AttackPotion"},{"floor":10,"key":"Explosive Potion"},{"floor":18,"key":"Explosive Potion"}],"is_trial":false,"path_per_floor":["M","?","?","?","M","$","M","E","T","M","R","?","R","?","R","B",null,"M","?","M","T","?"],"character_chosen":"NECROMANCER","items_purchased":["Summon_Undead_Army","Bone_Bullets"],"campfire_rested":0,"item_purchase_floors":[6,6],"current_hp_per_floor":[75,75,75,75,75,75,75,55,55,55,55,55,55,46,46,12,75,75,63,56,56,0,0],"gold":303,"neow_bonus":"THREE_CARDS","is_daily":false,"chose_seed":false,"campfire_upgraded":2,"win_rate":0.0,"timestamp":1612431271,"path_taken":["M","?","?","?","M","?","M","E","T","?","R","?","R","?","R","BOSS","M","?","M","?","?"],"items_purchased_type":["Card","Card"],"build_version":"2020-12-22","purchased_purges":0,"victory":false,"max_hp_per_floor":[75,75,75,75,75,75,75,75,75,75,75,75,75,75,75,75,75,75,75,75,75,75,75],"card_choices":[{"not_picked":["Shackles_Of_Pain","Bone_Shift"],"picked":"Death_Coil","floor":0},{"not_picked":["Blood_Curse","Plague_Bolt"],"picked":"Consume_Illness","floor":1},{"not_picked":["Plague_Bolt","Shade_Step"],"picked":"Bone_Prison","floor":2},{"not_picked":["Vampiric_Strike","Negative_Energy_Mist"],"picked":"Bone_Shift","floor":5},{"not_picked":["Negative_Energy_Burst","Bone_Spikes"],"picked":"Bones_to_Steel","floor":7},{"not_picked":["Blood_for_Blood","Spectral_Walk"],"picked":"Hellfire","floor":8},{"not_picked":["Negative_Energy_Shield","Scare","Bone_Spikes"],"picked":"Bone_Armory","floor":10},{"not_picked":["Spectral_Armor","Negative_Energy_Javelin","Epidemic"],"picked":"Bone_Spikes","floor":14},{"not_picked":["Reap_The_Weak","Hellfire","Blood_Wake"],"picked":"Summon_Vampire_Lady","floor":16},{"not_picked":["Negative_Energy_Javelin","Spectral_Walk+1","Violent_Necrosis"],"picked":"Necrotic_Claws","floor":18},{"not_picked":["Thousand_Bone_Knives","Uncharnel","Exploit+1"],"picked":"Blood_Curse+1","floor":20}],"player_experience":333909,"relics_obtained":[{"floor":2,"key":"construct:RocketBooster"},{"floor":8,"key":"Bronze Scales"},{"floor":9,"key":"Question Card"}],"event_choices":[{"damage_healed":0,"gold_gain":0,"player_choice":"Searched \u00272\u0027 times","damage_taken":0,"relics_obtained":["Gremlin Horn"],"max_hp_gain":0,"max_hp_loss":0,"event_name":"Dead Adventurer","floor":14,"gold_loss":0}],"is_beta":false,"boss_relics":[{"not_picked":["Tiny House","Replay:Grab Bag"],"picked":"construct:WeddingRing"}],"items_purged_floors":[],"is_endless":false,"potions_floor_spawned":[5,8,10,18],"killed_by":"JungleHuntersEvent","ascension_level":1}}