{"host":"3imo7wsdyu7efakj","time":1612411996,"event":{"mods":["BaseMod","Minty Spire (QoL Compilation)","StSLib","The Animator"],"gold_per_floor":[115,142,317,337,337,380,393,393,393],"floor_reached":8,"language":"ZHS","playtime":885,"items_purged":[],"score":58,"play_id":"59f12e86-d026-4796-b010-11d727fc449e","local_time":"20210204121316","is_ascension_mode":false,"campfire_choices":[],"circlet_count":0,"master_deck":["animator:Strike_MadokaMagica","animator:Defend_MadokaMagica","animator:Strike","animator:Strike","animator:Defend","animator:Defend","animator:Defend","animator:IrohaTamaki","animator:YuiTsuruno","animator:Yuuichirou","Doubt","animator:MumenRider","animator:NagisaMomoe","animator:Layla"],"relics":["animator:LivingPicture","animator:TheMissingPiece","animator:PurgingStone","NeowsBlessing","Art of War"],"acts_visited":["Exordium"],"potions_floor_usage":[7],"damage_taken":[{"damage":0,"enemies":"2 Louse","floor":1,"turns":1},{"damage":0,"enemies":"Cultist","floor":2,"turns":1},{"damage":0,"enemies":"Small Slimes","floor":4,"turns":2},{"damage":50,"enemies":"Gremlin Nob","floor":6,"turns":6},{"damage":9,"enemies":"Exordium Wildlife","floor":7,"turns":5},{"damage":7,"enemies":"Lagavulin","floor":8,"turns":2}],"seed_played":"4582413722658000038","potions_obtained":[{"floor":6,"key":"Block Potion"}],"is_trial":false,"path_per_floor":["M","M","?","M","?","E","M","E"],"character_chosen":"THE_ANIMATOR","items_purchased":[],"campfire_rested":0,"item_purchase_floors":[],"current_hp_per_floor":[66,66,66,66,66,16,7,0,0],"gold":393,"neow_bonus":"THREE_ENEMY_KILL","is_daily":false,"chose_seed":false,"campfire_upgraded":0,"win_rate":0.0,"timestamp":1612411996,"path_taken":["M","M","?","M","?","E","M","E"],"items_purchased_type":[],"build_version":"2020-12-22","purchased_purges":0,"victory":false,"max_hp_per_floor":[66,66,66,66,66,66,66,66,66],"card_choices":[{"not_picked":["animator:DolaCouronne","animator:SilverFang","animator:Berserker"],"picked":"SKIP","floor":1},{"not_picked":["animator:GuildGirl","animator:Guy"],"picked":"animator:Yuuichirou","floor":2},{"not_picked":["animator:Sloth","animator:Genos"],"picked":"animator:MumenRider","floor":4},{"not_picked":["animator:KyokoSakura","animator:MamiTomoe"],"picked":"animator:NagisaMomoe","floor":6},{"not_picked":["animator:Lancer","animator:Rena"],"picked":"animator:Layla","floor":7}],"player_experience":439959,"relics_obtained":[{"floor":6,"key":"Art of War"}],"event_choices":[{"damage_healed":0,"gold_gain":175,"player_choice":"AGREE","damage_taken":0,"max_hp_gain":0,"max_hp_loss":0,"event_name":"Liars Game","floor":3,"gold_loss":0,"cards_obtained":["Doubt"]},{"cards_removed":["animator:Strike"],"damage_healed":0,"gold_gain":0,"player_choice":"Offered Basic","damage_taken":0,"max_hp_gain":0,"max_hp_loss":0,"event_name":"Bonfire Elementals","floor":5,"gold_loss":0}],"is_beta":false,"boss_relics":[],"items_purged_floors":[],"is_endless":false,"potions_floor_spawned":[6],"killed_by":"Lagavulin","ascension_level":0}}