{"host":"msfr2axb1w9025n0","time":1612412100,"event":{"mods":["BaseMod","Colored Map","DeckTracker","Minty Spire (QoL Compilation)","Relic Stats"],"gold_per_floor":[166,21,39,49,66,97,97,125,125,160,18,30,42,56,56,130,130,149,168,183,108,108,108],"floor_reached":22,"language":"ENG","playtime":824,"items_purged":["Strike_G"],"score":400,"play_id":"90594f39-9461-4e34-bc33-48c4c30345ad","local_time":"20210204111500","is_ascension_mode":true,"campfire_choices":[{"data":"Footwork","floor":7,"key":"SMITH"},{"data":"Terror","floor":15,"key":"SMITH"}],"circlet_count":0,"master_deck":["AscendersBane","Strike_G","Strike_G","Strike_G","Defend_G","Defend_G","Defend_G","Defend_G","Defend_G","Survivor","Neutralize+1","Dagger Spray","Terror+1","Blade Dance","Finisher","Slice","Leg Sweep","Footwork+1","Blade Dance","Adrenaline","Blade Dance","Backflip","Accuracy","Flying Knee","After Image","PiercingWail+1"],"relics":["Tiny House","Orrery","Bottled Tornado","Strawberry","Bottled Flame","Darkstone Periapt","Sozu"],"acts_visited":["Exordium","TheCity"],"potions_floor_usage":[6,18],"damage_taken":[{"damage":0.0,"enemies":"Cultist","floor":1.0,"turns":4.0},{"damage":0.0,"enemies":"2 Louse","floor":3.0,"turns":2.0},{"damage":2.0,"enemies":"Small Slimes","floor":4.0,"turns":5.0},{"damage":1.0,"enemies":"Blue Slaver","floor":5.0,"turns":4.0},{"damage":0,"enemies":"Gremlin Nob","floor":6,"turns":2},{"damage":12,"enemies":"3 Sentries","floor":8,"turns":8},{"damage":13,"enemies":"Lagavulin","floor":10,"turns":6},{"damage":9,"enemies":"Exordium Thugs","floor":12,"turns":4},{"damage":0,"enemies":"Large Slime","floor":13,"turns":2},{"damage":0,"enemies":"Exordium Wildlife","floor":14,"turns":2},{"damage":7,"enemies":"The Guardian","floor":16,"turns":10},{"damage":12,"enemies":"2 Thieves","floor":18,"turns":4},{"damage":6,"enemies":"3 Byrds","floor":19,"turns":5},{"damage":21,"enemies":"Snecko","floor":20,"turns":5},{"damage":33,"enemies":"Masked Bandits","floor":22,"turns":3}],"seed_played":"8951775923020482123","potions_obtained":[{"floor":0.0,"key":"Poison Potion"},{"floor":4.0,"key":"SkillPotion"},{"floor":5.0,"key":"CunningPotion"},{"floor":8,"key":"FearPotion"},{"floor":13,"key":"Dexterity Potion"}],"is_trial":false,"path_per_floor":["M","$","M","M","M","E","R","E","T","E","$","M","M","M","R","B",null,"M","M","M","?","?"],"character_chosen":"THE_SILENT","items_purchased":["Orrery","Accuracy"],"campfire_rested":0,"item_purchase_floors":[2,11],"current_hp_per_floor":[64,64,64,62,61,61,61,56,56,43,43,34,34,34,34,27,65,53,47,26,26,0,0],"gold":108,"neow_bonus":"BOSS_RELIC","is_daily":false,"chose_seed":false,"campfire_upgraded":2,"win_rate":0.0,"timestamp":1612412100,"path_taken":["M","$","M","M","M","E","R","E","T","E","$","M","M","?","R","BOSS","M","M","M","?","?"],"items_purchased_type":["Relic","Card"],"build_version":"2020-12-22","purchased_purges":1,"victory":false,"max_hp_per_floor":[71,71,71,71,71,71,71,78,78,78,78,78,78,78,78,78,78,78,78,78,78,78,78],"relic_stats":{"Darkstone Periapt":0,"Sozu":1,"counters":[15,66],"obtain_stats":[{"Darkstone Periapt":10,"Sozu":17,"Bottled Flame":9,"Tiny House":0,"Strawberry":8,"Orrery":2,"Bottled Tornado":6,"Ring of the Snake":0},{"Darkstone Periapt":7,"Sozu":11,"Bottled Flame":6,"Tiny House":0,"Strawberry":6,"Orrery":1,"Bottled Tornado":5,"Ring of the Snake":0},{"Darkstone Periapt":31,"Sozu":49,"Bottled Flame":25,"Tiny House":0,"Strawberry":25,"Orrery":4,"Bottled Tornado":17,"Ring of the Snake":0}]},"card_choices":[{"not_picked":["Bane","Poisoned Stab"],"picked":"Dagger Spray","floor":0.0},{"not_picked":["Poisoned Stab","All Out Attack"],"picked":"Terror","floor":1.0},{"not_picked":["Underhanded Strike","Caltrops"],"picked":"Blade Dance","floor":2.0},{"not_picked":["Reflex","Blade Dance"],"picked":"Finisher","floor":2.0},{"not_picked":["Catalyst","Deadly Poison"],"picked":"Slice","floor":2.0},{"not_picked":["Deflect","Bullet Time"],"picked":"Leg Sweep","floor":2.0},{"not_picked":["Cloak And Dagger","Slice"],"picked":"Footwork","floor":3.0},{"not_picked":["Poisoned Stab","Distraction","Eviscerate"],"picked":"SKIP","floor":4.0},{"not_picked":["Catalyst","Skewer"],"picked":"Blade Dance","floor":5.0},{"not_picked":["Prepared","Sucker Punch"],"picked":"Adrenaline","floor":6},{"not_picked":["Escape Plan","Poisoned Stab"],"picked":"Blade Dance","floor":8},{"not_picked":["Slice","Outmaneuver"],"picked":"Backflip","floor":10},{"not_picked":["Calculated Gamble","Backflip","Flechettes"],"picked":"SKIP","floor":12},{"not_picked":["Masterful Stab","PiercingWail"],"picked":"Flying Knee","floor":13},{"not_picked":["Blade Dance","Bouncing Flask","Bane"],"picked":"SKIP","floor":14},{"not_picked":["Malaise","Wraith Form v2"],"picked":"After Image","floor":16},{"not_picked":["Bane","Prepared","Deadly Poison+1"],"picked":"SKIP","floor":18},{"not_picked":["Acrobatics","Choke","Dagger Throw"],"picked":"SKIP","floor":19},{"not_picked":["Corpse Explosion","Setup"],"picked":"PiercingWail+1","floor":20}],"player_experience":278701,"relics_obtained":[{"floor":6,"key":"Bottled Tornado"},{"floor":8,"key":"Strawberry"},{"floor":9,"key":"Bottled Flame"},{"floor":10,"key":"Darkstone Periapt"}],"event_choices":[{"cards_removed":["Strike_G"],"damage_healed":0,"gold_gain":0,"player_choice":"Gave Gold","damage_taken":0,"max_hp_gain":0,"max_hp_loss":0,"event_name":"Beggar","floor":21,"gold_loss":75},{"damage_healed":0,"gold_gain":0,"player_choice":"Fought Bandits","damage_taken":0,"max_hp_gain":0,"max_hp_loss":0,"event_name":"Masked Bandits","floor":22,"gold_loss":0}],"is_beta":false,"boss_relics":[{"not_picked":["Snecko Eye","Calling Bell"],"picked":"Sozu"}],"items_purged_floors":[11],"is_endless":false,"potions_floor_spawned":[4,5,8,13,19],"killed_by":"Masked Bandits","ascension_level":14}}