{"host":"neeznpvpgo0qgfkd","time":1612428458,"event":{"mods":["AchievementEnabler","BaseMod","BetterRewards","Colored Map","Colored Powertips","Exacting","Minty Spire (QoL Compilation)","Permanent Neow","Quick Restart","Shop Mod"],"gold_per_floor":[118,118,193,207,218,246,263,292,292,46,76,351,364,390,390,486,486,497,517,541,586,600,635,935,951,1002,1014,1051,1063,1087,1134,1146,1264,1285,1316,1352,1432,1444,1472,1527,1612,1686,1698,1710,1765,1777,1826,1860,1872,1884,1896,1908,1405,1432,1432],"floor_reached":56,"language":"ENG","playtime":2238,"items_purged":[],"score":2242,"play_id":"c22ff13e-579e-496b-bad2-967c0f22a3b1","local_time":"20210204034738","is_ascension_mode":true,"campfire_choices":[{"floor":15.0,"key":"REST"},{"floor":24.0,"key":"DIG"},{"floor":29.0,"key":"RECALL"},{"floor":32.0,"key":"DIG"},{"data":"1","floor":44.0,"key":"LIFT"},{"data":"2","floor":46.0,"key":"LIFT"},{"data":"3","floor":49.0,"key":"LIFT"},{"data":"After Image","floor":52.0,"key":"SMITH"}],"circlet_count":0,"master_deck":["Strike_G","Strike_G","Strike_G","Strike_G","Strike_G","Defend_G","Defend_G","Defend_G","Defend_G","Defend_G","Survivor","Neutralize","Envenom","Accuracy","Apotheosis","Blade Dance","Dagger Spray","Die Die Die","Bane","Riddle With Holes+1","Panache","Blade Dance","After Image+1","Adrenaline","Slice+1","Bane+1","Deflect","Catalyst","Slice+1","Adrenaline","CurseOfTheBell","Flying Knee+1","Caltrops+1","Accuracy+1","Cloak And Dagger+1","Escape Plan+1","Finisher+1","Infinite Blades","Blade Dance+1","Mind Blast+1","Quick Slash+1","Underhanded Strike+1"],"relics":["Ring of the Snake","Torii","Pen Nib","Unceasing Top","Membership Card","Shovel","Du-Vu Doll","Snake Skull","Oddly Smooth Stone","Happy Flower","Molten Egg 2","Tiny Chest","Lantern","Odd Mushroom","Dream Catcher","WristBlade","Vajra","Red Mask","Ninja Scroll","Old Coin","MawBank","Darkstone Periapt","CeramicFish","Strawberry","Calling Bell","Anchor","Mummified Hand","Girya","Pear","Bag of Marbles","Ancient Tea Set","Question Card","Pantograph","Toxic Egg 2","Mercury Hourglass","Bag of Preparation","Shuriken","Paper Crane","MerchantsRug","Gremlin Horn"],"acts_visited":["Exordium","TheCity","TheBeyond","TheEnding"],"potions_floor_usage":[],"damage_taken":[{"damage":7.0,"enemies":"2 Louse","floor":1.0,"turns":3.0},{"damage":1.0,"enemies":"Small Slimes","floor":4.0,"turns":3.0},{"damage":9.0,"enemies":"Jaw Worm","floor":5.0,"turns":3.0},{"damage":18.0,"enemies":"Gremlin Nob","floor":6.0,"turns":3.0},{"damage":0.0,"enemies":"3 Louse","floor":7.0,"turns":1.0},{"damage":11.0,"enemies":"3 Sentries","floor":8.0,"turns":5.0},{"damage":0.0,"enemies":"The Mushroom Lair","floor":11.0,"turns":1.0},{"damage":0.0,"enemies":"Gremlin Gang","floor":13.0,"turns":1.0},{"damage":0.0,"enemies":"Lagavulin","floor":14.0,"turns":2.0},{"damage":26.0,"enemies":"The Guardian","floor":16.0,"turns":7.0},{"damage":1.0,"enemies":"Shell Parasite","floor":18.0,"turns":2.0},{"damage":15.0,"enemies":"Chosen","floor":19.0,"turns":2.0},{"damage":3.0,"enemies":"Masked Bandits","floor":21.0,"turns":2.0},{"damage":5.0,"enemies":"Shelled Parasite and Fungi","floor":22.0,"turns":2.0},{"damage":2.0,"enemies":"Gremlin Leader","floor":23.0,"turns":4.0},{"damage":0.0,"enemies":"Snake Plant","floor":25.0,"turns":2.0},{"damage":7.0,"enemies":"Slavers","floor":28.0,"turns":4.0},{"damage":0.0,"enemies":"Cultist and Chosen","floor":30.0,"turns":3.0},{"damage":0.0,"enemies":"Book of Stabbing","floor":31.0,"turns":2.0},{"damage":7.0,"enemies":"Automaton","floor":33.0,"turns":5.0},{"damage":0.0,"enemies":"3 Shapes","floor":35.0,"turns":2.0},{"damage":0.0,"enemies":"3 Darklings","floor":36.0,"turns":2.0},{"damage":0.0,"enemies":"Writhing Mass","floor":39.0,"turns":1.0},{"damage":0.0,"enemies":"Reptomancer","floor":40.0,"turns":2.0},{"damage":0.0,"enemies":"Nemesis","floor":42.0,"turns":2.0},{"damage":0.0,"enemies":"Reptomancer","floor":45.0,"turns":1.0},{"damage":0.0,"enemies":"Giant Head","floor":47.0,"turns":3.0},{"damage":0.0,"enemies":"Maw","floor":48.0,"turns":3.0},{"damage":16.0,"enemies":"Donu and Deca","floor":50.0,"turns":4.0},{"damage":0,"enemies":"Shield and Spear","floor":54,"turns":1},{"damage":33,"enemies":"The Heart","floor":55,"turns":5}],"seed_played":"-409764968752363156","potions_obtained":[{"floor":4.0,"key":"Strength Potion"},{"floor":5.0,"key":"Strength Potion"},{"floor":11.0,"key":"SpeedPotion"},{"floor":13.0,"key":"Poison Potion"},{"floor":14.0,"key":"FearPotion"},{"floor":16.0,"key":"Energy Potion"},{"floor":18.0,"key":"Poison Potion"},{"floor":21.0,"key":"Swift Potion"},{"floor":22.0,"key":"LiquidBronze"},{"floor":23.0,"key":"Block Potion"},{"floor":25.0,"key":"SkillPotion"},{"floor":31.0,"key":"DistilledChaos"},{"floor":33.0,"key":"Regen Potion"},{"floor":42.0,"key":"DuplicationPotion"},{"floor":47.0,"key":"DistilledChaos"}],"is_trial":false,"path_per_floor":["M","?","?","M","M","E","M","E","T","$","?","?","M","E","R","B",null,"M","M","T","?","M","E","R","M","T","?","E","R","M","E","R","B",null,"M","M","T","T","M","E","T","E","T","R","E","R","E","M","R","B",null,"R","$","E","B",null],"character_chosen":"THE_SILENT","items_purchased":["Torii","Pen Nib","Envenom","Accuracy","Apotheosis","Membership Card","Shovel","Snake Skull","Tiny Chest","Lantern","Panache","Shuriken","Paper Crane","Infinite Blades","Blade Dance+1","Mind Blast+1","Regen Potion","SkillPotion","Weak Potion","Quick Slash+1","Underhanded Strike+1","MerchantsRug"],"campfire_rested":1,"item_purchase_floors":[0,0,0,0,0,0,0,0,10,10,10,53,53,53,53,53,53,53,53,53,53,53],"current_hp_per_floor":[63,63,52,51,42,24,24,13,13,13,13,13,13,13,34,8,70,69,54,54,51,46,44,44,44,44,44,57,57,57,57,64,57,83,83,83,93,93,93,93,93,93,93,93,93,93,93,93,93,77,93,93,93,93,60],"gold":1432,"neow_bonus":"","is_daily":false,"chose_seed":false,"campfire_upgraded":1,"win_rate":0.0,"timestamp":1612428458,"path_taken":["M","?","?","M","M","E","M","E","T","$","?","?","?","E","R","BOSS","M","M","?","?","M","E","R","M","T","?","E","R","?","E","R","BOSS","M","M","?","?","M","E","?","E","T","R","E","R","E","M","R","BOSS","R","$","E","BOSS"],"items_purchased_type":["Relic","Relic","Card","Card","Card","Relic","Relic","Relic","Relic","Relic","Card","Relic","Relic","Card","Card","Card","Potion","Potion","Potion","Card","Card","Relic"],"build_version":"2020-12-22","purchased_purges":0,"victory":true,"max_hp_per_floor":[70,70,70,70,70,70,70,70,70,70,70,70,70,70,70,70,70,70,70,70,70,70,70,70,70,70,70,70,70,70,70,77,77,83,83,83,93,93,93,93,93,93,93,93,93,93,93,93,93,93,93,93,93,93,93],"card_choices":[{"not_picked":["Distraction","Quick Slash"],"picked":"Blade Dance","floor":1.0},{"not_picked":["Slice","Flying Knee"],"picked":"Dagger Spray","floor":4.0},{"not_picked":["Tactician","Cloak And Dagger"],"picked":"Die Die Die","floor":5.0},{"not_picked":["Skewer","Distraction"],"picked":"Bane","floor":6.0},{"not_picked":["All Out Attack","Endless Agony","Sucker Punch"],"picked":"SKIP","floor":7.0},{"not_picked":["Sucker Punch+1","Tactician"],"picked":"Riddle With Holes+1","floor":8.0},{"not_picked":["Well Laid Plans","Prepared"],"picked":"Blade Dance","floor":11.0},{"not_picked":["Prepared","Skewer+1","Deflect"],"picked":"SKIP","floor":13.0},{"not_picked":["Masterful Stab+1","Sucker Punch+1"],"picked":"After Image","floor":14.0},{"not_picked":["Phantasmal Killer","Storm of Steel"],"picked":"Adrenaline","floor":16.0},{"not_picked":["Reflex+1","Deflect+1"],"picked":"Slice+1","floor":18.0},{"not_picked":["Sucker Punch+1","Endless Agony+1"],"picked":"Bane+1","floor":19.0},{"not_picked":["PiercingWail","Prepared"],"picked":"Deflect","floor":21.0},{"not_picked":["Deadly Poison","Backflip"],"picked":"Catalyst","floor":22.0},{"not_picked":["Acrobatics","Underhanded Strike+1","Predator+1"],"picked":"SKIP","floor":23.0},{"not_picked":["Dodge and Roll","Well Laid Plans"],"picked":"Slice+1","floor":25.0},{"not_picked":["Crippling Poison","Bane+1","Setup"],"picked":"SKIP","floor":28.0},{"not_picked":["Bane+1","After Image","Calculated Gamble"],"picked":"SKIP","floor":30.0},{"not_picked":["Quick Slash+1","Endless Agony+1","Crippling Poison"],"picked":"SKIP","floor":31.0},{"not_picked":["Burst","Night Terror"],"picked":"Adrenaline","floor":33.0},{"not_picked":["All Out Attack+1","Deadly Poison","Poisoned Stab+1"],"picked":"SKIP","floor":35.0},{"not_picked":["Bane+1","Deflect"],"picked":"Flying Knee+1","floor":36.0},{"not_picked":["Endless Agony+1","Poisoned Stab+1","Underhanded Strike+1"],"picked":"SKIP","floor":39.0},{"not_picked":["Backstab+1","Crippling Poison"],"picked":"Caltrops+1","floor":40.0},{"not_picked":["Escape Plan","Storm of Steel","Blade Dance+1"],"picked":"Accuracy+1","floor":42.0},{"not_picked":["Bane+1","Dagger Spray+1","Deadly Poison+1"],"picked":"Cloak And Dagger+1","floor":45.0},{"not_picked":["Slice+1","Quick Slash+1","Doppelganger+1"],"picked":"Escape Plan+1","floor":47.0},{"not_picked":["Tactician+1","Flechettes+1","Backflip+1"],"picked":"Finisher+1","floor":48.0},{"not_picked":["Masterful Stab+1","Prepared+1","Eviscerate+1","Die Die Die+1"],"picked":"SKIP","floor":54}],"player_experience":1299282,"relics_obtained":[{"floor":6.0,"key":"Happy Flower"},{"floor":8.0,"key":"Molten Egg 2"},{"floor":11.0,"key":"Odd Mushroom"},{"floor":14.0,"key":"Dream Catcher"},{"floor":20.0,"key":"Vajra"},{"floor":21.0,"key":"Red Mask"},{"floor":23.0,"key":"Ninja Scroll"},{"floor":24.0,"key":"Old Coin"},{"floor":26.0,"key":"MawBank"},{"floor":28.0,"key":"Darkstone Periapt"},{"floor":31.0,"key":"CeramicFish"},{"floor":32.0,"key":"Strawberry"},{"floor":34.0,"key":"Anchor"},{"floor":34.0,"key":"Mummified Hand"},{"floor":34.0,"key":"Girya"},{"floor":37.0,"key":"Pear"},{"floor":38.0,"key":"Bag of Marbles"},{"floor":40.0,"key":"Ancient Tea Set"},{"floor":41.0,"key":"Question Card"},{"floor":42.0,"key":"Pantograph"},{"floor":43.0,"key":"Toxic Egg 2"},{"floor":45.0,"key":"Mercury Hourglass"},{"floor":47.0,"key":"Bag of Preparation"},{"floor":54,"key":"Gremlin Horn"}],"event_choices":[{"damage_healed":0.0,"max_hp_gain":0.0,"max_hp_loss":0.0,"gold_gain":0.0,"event_name":"Big Fish","player_choice":"Box","floor":2.0,"gold_loss":0.0,"damage_taken":0.0,"relics_obtained":["Oddly Smooth Stone"],"cards_obtained":["Regret"]},{"damage_healed":0.0,"max_hp_gain":0.0,"max_hp_loss":0.0,"gold_gain":75.0,"event_name":"World of Goop","player_choice":"Gather Gold","floor":3.0,"gold_loss":0.0,"damage_taken":11.0},{"damage_healed":0.0,"max_hp_gain":0.0,"max_hp_loss":0.0,"gold_gain":0.0,"event_name":"Mushrooms","player_choice":"Fought Mushrooms","floor":11.0,"gold_loss":0.0,"damage_taken":0.0},{"damage_healed":0.0,"max_hp_gain":0.0,"max_hp_loss":0.0,"gold_gain":275.0,"event_name":"Golden Shrine","player_choice":"Desecrate","floor":12.0,"gold_loss":0.0,"damage_taken":0.0,"cards_obtained":["Regret"]},{"damage_healed":0.0,"max_hp_gain":0.0,"max_hp_loss":0.0,"gold_gain":0.0,"event_name":"Masked Bandits","player_choice":"Fought Bandits","floor":21.0,"gold_loss":0.0,"damage_taken":0.0},{"cards_removed":["Regret","Regret"],"damage_healed":0.0,"max_hp_gain":0.0,"max_hp_loss":0.0,"gold_gain":0.0,"event_name":"Fountain of Cleansing","player_choice":"Removed Curses","floor":27.0,"gold_loss":0.0,"damage_taken":0.0}],"is_beta":false,"boss_relics":[{"not_picked":["Astrolabe","Ring of the Serpent"],"picked":"WristBlade"},{"not_picked":["Black Star","HoveringKite"],"picked":"Calling Bell"}],"items_purged_floors":[],"is_endless":false,"potions_floor_spawned":[4,5,11,13,16,18,21,23,25,33,39,42,47,48],"ascension_level":4}}