{"host":"fdip6nj211smoxvi","time":1612401096,"event":{"mods":["BaseMod","BetterRewards","Colored Map","Downfall","Hermit","Minty Spire (QoL Compilation)","Shop Mod","StSLib","The Hierophant","The Servant 0.9.4"],"gold_per_floor":[113,124,139,139,139,139,165,165,165,175,195,220,220,233,233,330,330,347,357,131,131,148,148,175,187,187,187,187],"floor_reached":27,"language":"DEU","playtime":1594,"items_purged":["Pain"],"score":294,"play_id":"e191a31e-d7d9-4812-bbc0-71d0b6d5a274","local_time":"20210204021136","is_ascension_mode":true,"campfire_choices":[{"data":"Flex","floor":6,"key":"SMITH"},{"floor":13,"key":"REST"},{"floor":15,"key":"REST"},{"floor":23,"key":"REST"}],"circlet_count":0,"master_deck":["Strike_R","Strike_R","Strike_R","Strike_R","Defend_R","Defend_R","Defend_R","Defend_R","Bash","CurseOfTheBell","Pommel Strike","Flex+1","Flame Barrier","Clothesline","Dropkick+1","Sword Boomerang+1","Immolate+1","Cleave+1","Reaper+1","Normality","Feel No Pain+1","Disarm+1","Purity","Rupture+1","Blood for Blood+1","Writhe","Parasite"],"relics":["Calling Bell","Potion Belt","Frozen Egg 2","Bird Faced Urn","downfall:ExtraCursedKey","Thread and Needle","Molten Egg 2","Paper Frog","Astrolabe","Cauldron","Anchor","Prayer Wheel"],"acts_visited":["Exordium","TheCity"],"potions_floor_usage":[7,10,12,16,24,24,25,27,27],"damage_taken":[{"damage":5,"enemies":"Jaw Worm","floor":1,"turns":5},{"damage":0,"enemies":"Small Slimes","floor":2,"turns":3},{"damage":1,"enemies":"Cultist","floor":3,"turns":3},{"damage":8,"enemies":"Gremlin Nob","floor":7,"turns":3},{"damage":20,"enemies":"Gremlin Gang","floor":10,"turns":4},{"damage":0,"enemies":"2 Fungi Beasts","floor":11,"turns":3},{"damage":13,"enemies":"Lagavulin","floor":12,"turns":3},{"damage":0,"enemies":"Large Slime","floor":14,"turns":2},{"damage":51,"enemies":"Hexaghost","floor":16,"turns":8},{"damage":5,"enemies":"3 Byrds","floor":18,"turns":4},{"damage":28,"enemies":"Spheric Guardian","floor":19,"turns":4},{"damage":32,"enemies":"Centurion and Healer","floor":22,"turns":7},{"damage":31,"enemies":"Slavers","floor":24,"turns":3},{"damage":16,"enemies":"Shelled Parasite and Fungi","floor":25,"turns":3},{"damage":20,"enemies":"Sentry and Sphere","floor":27,"turns":3}],"seed_played":"-5596749083178199461","potions_obtained":[{"floor":2,"key":"Explosive Potion"},{"floor":7,"key":"DuplicationPotion"},{"floor":10,"key":"GamblersBrew"},{"floor":12,"key":"Regen Potion"},{"floor":20,"key":"Guardian:BlockOnCardUsePotion"},{"floor":20,"key":"SkillPotion"},{"floor":20,"key":"hexamod:SoulburnPotion"},{"floor":20,"key":"SneckoOil"},{"floor":20,"key":"ColorlessPotion"},{"floor":24,"key":"LiquidBronze"}],"is_trial":false,"path_per_floor":["M","M","M","?","?","R","E","$","T","M","M","E","R","M","R","B",null,"M","M","$","?","M","R","E","M","T","M"],"character_chosen":"IRONCLAD","items_purchased":["Cauldron"],"campfire_rested":3,"item_purchase_floors":[20],"current_hp_per_floor":[75,75,74,74,74,74,66,66,66,46,46,33,57,57,80,44,80,77,51,51,39,20,44,25,9,9,0,0],"gold":187,"neow_bonus":"BOSS_RELIC","is_daily":false,"chose_seed":false,"campfire_upgraded":1,"win_rate":0.0,"timestamp":1612401096,"path_taken":["M","M","M","?","?","R","E","$","T","M","M","E","R","M","R","BOSS","M","M","$","?","M","R","E","?","T","?"],"items_purchased_type":["Relic"],"build_version":"2020-12-22","purchased_purges":1,"victory":false,"max_hp_per_floor":[80,80,80,80,80,80,80,80,80,80,80,80,80,80,80,80,80,80,80,80,80,80,80,80,80,80,80,80],"card_choices":[{"not_picked":["Wild Strike","Havoc"],"picked":"Pommel Strike","floor":1},{"not_picked":["Warcry","Havoc"],"picked":"Flex","floor":2},{"not_picked":["Shrug It Off","Armaments"],"picked":"Flame Barrier","floor":3},{"not_picked":["Thunderclap","Flame Barrier"],"picked":"Clothesline","floor":7},{"not_picked":["Havoc","Armaments"],"picked":"Dropkick+1","floor":10},{"not_picked":["Uppercut+1","Shrug It Off"],"picked":"Sword Boomerang+1","floor":11},{"not_picked":["Fire Breathing+1","Seeing Red"],"picked":"Immolate+1","floor":12},{"not_picked":["Sever Soul+1","Body Slam+1"],"picked":"Cleave+1","floor":14},{"not_picked":["Exhume","Feed+1"],"picked":"Reaper+1","floor":16},{"not_picked":["Havoc+1","Perfected Strike+1"],"picked":"Disarm+1","floor":18},{"not_picked":["Thunderclap+1","Havoc","Wild Strike+1"],"picked":"SKIP","floor":19},{"not_picked":["Uppercut+1","Anger+1"],"picked":"Rupture+1","floor":22},{"not_picked":["Iron Wave+1","Warcry","Body Slam+1"],"picked":"SKIP","floor":24},{"not_picked":["Pommel Strike+1","Disarm"],"picked":"Blood for Blood+1","floor":25}],"player_experience":229691,"relics_obtained":[{"floor":0,"key":"Potion Belt"},{"floor":0,"key":"Frozen Egg 2"},{"floor":0,"key":"Bird Faced Urn"},{"floor":7,"key":"Thread and Needle"},{"floor":9,"key":"Molten Egg 2"},{"floor":12,"key":"Paper Frog"},{"floor":24,"key":"Anchor"},{"floor":26,"key":"Prayer Wheel"}],"event_choices":[{"damage_healed":0,"gold_gain":0,"player_choice":"Ignored","damage_taken":0,"max_hp_gain":0,"max_hp_loss":0,"event_name":"Liars Game","floor":5,"gold_loss":0},{"damage_healed":0,"gold_gain":0,"player_choice":"CARD ","damage_taken":12,"max_hp_gain":0,"max_hp_loss":0,"event_name":"Knowing Skull","floor":21,"potions_obtained":[],"gold_loss":0,"cards_obtained":["Purity"]}],"is_beta":false,"boss_relics":[{"not_picked":["Coffee Dripper","bronze:MakeshiftBattery"],"picked":"Astrolabe"}],"items_purged_floors":[20],"is_endless":false,"potions_floor_spawned":[2,7,10,12,22,24],"killed_by":"Sentry and Sphere","ascension_level":4}}