{"host":"rm0ctv8qd8mnbkg1","time":1612445990,"event":{"mods":["BaseMod","BetterRewards","Colored Map","DNKmod","Dark Map","Defuse TimeMaze Blight","Friendly Minions","Hubris","Hunter ??","Infinite Spire","Minty Spire (QoL Compilation)","MostiFishMod","Permanent Neow","Quarter Circle Forward PUNCH!","RRrroohrrRGHHhhh!!","Rare Cards Sparkle","Relic Sorter","Reliquary","Replay The Spire","RumiaBox-????????","Shade Mod","Shop Mod","Spicy Shops","Spire Arcade","StS++","StSLib","The Dragon Tamer","The Poker Player","The Servant 0.9.4","Wandering Minibosses","[IsaacMod]????","??????REMEMod"],"gold_per_floor":[10015,10027,8888,8903,8920,8920,8332,8332,8381,8391,8417,8448,8476,8491,8491,8587,8587,8597,8440,8440,8440,8940,8940],"floor_reached":22,"language":"ENG","playtime":4616,"items_purged":[],"score":296,"play_id":"e215e5e2-5ab8-408d-9b37-75378ce92889","local_time":"20210204133950","is_ascension_mode":false,"campfire_choices":[{"data":"StSpp:Igniter","floor":6,"key":"SMITH"},{"data":"MostiFishMod:GatherIntelligence","floor":15,"key":"SMITH"}],"circlet_count":0,"master_deck":["Strike_B","Strike_B","Strike_B","Strike_B","Defend_B","Defend_B","Defend_B","Defend_B","Zap","Dualcast","BettingIsNotGood","REME_CRH","Buffer","rorgmod:LRU Cache","ReplayGash","StSpp:Igniter+1","StSpp:Igniter+1","ReplayGash","Consume","rorgmod:Fuse Blower","Pulse","Conserve Battery","MostiFishMod:GatherIntelligence+1","hubris:DoWhile+1","MostiFishMod:ReadyAimFire","ReplayUltimateDefense","Conserve Battery","Writhe","Voices"],"relics":["Cracked Core","Sling","Sling","REME_ComplimentaryCards","HushsDoor","DaveBox","Chaos","xbg","Leech","hubris:HerbalPaste","wanderingMiniBosses:ThiefScarf","infinitespire:Magic Flask","ReplayTheSpireMod:DimensionalGlitch","Technique","Vajra","hubris:BottledRain","Ring of Misfortune","ReplayTheSpireMod:Ring of Challenge","Carrot","REME_CardOfGreed"],"acts_visited":["Exordium","TheCity"],"potions_floor_usage":[],"damage_taken":[{"damage":0,"enemies":"Cultist","floor":1,"turns":2},{"damage":0,"enemies":"2 Louse","floor":2,"turns":3},{"damage":0,"enemies":"Small Slimes","floor":4,"turns":3},{"damage":0,"enemies":"Blue Slaver","floor":5,"turns":4},{"damage":14,"enemies":"3 Louse","floor":10,"turns":7},{"damage":0,"enemies":"Lagavulin","floor":11,"turns":3},{"damage":7,"enemies":"Exordium Wildlife","floor":12,"turns":3},{"damage":0,"enemies":"Gremlin Nob","floor":13,"turns":3},{"damage":0,"enemies":"Gremlin Gang","floor":14,"turns":2},{"damage":9,"enemies":"Hexaghost","floor":16,"turns":8},{"damage":10,"enemies":"2 Thieves","floor":18,"turns":4},{"damage":0,"enemies":"Chosen","floor":22,"turns":1}],"seed_played":"-963428556299612221","potions_obtained":[{"floor":4,"key":"PowerPotion"},{"floor":11,"key":"FearPotion"},{"floor":13,"key":"StSpp:ScatteredPotion"},{"floor":16,"key":"FairyPotion"}],"is_trial":false,"path_per_floor":["M","M","$","M","M","R","$","?","T","M","E","M","E","M","R","B",null,"M","$","?","?","M"],"character_chosen":"DEFECT","items_purchased":["xbg","StSpp:Igniter","ReplayGash","Leech","Diplopia","MostiFishMod:ReadyAimFire","ReplayUltimateDefense","Vajra"],"campfire_rested":0,"item_purchase_floors":[3,3,3,7,7,17,17,19],"current_hp_per_floor":[1000,1000,1000,1000,1000,1000,1000,1000,1000,994,1000,993,1000,1000,1000,992,992,984,984,984,984,984,984],"gold":8940,"neow_bonus":"ONE_RANDOM_RARE_CARD","is_daily":false,"chose_seed":false,"campfire_upgraded":2,"win_rate":0.0,"timestamp":1612445990,"path_taken":["M","M","$","M","M","R","$","?","T","M","E","M","E","M","R","BOSS","M","$","?","?","M"],"items_purchased_type":["Relic","Card","Card","Relic","Relic","Card","Card","Relic"],"build_version":"2020-12-22","purchased_purges":0,"victory":false,"max_hp_per_floor":[1000,1000,1000,1000,1000,1000,1000,1000,1000,1000,1000,1000,1000,1000,1000,1000,992,992,992,992,992,992,992],"card_choices":[{"not_picked":[],"picked":"BettingIsNotGood","floor":0},{"not_picked":["BasicCrystalCard","rorgmod:Leap"],"picked":"rorgmod:LRU Cache","floor":1},{"not_picked":["Compile Driver","REME_SelfUpgrade"],"picked":"ReplayGash","floor":2},{"not_picked":["Bomb","Sweeping Beam"],"picked":"Consume","floor":4},{"not_picked":["REME_Whirling","Stack"],"picked":"rorgmod:Fuse Blower","floor":5},{"not_picked":["Panic Button","Echo Form","MostiFishMod:LinkProtocol"],"picked":"SKIP","floor":10},{"not_picked":["Sweeping Beam","MostiFishMod:ReprogramOld"],"picked":"Pulse","floor":11},{"not_picked":["StSpp:TargetLocked","ReplaySolidLightProjector"],"picked":"Conserve Battery","floor":12},{"not_picked":["Chill","rorgmod:SQL Injection"],"picked":"MostiFishMod:GatherIntelligence","floor":13},{"not_picked":["Panic Button","rorgmod:Antivirus","ReplayTheSpireMod:Repulse"],"picked":"SKIP","floor":14},{"not_picked":["StSpp:Saturation","MostiFishMod:StarOceanB"],"picked":"hubris:DoWhile","floor":16},{"not_picked":["REME_DataAnalysis","Crystallizer"],"picked":"Conserve Battery","floor":18}],"player_experience":209278,"relics_obtained":[{"floor":9,"key":"hubris:HerbalPaste"},{"floor":10,"key":"wanderingMiniBosses:ThiefScarf"},{"floor":11,"key":"infinitespire:Magic Flask"},{"floor":13,"key":"ReplayTheSpireMod:DimensionalGlitch"},{"floor":21,"key":"Ring of Misfortune"},{"floor":21,"key":"ReplayTheSpireMod:Ring of Challenge"}],"event_choices":[{"damage_healed":0,"gold_gain":0,"player_choice":"Opened","damage_taken":0,"relics_obtained":["hubris:BottledRain"],"max_hp_gain":0,"max_hp_loss":0,"event_name":"The Mausoleum","floor":20,"gold_loss":0,"cards_obtained":["Writhe"]}],"is_beta":false,"boss_relics":[{"not_picked":["ReplayFunnel","Electric Blood"],"picked":"Technique"},{"not_picked":[]}],"items_purged_floors":[],"is_endless":false,"potions_floor_spawned":[4,11,13,14,16],"killed_by":"Chosen","ascension_level":0}}