{"host":"2se5dq1do2gp0x9k","time":1612415759,"event":{"mods":["AchievementEnabler","BaseMod","Block Reminder","Colored Map","Colored Powertips","Minty Spire (QoL Compilation)","Relic Stats","StSLib","SuperFastMode"],"gold_per_floor":[17,28,45,45,45,80,94,94,94,94,94],"floor_reached":10,"language":"ENG","playtime":222,"items_purged":[],"score":136,"play_id":"9179a903-f9de-45be-ab9a-339376fa6f0d","local_time":"20210203211559","is_ascension_mode":true,"campfire_choices":[{"floor":8,"key":"REST"}],"circlet_count":0,"master_deck":["AscendersBane","Strike_B","Strike_B","Strike_B","Defend_B","Defend_B","Defend_B","Defend_B","Zap","Dualcast","Sunder","Ball Lightning","Ball Lightning","Steam"],"relics":["Cracked Core","Peace Pipe","Golden Idol","Strawberry","Blue Candle"],"acts_visited":["Exordium"],"potions_floor_usage":[],"damage_taken":[{"damage":0,"enemies":"2 Louse","floor":1,"turns":2},{"damage":12,"enemies":"Jaw Worm","floor":2,"turns":2},{"damage":0,"enemies":"Cultist","floor":3,"turns":2},{"damage":30,"enemies":"3 Sentries","floor":6,"turns":7},{"damage":17,"enemies":"Exordium Wildlife","floor":7,"turns":4},{"damage":56,"enemies":"Gremlin Nob","floor":10,"turns":4}],"seed_played":"-1766076069843461572","potions_obtained":[{"floor":1,"key":"PotionOfCapacity"},{"floor":7,"key":"PotionOfCapacity"}],"is_trial":false,"path_per_floor":["M","M","M","?","?","E","M","R","T","E"],"character_chosen":"DEFECT","items_purchased":[],"campfire_rested":1,"item_purchase_floors":[],"current_hp_per_floor":[64,52,52,52,52,29,12,33,33,0,0],"gold":94,"neow_bonus":"ONE_RARE_RELIC","is_daily":false,"chose_seed":false,"campfire_upgraded":0,"win_rate":0.0,"timestamp":1612415759,"path_taken":["M","M","M","?","?","E","M","R","T","E"],"items_purchased_type":[],"build_version":"2020-12-22","purchased_purges":0,"victory":false,"max_hp_per_floor":[71,71,71,64,64,71,71,71,71,71,71],"relic_stats":{"Peace Pipe":0,"counters":[6,21],"Golden Idol":10,"Blue Candle":[0],"obtain_stats":[{"Peace Pipe":0,"Golden Idol":4,"Strawberry":6,"Blue Candle":9,"Cracked Core":0},{"Peace Pipe":0,"Golden Idol":3,"Strawberry":4,"Blue Candle":5,"Cracked Core":0},{"Peace Pipe":0,"Golden Idol":6,"Strawberry":13,"Blue Candle":17,"Cracked Core":0}]},"card_choices":[{"not_picked":["Turbo","Auto Shields"],"picked":"Sunder","floor":1},{"not_picked":["Compile Driver","Double Energy"],"picked":"Ball Lightning","floor":2},{"not_picked":["BootSequence","Barrage"],"picked":"Ball Lightning","floor":3},{"not_picked":["Redo","Sweeping Beam","Reboot"],"picked":"SKIP","floor":6},{"not_picked":["Redo","Sweeping Beam","Reboot"],"picked":"SKIP","floor":6},{"not_picked":["Barrage","Gash"],"picked":"Steam","floor":7}],"player_experience":4064690,"relics_obtained":[{"floor":6,"key":"Strawberry"},{"floor":9,"key":"Blue Candle"}],"event_choices":[{"damage_healed":0,"gold_gain":0,"player_choice":"Lose Max HP","damage_taken":0,"relics_obtained":["Golden Idol"],"max_hp_gain":0,"max_hp_loss":7,"event_name":"Golden Idol","floor":4,"gold_loss":0},{"cards_removed":["Strike_B"],"damage_healed":0,"gold_gain":0,"player_choice":"Purged","damage_taken":0,"max_hp_gain":0,"max_hp_loss":0,"event_name":"Purifier","floor":5,"gold_loss":0}],"is_beta":false,"boss_relics":[],"items_purged_floors":[],"is_endless":false,"potions_floor_spawned":[1,7],"killed_by":"Gremlin Nob","ascension_level":20}}