{"host":"chv1qanoipyt46jc","time":1612409982,"event":{"mods":["2.2 Compatiblity","AchievementEnabler","BaseMod","BetterRewards","CapriCore","Card Filter","Evolution","Gold Saver","Grow up Mod","Minty Spire (QoL Compilation)","Rare Cards Sparkle","Relic Filter","Remove Card Discount Mod","Reorder Act Four","StSLib","TheHero"],"gold_per_floor":[1173,1185,1198,1210,1210,1220,1255,1271,1298,1330,1340,1351,1366,1382,1382,1478,1528,1538,1552,1534,1552,1552,1552,1569,1569,1620,1636,1646,1606,1618,1638,1638,1735,1735,1748,1764,1764,1780,1780,1780,1792,1792,1868,1884,1884,1896,1911,1929,1929,1929,1929,1927,1927,1958,1958],"floor_reached":56,"language":"ENG","playtime":2167,"items_purged":["animeID:Smash","animeID:Smash","animeID:DefendMH","animeID:DefendMH","animeID:Smash","animeID:Smash","animeID:Bakugo","animeID:DefendMH","animeID:DefendMH","Parasite"],"score":1202,"play_id":"3285928e-e0aa-4a09-95bd-b6ee5d248795","local_time":"20210203213942","is_ascension_mode":false,"campfire_choices":[{"data":"animeID:Deku","floor":15.0,"key":"SMITH"},{"data":"animeID:Eri","floor":23.0,"key":"SMITH"},{"floor":25.0,"key":"RECALL"},{"data":"animeID:DetroitSmash","floor":32.0,"key":"SMITH"},{"data":"animeID:DelawareSmash","floor":40,"key":"SMITH"},{"data":"animeID:DelawareSmash","floor":42,"key":"SMITH"},{"data":"animeID:DelawareSmash","floor":45,"key":"SMITH"},{"data":"animeID:FullCowl","floor":49,"key":"SMITH"},{"floor":53,"key":"REST"}],"circlet_count":0,"master_deck":["animeID:Eri+1","animeID:DelawareSmash+1","animeID:DetroitSmash+1","animeID:DetroitDelaware+1","animeID:PlusUltra","animeID:Deku+1","animeID:DelawareSmash+1","animeID:DelawareSmash+1","animeID:FullCowl+1","animeID:FullCowl+1"],"relics":["animeID:HeroCostume","EVO:Axolotl","Gremlin Horn","MealTicket","Tiny House","Orichalcum","SlaversCollar","Letter Opener","White Beast Statue"],"acts_visited":["TheCity","TheBeyond","TheEnding"],"potions_floor_usage":[55,55,55],"damage_taken":[{"damage":5.0,"enemies":"Small Slimes","floor":1.0,"turns":2.0},{"damage":1.0,"enemies":"Cultist","floor":2.0,"turns":3.0},{"damage":0.0,"enemies":"2 Louse","floor":3.0,"turns":1.0},{"damage":35.0,"enemies":"Exordium Thugs","floor":4.0,"turns":3.0},{"damage":16.0,"enemies":"3 Louse","floor":6.0,"turns":3.0},{"damage":43.0,"enemies":"Gremlin Nob","floor":7.0,"turns":5.0},{"damage":4.0,"enemies":"Gremlin Gang","floor":8.0,"turns":2.0},{"damage":49.0,"enemies":"Lagavulin","floor":10.0,"turns":6.0},{"damage":25.0,"enemies":"Large Slime","floor":11.0,"turns":4.0},{"damage":0.0,"enemies":"2 Fungi Beasts","floor":12.0,"turns":2.0},{"damage":0.0,"enemies":"Exordium Wildlife","floor":13.0,"turns":2.0},{"damage":13.0,"enemies":"Red Slaver","floor":14.0,"turns":2.0},{"damage":38.0,"enemies":"Slime Boss","floor":16.0,"turns":10.0},{"damage":0.0,"enemies":"Chosen","floor":18.0,"turns":3.0},{"damage":58.0,"enemies":"3 Byrds","floor":19.0,"turns":6.0},{"damage":15.0,"enemies":"Snecko","floor":21.0,"turns":3.0},{"damage":0.0,"enemies":"3 Cultists","floor":24.0,"turns":2.0},{"damage":20.0,"enemies":"Centurion and Healer","floor":27.0,"turns":3.0},{"damage":33.0,"enemies":"Shelled Parasite and Fungi","floor":28.0,"turns":3.0},{"damage":0.0,"enemies":"Snake Plant","floor":30.0,"turns":2.0},{"damage":27.0,"enemies":"Sentry and Sphere","floor":31.0,"turns":4.0},{"damage":23.0,"enemies":"Collector","floor":33.0,"turns":4.0},{"damage":34,"enemies":"3 Darklings","floor":35,"turns":3},{"damage":32,"enemies":"Orb Walker","floor":36,"turns":4},{"damage":20,"enemies":"Spire Growth","floor":38,"turns":4},{"damage":41,"enemies":"3 Darklings","floor":41,"turns":3},{"damage":36,"enemies":"Jaw Worm Horde","floor":44,"turns":3},{"damage":22,"enemies":"4 Shapes","floor":46,"turns":3},{"damage":18,"enemies":"Writhing Mass","floor":47,"turns":4},{"damage":32,"enemies":"Jaw Worm Horde","floor":48,"turns":4},{"damage":80,"enemies":"Donu and Deca","floor":50,"turns":6},{"damage":78,"enemies":"Shield and Spear","floor":54,"turns":4},{"damage":196,"enemies":"The Heart","floor":55,"turns":7}],"seed_played":"291085720469879417","potions_obtained":[{"floor":2.0,"key":"LiquidBronze"},{"floor":3.0,"key":"Strength Potion"},{"floor":5.0,"key":"Fruit Juice"},{"floor":5.0,"key":"CultistPotion"}],"is_trial":false,"path_per_floor":["M","M","M","M","?","M","E","M","T","E","M","M","M","M","R","B",null,"M","M","$","M","?","R","M","R","T","M","M","?","M","M","R","B",null,"M","M","?","M","?","R","M","R","T","M","R","M","M","M","R","B",null,"$","R","E","B",null],"character_chosen":"THE_HERO","items_purchased":[],"campfire_rested":1,"item_purchase_floors":[],"current_hp_per_floor":[90,101,113,90,105,99,70,78,88,53,40,52,62,61,71,51,265,275,231,256,253,192,202,214,224,234,228,207,217,229,216,226,217,440,418,398,408,402,412,422,395,405,415,391,401,393,387,369,379,315,610,617,627,561,381],"gold":1958,"neow_bonus":"ONE_RANDOM_RARE_CARD","is_daily":false,"chose_seed":false,"campfire_upgraded":7,"win_rate":0.0,"timestamp":1612409982,"path_taken":["M","M","M","M","?","M","E","M","T","E","M","M","?","M","R","BOSS","M","M","$","M","?","R","M","R","T","M","M","?","M","M","R","BOSS","M","M","?","M","?","R","M","R","T","?","R","M","M","M","R","BOSS","$","R","E","BOSS"],"items_purchased_type":[],"build_version":"2020-12-22","purchased_purges":10,"victory":true,"max_hp_per_floor":[95,105,115,125,140,150,160,170,180,190,200,210,220,230,240,250,265,275,285,295,305,320,330,340,350,360,370,380,390,400,410,420,430,440,450,460,470,480,490,500,510,520,530,540,550,560,570,580,590,600,610,617,627,637,647],"card_choices":[{"not_picked":["animeID:Mezo","animeID:Kaminari"],"picked":"animeID:DelawareSmash","floor":1.0},{"not_picked":["animeID:Crystallize","animeID:Dabi"],"picked":"animeID:DetroitSmash","floor":2.0},{"not_picked":["animeID:Tomura","animeID:Muscular","animeID:Tsuyu"],"picked":"SKIP","floor":3.0},{"not_picked":["animeID:Uraraka","animeID:GentleCriminal"],"picked":"animeID:DetroitDelaware","floor":4.0},{"not_picked":["animeID:Mina","animeID:HighFive","animeID:TodorokiShoto"],"picked":"SKIP","floor":6.0},{"not_picked":["animeID:Mineta","animeID:Tomura"],"picked":"animeID:PlusUltra","floor":7.0},{"not_picked":["animeID:Rei","animeID:Uraraka","animeID:Momo"],"picked":"SKIP","floor":8.0},{"not_picked":["animeID:NightEye","animeID:Mezo","animeID:Rappa"],"picked":"SKIP","floor":10.0},{"not_picked":["animeID:Aoyama","animeID:Tomura"],"picked":"animeID:Deku","floor":11.0},{"not_picked":["animeID:HighFive","animeID:Uraraka","animeID:Kirishima"],"picked":"SKIP","floor":12.0},{"not_picked":["animeID:NightEye","animeID:Tomura"],"picked":"animeID:DelawareSmash","floor":13.0},{"not_picked":["animeID:Mezo","animeID:Kirishima","animeID:Mina"],"picked":"SKIP","floor":14.0},{"not_picked":["animeID:Momo","animeID:Tamaki","animeID:Uraraka"],"picked":"SKIP","floor":18.0},{"not_picked":["animeID:Tomura+1","animeID:Momo"],"picked":"animeID:DelawareSmash","floor":19.0},{"not_picked":["animeID:HowitzerImpact","animeID:Tengai","animeID:Kurono"],"picked":"SKIP","floor":21.0},{"not_picked":["animeID:Iida","animeID:Mezo","animeID:Bakugo"],"picked":"SKIP","floor":24.0},{"not_picked":["animeID:Iida","animeID:Uraraka","animeID:Ojiro+1"],"picked":"SKIP","floor":27.0},{"not_picked":["animeID:FatGum+1","animeID:DetroitSmash","animeID:NightEye"],"picked":"SKIP","floor":28.0},{"not_picked":["animeID:Mina","animeID:MtLady+1","animeID:Mezo"],"picked":"SKIP","floor":30.0},{"not_picked":["animeID:Nomu","animeID:Mezo"],"picked":"animeID:FullCowl+1","floor":31.0},{"not_picked":["animeID:Kendo+1","animeID:Ojiro+1","animeID:Stain+1"],"picked":"SKIP","floor":35},{"not_picked":["animeID:Kirishima","animeID:Mezo+1","animeID:ToruHagakure+1"],"picked":"SKIP","floor":36},{"not_picked":["animeID:Stain","animeID:RecoveryGirl+1","animeID:Dabi"],"picked":"SKIP","floor":38},{"not_picked":["animeID:FatGum+1","animeID:NightEye","animeID:Tsuyu+1"],"picked":"SKIP","floor":41},{"not_picked":["animeID:Mezo","animeID:Crystallize+1","animeID:Kurono"],"picked":"SKIP","floor":44},{"not_picked":["animeID:EraserHead+1","animeID:Stain","animeID:Ojiro"],"picked":"SKIP","floor":46},{"not_picked":["animeID:Aoyama","animeID:Kaminari+1"],"picked":"animeID:FullCowl","floor":47},{"not_picked":["animeID:Mezo","animeID:Dabi","animeID:Twice"],"picked":"SKIP","floor":48},{"not_picked":["animeID:RedRiot","animeID:Mineta","animeID:Mina"],"picked":"SKIP","floor":54}],"player_experience":333438,"relics_obtained":[{"floor":7.0,"key":"Gremlin Horn"},{"floor":10.0,"key":"MealTicket"},{"floor":26.0,"key":"Orichalcum"},{"floor":43,"key":"Letter Opener"},{"floor":54,"key":"White Beast Statue"}],"event_choices":[{"damage_healed":0.0,"max_hp_gain":0.0,"max_hp_loss":0.0,"gold_gain":0.0,"event_name":"Lab","player_choice":"Got Potions","floor":5.0,"gold_loss":0.0,"damage_taken":0.0},{"damage_healed":0.0,"max_hp_gain":5.0,"max_hp_loss":0.0,"gold_gain":0.0,"event_name":"Forgotten Altar","player_choice":"Shed Blood","floor":22.0,"gold_loss":0.0,"damage_taken":76.0},{"damage_healed":0.0,"max_hp_gain":0.0,"max_hp_loss":0.0,"gold_gain":0.0,"event_name":"Designer","player_choice":"Upgrade","floor":29.0,"gold_loss":40.0,"damage_taken":0.0,"cards_upgraded":["animeID:DetroitDelaware"]},{"cards_removed":["animeID:Deku"],"damage_healed":0,"gold_gain":0,"player_choice":"Removed Skill","damage_taken":0,"max_hp_gain":0,"max_hp_loss":0,"event_name":"Falling","floor":37,"gold_loss":0},{"damage_healed":0,"gold_gain":0,"player_choice":"Ignored","damage_taken":0,"max_hp_gain":0,"max_hp_loss":0,"event_name":"SecretPortal","floor":39,"gold_loss":0}],"is_beta":false,"boss_relics":[{"not_picked":["Calling Bell","SacredBark"],"picked":"Tiny House"},{"not_picked":["Runic Dome","Sozu"],"picked":"SlaversCollar"}],"items_purged_floors":[20,20,20,20,20,20,20,20,20,52],"is_endless":false,"potions_floor_spawned":[2,3,6,8,11,12,13,18,28,30,33,35,46],"ascension_level":0}}