{"host":"raai0vtvcfkt8csp","time":1612443910,"event":{"mods":["2.2 Compatiblity","BaseMod","Beaked The Cultist","Block Reminder","Booster Modes","Clockwork Mod","Custom Start","DeckTracker","Defective Defect","Defuse TimeMaze Blight","Dio Mod","GifTheSpireLib","Infinite Spire","Minty Spire (QoL Compilation)","Quick Restart","Random Character Button","Rare Cards Sparkle","StSLib","The Marked","Unceasing Turn Reminder"],"gold_per_floor":[111,111,130,130,148,181,181,214,259,259,291,291],"floor_reached":11,"language":"ENG","playtime":259,"items_purged":[],"score":173,"play_id":"088932a8-0e81-4927-ac23-139b45b2cca6","local_time":"20210204140510","is_ascension_mode":true,"campfire_choices":[{"data":"dioMod:DoubleTime","floor":7,"key":"SMITH"},{"data":"dioMod:DoubleTime","floor":10,"key":"SMITH"}],"circlet_count":0,"master_deck":["dioMod:MudaMudaMuda+1","dioMod:Muda","dioMod:Muda","dioMod:Muda","dioMod:Muda","dioMod:Muda","dioMod:Muda","dioMod:Muda","dioMod:Muda+1","dioMod:Muda","dioMod:Muda+1","dioMod:BloodSuck","dioMod:Pluck","dioMod:DoubleTime+1","dioMod:HeavyLifting","dioMod:DoubleTime+1"],"relics":["dioMod:VampireBlood","Dead Branch","Matryoshka","Pen Nib","Dream Catcher","Bronze Scales","Whetstone"],"acts_visited":["Exordium"],"potions_floor_usage":[],"damage_taken":[{"damage":0,"enemies":"Small Slimes","floor":1,"turns":1},{"damage":0,"enemies":"Jaw Worm","floor":3,"turns":1},{"damage":0,"enemies":"2 Louse","floor":5,"turns":1},{"damage":0,"enemies":"3 Sentries","floor":6,"turns":1},{"damage":0,"enemies":"Lagavulin","floor":8,"turns":3},{"damage":9,"enemies":"3 Sentries","floor":11,"turns":2}],"seed_played":"1954242918757176278","potions_obtained":[{"floor":3,"key":"SteroidPotion"},{"floor":5,"key":"AttackPotion"},{"floor":6,"key":"Block Potion"}],"is_trial":true,"path_per_floor":["M","?","M","?","M","E","R","E","T","R","E"],"character_chosen":"THE_DEFAULT","items_purchased":[],"campfire_rested":0,"item_purchase_floors":[],"current_hp_per_floor":[75,75,75,75,75,75,75,75,75,75,75,75],"gold":291,"neow_bonus":"","is_daily":false,"chose_seed":false,"campfire_upgraded":2,"win_rate":0.0,"timestamp":1612443910,"path_taken":["M","?","M","?","M","E","R","E","T","R","E"],"items_purchased_type":[],"build_version":"2020-12-22","purchased_purges":0,"victory":false,"max_hp_per_floor":[75,75,75,75,75,75,75,75,75,75,75,75],"card_choices":[{"not_picked":["dioMod:WRYYY","dioMod:SecretPlan"],"picked":"dioMod:BloodSuck","floor":1},{"not_picked":["dioMod:VengefulMuda","dioMod:FlyAway"],"picked":"dioMod:Pluck","floor":3},{"not_picked":["dioMod:Muda","dioMod:Roundabout"],"picked":"dioMod:DoubleTime","floor":5},{"not_picked":["dioMod:DisarmingVoice","dioMod:Muda"],"picked":"dioMod:HeavyLifting","floor":6},{"not_picked":["dioMod:Pluck","dioMod:Muda"],"picked":"dioMod:DoubleTime","floor":8}],"player_experience":950579,"relics_obtained":[{"floor":6,"key":"Matryoshka"},{"floor":8,"key":"Pen Nib"},{"floor":9,"key":"Dream Catcher"},{"floor":9,"key":"Bronze Scales"},{"floor":11,"key":"Whetstone"}],"event_choices":[{"damage_healed":0,"gold_gain":0,"player_choice":"Ignored","damage_taken":0,"max_hp_gain":0,"max_hp_loss":0,"event_name":"Liars Game","floor":2,"gold_loss":0}],"is_beta":false,"boss_relics":[],"items_purged_floors":[],"is_endless":false,"potions_floor_spawned":[3,5,6,11],"killed_by":"3 Sentries","ascension_level":1}}