{"host":"4amcrcg6ktw8dbzk","time":1612413416,"event":{"mods":["ATMod(°¢èªMod)","BaseMod","Dota2Spire","Downfall","Minty Spire (QoL Compilation)","MostiFishMod","Spicy Shops","StSLib","Waifu the Spire","¡¾ÒÅÎï¿¨ÅÆ¡¿REMEMod"],"gold_per_floor":[99,114,126,126,138,138,138,172,190,216,6,6,6,44,65,174,174,74,102,126,126,126,126,126,234,258,303,319,131,131,277,326,513,513,413,581,710,769,810,1171,1171,1071,1159,1159,1159,1159,1221,1449,1491,1534,1534,1627,1627,1627,1823,1902],"floor_reached":57,"language":"ZHS","playtime":4862,"items_purged":["hexamod:Strike","hexamod:Defend","hexamod:Strike+1","hexamod:Defend+1","hexamod:EtherealExpedition+1","hexamod:Strike+1"],"score":2043,"play_id":"cac8a10a-9d34-4f94-97de-eb4f6826a819","local_time":"20210204123656","is_ascension_mode":true,"campfire_choices":[{"data":"AT_ShrugMaster","floor":1,"key":"SMITH"},{"data":"hexamod:HexaLevel","floor":18,"key":"SMITH"},{"data":"hexamod:UnlimitedPower","floor":23,"key":"SMITH"},{"floor":35,"key":"RECALL"},{"data":"1","floor":42,"key":"LIFT"},{"data":"2","floor":54,"key":"LIFT"}],"circlet_count":15,"master_deck":["hexamod:Defend+1","hexamod:Defend+1","hexamod:Sear+1","hexamod:Float+1","AT_ShrugMaster+1","hexamod:FastForward+1","hexamod:SpectersWail+1","hexamod:ForkedFlame+1","hexamod:UnlimitedPower+1","hexamod:DynamicBlow+1","hexamod:EmpoweredFlame+1","hexamod:HexaLevel+1","hexamod:TimeOfNeed+1","hexamod:BurningTouch+1","hexamod:RainOfEmbers+1","hexamod:Hexaguard+1","hexamod:UnlimitedPower+1","Master of Strategy+1","hexamod:RainOfEmbers+1","MostiFishMod:BrokenBlackCloak+1","hexamod:ParanormalForm"],"relics":["hexamod:SpiritBrand","DaveBox","REME_ComplimentaryCards","AT_ATBox","xbg","Bronze Scales","The Courier","Matryoshka","Tiny Chest","Whetstone","Dota2Spire:RefresherOrb","downfall:HeartBlessingGreen","Mercury Hourglass","AT_RedTearstoneRing","REME_ArchaeologicalTools","Bottled Flame","ArrowTower","Membership Card","DiscerningMonocle","Vajra","AT_BladeRuinedKing","Molten Egg 2","Ornamental Fan","AT_BellDemon","Dota2Spire:EchoSabre","Dota2Spire:BattleFury","Happy Flower","Meat on the Bone","White Beast Statue","HornCleat","Darkstone Periapt","Mummified Hand","REME_HourglassOfDeath","Dota2Spire:CrimsonGuard","Gambling Chip","Art of War","Gremlin Horn","AT_GuinsooRageblade","Dota2Spire:Dagon","Sundial","MealTicket","Dota2Spire:UrnOfShadows","AT_DeathDance","Lizard Tail","Blue Candle","Anchor","Centennial Puzzle","AT_MibuBalloonWealth","Question Card","TungstenRod","Dota2Spire:HandOfMidas","hexamod:SoulConsumer","Boot","AT_ChloranthyRing","Bag of Marbles","Shuriken","Dota2Spire:OrchidMalevolence","War Paint","Pear","Dota2Spire:MonkeyKingBar","FossilizedHelix","Thread and Needle","AT_RedNoBalance","SynthV:C4","Dota2Spire:ArcaneBoots","Juzu Bracelet","Dota2Spire:DivineRapier","AT_BellowingDragoncrestRing","Toxic Egg 2","Singing Bowl","Ancient Tea Set","REME_LimitBreaker","Dota2Spire:OctarineCore","Dota2Spire:LinkenSphere","AT_RabadonDeathcap","AT_SunfireAegis","Bag of Preparation","Nunchaku","Blood Vial","WingedGreaves","AT_Manta","Dota2Spire:BladeMail","Oddly Smooth Stone","PreservedInsect","Dota2Spire:MagicBottle","Dota2Spire:Vanguard","ImprovedEquipment","Akabeko","hexamod:InflammatoryLetter","AT_EbonyIvory","Kunai","Du-Vu Doll","AT_GoldPhoenixTree","Dota2Spire:DrumOfEndurance","Toy Ornithopter","Dota2Spire:MantaStyle","Bottled Tornado","BionicSphere","Dota2Spire:PhaseBoots","Shovel","hexamod:MatchstickCase","Dota2Spire:MaskOfMadness","Dream Catcher","Lantern","Dota2Spire:Butterfly","Strawberry","AT_ArchangelStaff","StrikeDummy","Dota2Spire:AghanimScepter","Bottled Lightning","Regal Pillow","AT_PhaseBoots","Dota2Spire:EtherealBlade","Dota2Spire:EyeOfSkadi","Potion Belt","AT_ForceNature","Dota2Spire:ShadowBlade","OriginationStaff","Pen Nib","Pantograph","Dota2Spire:Desolator","DianPoetry","InkBottle","AT_ImmortalShieldbow","Dota2Spire:BlackKingBar","Eternal Feather","Torii","DaCapo","AT_TimeSand","StoneCalendar","Dota2Spire:AssaultCuirass","CaptainsWheel","Ice Cream","Girya","Turnip","Dota2Spire:ShivaGuard","CombinedTypeHook","Mango","Dota2Spire:HeartOfTarrasque","DianDianMeat","Dead Branch","Dota2Spire:Satanic","Calipers","MostiFishMod:Haymaker","HollowDreamFlower","AT_Kusabimaru","REME_IWantAll","Unceasing Top","Ginger","Omamori","Dota2Spire:ArmletOfMordiggian","Letter Opener","Pocketwatch","AT_LudenTempest","Prayer Wheel","Incense Burner","Circlet","TimeKeys","downfall:HeartBlessingBlue","hexamod:TheBrokenSeal","OrangePellets","Toolbox","downfall:HeartBlessingRed","MostiFishMod:AdaptiveDefenses","PrismaticShard","ClockworkSouvenir","Civilization"],"acts_visited":["Exordium","TheCity","TheBeyond","TheEnding"],"potions_floor_usage":[19,20,20,43],"damage_taken":[{"damage":1,"enemies":"2 Louse","floor":2,"turns":3},{"damage":0,"enemies":"Cultist","floor":3,"turns":3},{"damage":2,"enemies":"Small Slimes","floor":5,"turns":3},{"damage":4,"enemies":"3 Sentries","floor":8,"turns":7},{"damage":2,"enemies":"Blue Slaver","floor":9,"turns":3},{"damage":1,"enemies":"Lagavulin","floor":10,"turns":6},{"damage":0,"enemies":"downfall:FleeingMerchant","floor":11,"turns":4},{"damage":4,"enemies":"3 Sentries","floor":14,"turns":6},{"damage":7,"enemies":"Exordium Wildlife","floor":15,"turns":3},{"damage":13,"enemies":"IC_STATUS_ARCHETYPE","floor":16,"turns":6},{"damage":5,"enemies":"Chosen","floor":19,"turns":4},{"damage":4,"enemies":"3 Cultists","floor":20,"turns":4},{"damage":27,"enemies":"Slavers","floor":25,"turns":4},{"damage":0,"enemies":"Snecko","floor":26,"turns":3},{"damage":12,"enemies":"Book of Stabbing","floor":27,"turns":4},{"damage":0,"enemies":"Cultist and Chosen","floor":28,"turns":3},{"damage":0,"enemies":"downfall:FleeingMerchant","floor":29,"turns":4},{"damage":0,"enemies":"Slavers","floor":31,"turns":1},{"damage":0,"enemies":"Snake Plant","floor":32,"turns":1},{"damage":0,"enemies":"SI_MIRROR_ARCHETYPE","floor":33,"turns":2},{"damage":0,"enemies":"3 Darklings","floor":36,"turns":1},{"damage":0,"enemies":"3 Shapes","floor":37,"turns":1},{"damage":0,"enemies":"Maw","floor":38,"turns":2},{"damage":0,"enemies":"Spire Growth","floor":39,"turns":1},{"damage":0,"enemies":"downfall:FleeingMerchant","floor":40,"turns":1},{"damage":0,"enemies":"Nemesis","floor":43,"turns":1},{"damage":0,"enemies":"Giant Head","floor":47,"turns":1},{"damage":0,"enemies":"downfall:LadyInBlue","floor":48,"turns":1},{"damage":0,"enemies":"Transient","floor":49,"turns":1},{"damage":0,"enemies":"WA_ARCHETYPE_DIVINITY","floor":50,"turns":1},{"damage":0,"enemies":"downfall:CharBossMerchant","floor":52,"turns":1},{"damage":0,"enemies":"downfall:NeowBoss","floor":55,"turns":3},{"damage":0,"enemies":"downfall:NeowBossFinal","floor":56,"turns":3}],"seed_played":"-134946539852370992","potions_obtained":[{"floor":2,"key":"Explosive Potion"},{"floor":3,"key":"ColorlessPotion"},{"floor":14,"key":"DistilledChaos"},{"floor":14,"key":"ColorlessPotion"},{"floor":15,"key":"Dota2Spire:Clarity"},{"floor":15,"key":"Fire Potion"},{"floor":20,"key":"ColorlessPotion"},{"floor":25,"key":"Dota2Spire:Clarity"},{"floor":25,"key":"LiquidMemories"},{"floor":26,"key":"Swift Potion"},{"floor":28,"key":"Ancient Potion"},{"floor":31,"key":"DistilledChaos"},{"floor":31,"key":"SteroidPotion"},{"floor":43,"key":"REME_GoldPotion"},{"floor":47,"key":"Swift Potion"}],"is_trial":false,"path_per_floor":["R","M","M","?","M","?","T","E","M","E","$","?","?","E","M","B",null,"R","M","M","?","T","R","T","E","M","E","M","$","?","E","M","B",null,"R","M","M","M","M","$","T","R","E","?","$","T","E","?","M","B",null,"E","$","R","B","B",null],"character_chosen":"THE_SPIRIT","items_purchased":["hexamod:SecondSeal","Membership Card","DiscerningMonocle","Vajra","AT_BladeRuinedKing","Molten Egg 2","Ornamental Fan","AT_BellDemon","Dota2Spire:EchoSabre","Dota2Spire:BattleFury","Happy Flower","Meat on the Bone","White Beast Statue","HornCleat","Darkstone Periapt","Mummified Hand","REME_HourglassOfDeath","Dota2Spire:CrimsonGuard","Gambling Chip","Art of War","Gremlin Horn","AT_GuinsooRageblade","Dota2Spire:Dagon","Sundial","MealTicket","Dota2Spire:UrnOfShadows","AT_DeathDance","Lizard Tail","Blue Candle","Anchor","Centennial Puzzle","AT_MibuBalloonWealth","Question Card","TungstenRod","Dota2Spire:HandOfMidas","hexamod:SoulConsumer","Boot","AT_ChloranthyRing","Bag of Marbles","Shuriken","Dota2Spire:OrchidMalevolence","War Paint","Pear","hexamod:UnlimitedPower","Master of Strategy","Dota2Spire:MonkeyKingBar","FossilizedHelix","Thread and Needle","AT_SilverBalance","SynthV:C4","Dota2Spire:ArcaneBoots","Juzu Bracelet","Dota2Spire:DivineRapier","AT_BellowingDragoncrestRing","Toxic Egg 2","Singing Bowl","Ancient Tea Set","REME_LimitBreaker","Dota2Spire:OctarineCore","Dota2Spire:LinkenSphere","AT_RabadonDeathcap","AT_SunfireAegis","Bag of Preparation","Nunchaku","Blood Vial","WingedGreaves","AT_Manta","Dota2Spire:BladeMail","Oddly Smooth Stone","PreservedInsect","Dota2Spire:MagicBottle","Dota2Spire:Vanguard","ImprovedEquipment","Akabeko","hexamod:InflammatoryLetter","AT_EbonyIvory","Kunai","Du-Vu Doll","AT_GoldPhoenixTree","Dota2Spire:DrumOfEndurance","Toy Ornithopter","Dota2Spire:MantaStyle","Bottled Tornado","BionicSphere","Dota2Spire:PhaseBoots","Shovel","hexamod:MatchstickCase","Dota2Spire:MaskOfMadness","Dream Catcher","Lantern","Dota2Spire:Butterfly","Strawberry","AT_ArchangelStaff","StrikeDummy","Dota2Spire:AghanimScepter","Bottled Lightning","Regal Pillow","AT_SpeedBoots","Dota2Spire:EtherealBlade","Dota2Spire:EyeOfSkadi","Potion Belt","AT_ForceNature","Dota2Spire:ShadowBlade","OriginationStaff","Pen Nib","Pantograph","Dota2Spire:Desolator","DianPoetry","InkBottle","AT_ImmortalShieldbow","Dota2Spire:BlackKingBar","Eternal Feather","Torii","DaCapo","AT_TimeSand","StoneCalendar","Dota2Spire:AssaultCuirass","CaptainsWheel","Ice Cream","Girya","Turnip","Dota2Spire:ShivaGuard","CombinedTypeHook","Mango","Dota2Spire:HeartOfTarrasque","DianDianMeat","Dead Branch","Dota2Spire:Satanic","Calipers","MostiFishMod:Haymaker","HollowDreamFlower","AT_Kusabimaru","REME_IWantAll","Unceasing Top","Ginger","Omamori","Dota2Spire:ArmletOfMordiggian","Letter Opener","Pocketwatch","AT_LudenTempest","Prayer Wheel","Incense Burner","Circlet","Circlet","Circlet","Circlet","Circlet","Circlet","Circlet","Circlet","Circlet","OrangePellets","Toolbox","MostiFishMod:BrokenBlackCloak+1","MostiFishMod:AdaptiveDefenses","PrismaticShard","ClockworkSouvenir","Civilization"],"campfire_rested":0,"item_purchase_floors":[11,29,29,29,29,29,29,29,29,29,29,29,29,29,29,29,29,29,29,29,29,29,29,29,29,29,29,29,29,29,29,29,29,29,29,29,29,29,29,29,29,29,29,29,29,29,29,29,29,29,29,29,29,29,29,29,29,29,29,29,29,29,29,29,29,29,29,29,29,29,29,29,29,29,29,29,29,29,29,29,29,29,29,29,29,29,29,29,29,29,29,29,29,29,29,29,29,29,29,29,29,29,29,29,29,29,29,29,29,29,29,29,29,29,29,29,29,29,29,29,29,29,29,29,29,29,29,29,29,29,29,29,29,29,29,29,29,29,29,29,29,29,29,29,29,29,29,29,29,29,29,40,40,40,45,45,53,53],"current_hp_per_floor":[77,76,76,76,74,74,74,70,68,67,67,67,67,63,56,43,77,77,72,75,75,75,75,75,55,62,57,57,108,93,91,87,132,145,155,167,175,197,201,206,206,206,208,212,212,212,214,216,220,220,220,222,222,222,222,223],"gold":1902,"neow_bonus":"TEN_PERCENT_HP_BONUS","is_daily":false,"chose_seed":false,"campfire_upgraded":3,"win_rate":0.0,"timestamp":1612413416,"path_taken":["R","M","M","?","?","?","T","E","M","E","$","?","?","E","M","BOSS","R","M","M","?","?","R","T","E","M","E","?","$","?","E","M","BOSS","R","M","M","M","M","$","T","R","E","?","$","?","E","?","M","BOSS","E","$","R","BOSS","BOSS"],"items_purchased_type":["Card","Relic","Relic","Relic","Relic","Relic","Relic","Relic","Relic","Relic","Relic","Relic","Relic","Relic","Relic","Relic","Relic","Relic","Relic","Relic","Relic","Relic","Relic","Relic","Relic","Relic","Relic","Relic","Relic","Relic","Relic","Relic","Relic","Relic","Relic","Relic","Relic","Relic","Relic","Relic","Relic","Relic","Relic","Card","Card","Relic","Relic","Relic","Relic","Relic","Relic","Relic","Relic","Relic","Relic","Relic","Relic","Relic","Relic","Relic","Relic","Relic","Relic","Relic","Relic","Relic","Relic","Relic","Relic","Relic","Relic","Relic","Relic","Relic","Relic","Relic","Relic","Relic","Relic","Relic","Relic","Relic","Relic","Relic","Relic","Relic","Relic","Relic","Relic","Relic","Relic","Relic","Relic","Relic","Relic","Relic","Relic","Relic","Relic","Relic","Relic","Relic","Relic","Relic","Relic","Relic","Relic","Relic","Relic","Relic","Relic","Relic","Relic","Relic","Relic","Relic","Relic","Relic","Relic","Relic","Relic","Relic","Relic","Relic","Relic","Relic","Relic","Relic","Relic","Relic","Relic","Relic","Relic","Relic","Relic","Relic","Relic","Relic","Relic","Relic","Relic","Relic","Undefined","Undefined","Undefined","Undefined","Undefined","Undefined","Undefined","Undefined","Undefined","Relic","Relic","Card","Relic","Relic","Relic","Relic"],"build_version":"2020-12-22","purchased_purges":6,"victory":true,"max_hp_per_floor":[77,77,77,77,77,77,77,77,77,77,77,77,77,77,77,77,77,77,77,77,77,77,77,77,77,77,77,77,121,126,132,139,145,145,155,167,175,197,201,206,206,206,208,212,212,212,214,216,220,220,220,222,222,222,222,223],"card_choices":[{"not_picked":["hexamod:BacktrackSmack","hexamod:ShieldOfDarkness"],"picked":"hexamod:FastForward","floor":2},{"not_picked":["hexamod:AdvancingGuard","hexamod:GhostLash"],"picked":"hexamod:Firestarter","floor":3},{"not_picked":["hexamod:FastForward","hexamod:ExtraCrispy","hexamod:HauntingEcho"],"picked":"SKIP","floor":5},{"not_picked":["hexamod:GhostShield","hexamod:NightmareStrike"],"picked":"hexamod:SpectersWail","floor":8},{"not_picked":["hexamod:SkipABeat","hexamod:SpectersWail"],"picked":"hexamod:SixthSeal","floor":9},{"not_picked":["hexamod:GhostShield","hexamod:SkipABeat"],"picked":"hexamod:EtherealExpedition","floor":10},{"not_picked":["hexamod:BacktrackSmack","hexamod:NightmareGuise"],"picked":"hexamod:ForkedFlame","floor":11},{"not_picked":["hexamod:ShieldOfDarkness","hexamod:InspiringFlames"],"picked":"hexamod:UnlimitedPower","floor":14},{"not_picked":["hexamod:DynamicBlow","hexamod:HeatShield","hexamod:GhostOfSpireFuture"],"picked":"SKIP","floor":14},{"not_picked":["hexamod:HeatShield","hexamod:GhostOfSpireFuture"],"picked":"hexamod:DynamicBlow","floor":14},{"not_picked":["hexamod:Hexaguard","hexamod:GhostLash"],"picked":"hexamod:EmpoweredFlame","floor":15},{"not_picked":["hexamod:HeatMetal","hexamod:NightmareStrike","hexamod:SwordOfDarkness"],"picked":"SKIP","floor":15},{"not_picked":["hexamod:HeatMetal","hexamod:NightmareStrike","hexamod:SwordOfDarkness"],"picked":"SKIP","floor":15},{"not_picked":["hexamod:TimeWarp","hexamod:WildfireWeapon"],"picked":"hexamod:HexaLevel","floor":16},{"not_picked":["hexamod:UnlimitedPower","hexamod:ParanormalForm"],"picked":"hexamod:TimeOfNeed","floor":16},{"not_picked":["hexamod:NightmareStrike","hexamod:SwordOfDarkness"],"picked":"hexamod:FirstSeal","floor":19},{"not_picked":["hexamod:SkipABeat","hexamod:HeatMetal","hexamod:Again"],"picked":"SKIP","floor":19},{"not_picked":["hexamod:ThermalTransfer","hexamod:UnlimitedPower"],"picked":"hexamod:BurningTouch+1","floor":20},{"not_picked":["hexamod:ChargedBarrage","hexamod:GhostflameBarrier","hexamod:ShieldOfDarkness"],"picked":"SKIP","floor":20},{"not_picked":["hexamod:SearingWound","hexamod:RadiantFlame"],"picked":"hexamod:RainOfEmbers","floor":25},{"not_picked":["hexamod:ExtraCrispy","hexamod:GhostflameBarrier+1","hexamod:TimeWarp"],"picked":"SKIP","floor":25},{"not_picked":["hexamod:HauntingEcho","hexamod:GhostOfSpireFuture+1"],"picked":"hexamod:Hexaguard","floor":26},{"not_picked":["hexamod:EtherealExpedition","hexamod:ChargedBarrage","hexamod:GhostOfSpireFuture"],"picked":"SKIP","floor":27},{"not_picked":["hexamod:ThermalTransfer","hexamod:EmpoweredFlame","hexamod:FastForward"],"picked":"SKIP","floor":27},{"not_picked":["hexamod:Firestarter","hexamod:BurningTouch","hexamod:RadiantFlame"],"picked":"SKIP","floor":28},{"not_picked":["hexamod:ThirdSeal","hexamod:DynamicBlow","hexamod:FastForward"],"picked":"SKIP","floor":28},{"not_picked":["hexamod:Firestarter","hexamod:BurningTouch","hexamod:RadiantFlame"],"picked":"SKIP","floor":28},{"not_picked":["hexamod:ThirdSeal","hexamod:DynamicBlow","hexamod:FastForward"],"picked":"SKIP","floor":28},{"not_picked":["hexamod:GhostOfSpireFuture","hexamod:NightmareStrike","hexamod:BurningTouch"],"picked":"SKIP","floor":29},{"not_picked":["hexamod:BurningTouch","hexamod:Rewind","hexamod:HeatShield"],"picked":"SKIP","floor":29},{"not_picked":["hexamod:ShieldOfDarkness+1","hexamod:NightmareGuise+1","hexamod:InspiringFlames+1","hexamod:UnleashSpirits+1"],"picked":"Singing Bowl","floor":31},{"not_picked":["hexamod:TimeWarp+1","hexamod:Hexaguard+1","hexamod:Firestarter+1","hexamod:Rewind+1"],"picked":"Singing Bowl","floor":31},{"not_picked":["hexamod:BacktrackSmack+1","hexamod:NightmareStrike+1","hexamod:Firestarter+1","hexamod:ShieldOfDarkness+1"],"picked":"Singing Bowl","floor":31},{"not_picked":["hexamod:FourthSeal","hexamod:SwordOfDarkness+1","hexamod:AdvancingGuard+1","hexamod:BurningTouch+1"],"picked":"Singing Bowl","floor":32},{"not_picked":["hexamod:Firestarter+1","hexamod:ShieldOfDarkness+1","hexamod:BurningTouch+1"],"picked":"hexamod:RainOfEmbers+1","floor":32},{"not_picked":["hexamod:CatchUp+1","hexamod:SecondSeal","hexamod:BurningTouch+1","hexamod:GhostflameBarrier+1"],"picked":"Singing Bowl","floor":32},{"not_picked":["hexamod:SwordOfDarkness+1","hexamod:EmpoweredFlame","hexamod:InspiringFlames+1","hexamod:RecurringNightmare+1"],"picked":"Singing Bowl","floor":32},{"not_picked":["hexamod:UnleashSpirits+1","hexamod:GhostflameInferno+1","hexamod:SearingWound+1","hexamod:TurnItUp+1"],"picked":"Singing Bowl","floor":33},{"not_picked":["hexamod:ForkedFlame+1","hexamod:UnlimitedPower+1","hexamod:TimeWarp+1"],"picked":"hexamod:FifthSeal","floor":33},{"not_picked":["hexamod:UnleashSpirits+1","hexamod:SixthSeal","hexamod:WildfireWeapon","hexamod:UnlimitedPower+1"],"picked":"Singing Bowl","floor":33},{"not_picked":["hexamod:FirstSeal","hexamod:SecondSeal","hexamod:FourthSeal"],"picked":"Singing Bowl","floor":36},{"not_picked":["hexamod:FourthSeal","hexamod:ThirdSeal","hexamod:SecondSeal"],"picked":"Singing Bowl","floor":36},{"not_picked":["hexamod:HauntingEcho+1","hexamod:NightmareStrike+1","hexamod:FastForward+1","hexamod:NecessarySacrifice+1"],"picked":"Singing Bowl","floor":36},{"not_picked":["hexamod:ChargedBarrage+1","hexamod:AdvancingGuard+1","hexamod:EmpoweredFlame+1","hexamod:ShieldOfDarkness+1"],"picked":"Singing Bowl","floor":36},{"not_picked":["hexamod:FirstSeal","hexamod:ThirdSeal","hexamod:Firestarter+1","hexamod:HauntingEcho+1"],"picked":"Singing Bowl","floor":36},{"not_picked":["hexamod:TurnItUp+1","hexamod:HeatShield+1","hexamod:FastForward+1","hexamod:BacktrackSmack+1"],"picked":"Singing Bowl","floor":36},{"not_picked":["hexamod:GhostflameBarrier+1","hexamod:GhostShield+1","hexamod:HeatShield+1","hexamod:BurningTouch+1"],"picked":"Singing Bowl","floor":37},{"not_picked":["hexamod:InspiringFlames+1","hexamod:GhostOfSpirePresent","hexamod:RainOfEmbers+1","hexamod:Again+1"],"picked":"Singing Bowl","floor":37},{"not_picked":["hexamod:InspiringFlames+1","hexamod:GhostflameBarrier+1","hexamod:HeatMetal+1","hexamod:ThirdSeal"],"picked":"Singing Bowl","floor":37},{"not_picked":["hexamod:BacktrackSmack+1","hexamod:ThermalTransfer+1","hexamod:ChargedBarrage+1","hexamod:InspiringFlames+1"],"picked":"Singing Bowl","floor":37},{"not_picked":["hexamod:InspiringFlames+1","hexamod:FastForward+1","hexamod:BurningTouch+1","hexamod:NightmareStrike+1"],"picked":"Singing Bowl","floor":38},{"not_picked":["hexamod:GhostOfSpireFuture+1","hexamod:HauntingEcho+1","hexamod:ThermalTransfer+1","hexamod:AdvancingGuard+1"],"picked":"Singing Bowl","floor":38},{"not_picked":["hexamod:SecondSeal","hexamod:RetreatToShadows+1","hexamod:NightmareStrike+1","hexamod:HexaLevel"],"picked":"Singing Bowl","floor":38},{"not_picked":["hexamod:FourthSeal","hexamod:SecondSeal","hexamod:ThirdSeal"],"picked":"Singing Bowl","floor":38},{"not_picked":["hexamod:BacktrackSmack+1","hexamod:GhostLash+1","hexamod:AdvancingGuard+1","hexamod:HeatCrush+1"],"picked":"Singing Bowl","floor":38},{"not_picked":["hexamod:AdvancingGuard+1","hexamod:CatchUp+1","hexamod:ThermalTransfer+1","hexamod:NightmareGuise+1"],"picked":"Singing Bowl","floor":38},{"not_picked":["hexamod:HauntingEcho+1","hexamod:SwordOfDarkness+1","hexamod:InspiringFlames+1","hexamod:SpectersWail+1"],"picked":"Singing Bowl","floor":39},{"not_picked":["hexamod:Hexaguard+1","hexamod:GhostOfSpireFuture+1","hexamod:HauntingEcho+1","hexamod:Again+1"],"picked":"Singing Bowl","floor":39},{"not_picked":["hexamod:BacktrackSmack+1","hexamod:FifthSeal","hexamod:HauntingEcho+1","hexamod:FastForward+1"],"picked":"Singing Bowl","floor":40},{"not_picked":["hexamod:FifthSeal","hexamod:GhostShield+1","hexamod:FirstSeal","hexamod:GhostflameInferno+1"],"picked":"Singing Bowl","floor":43},{"not_picked":["bronze:Overload+1","PanicButton+1","champ:RecklessLeap+1","Underhanded Strike+1"],"picked":"Singing Bowl","floor":47},{"not_picked":["bronze:ChosenStrike+1","Guardian:CrystalBeam+1","AT_RealFormLess+1","Finisher+1"],"picked":"Singing Bowl","floor":48},{"not_picked":["Slimebound:ItLooksTasty+1","sneckomod:IronFang+1","Guardian:Gem_Purple","Sentinel+1"],"picked":"Singing Bowl","floor":49},{"not_picked":["Guardian:Recover+1","Capacitor+1","Slimebound:GrowthPunch+1","Body Slam+1"],"picked":"Singing Bowl","floor":49},{"not_picked":["hexamod:InspiringFlames+1","MostiFishMod:LethalBlade","champ:FanOfKnives+1","Pommel Strike+1"],"picked":"Singing Bowl","floor":52}],"player_experience":455392,"relics_obtained":[{"floor":7,"key":"The Courier"},{"floor":8,"key":"Matryoshka"},{"floor":10,"key":"Tiny Chest"},{"floor":14,"key":"Whetstone"},{"floor":22,"key":"Mercury Hourglass"},{"floor":24,"key":"AT_RedTearstoneRing"},{"floor":24,"key":"REME_ArchaeologicalTools"},{"floor":25,"key":"Bottled Flame"},{"floor":27,"key":"ArrowTower"},{"floor":31,"key":"Circlet"},{"floor":41,"key":"Circlet"},{"floor":43,"key":"Circlet"},{"floor":46,"key":"Circlet"},{"floor":47,"key":"Circlet"},{"floor":52,"key":"Circlet"}],"event_choices":[{"damage_healed":0,"gold_gain":0,"player_choice":"Forge","damage_taken":0,"max_hp_gain":0,"max_hp_loss":0,"event_name":"Accursed Blacksmith","floor":4,"gold_loss":0,"cards_upgraded":["hexamod:FastForward"]},{"damage_healed":0,"gold_gain":0,"player_choice":"Ignored","damage_taken":0,"max_hp_gain":0,"max_hp_loss":0,"event_name":"Vampires","floor":21,"gold_loss":0}],"is_beta":false,"boss_relics":[{"not_picked":["GuanYuAspect","Coffee Dripper"],"picked":"Dota2Spire:RefresherOrb"},{"not_picked":["NightmareShop","Snecko Eye"],"picked":"TimeKeys"}],"items_purged_floors":[11,11,29,40,45,53],"is_endless":false,"potions_floor_spawned":[2,3,14,15,16,25,26,31,32,33,36,37,38,39,40,43,47,48,49,52],"ascension_level":1}}