{"host":"0s8kyghz8ihx2r41","time":1612479299,"event":{"mods":["2.2 Compatiblity","Act Like it!","Bard","BaseMod","CapriCore","Chen","Conspire","Downfall","Friendly Minions","GungeonMod","Hermit","HololiveMod","Hubris","Koishi","Lobotomy","LobotomyExtend","Marisa（霧雨　魔理沙）","Minty Spire (QoL Compilation)","Monster B Gone","Morshu Shopkeeper","Onozuka Komachi Mod","Prisma Mod","READ ME - Snecko Mod","Reimu（博??梦）","Reliquary","Replay The Spire","Spire Birthday Party","StSLib","The Administrix","The Alterego","The Clintock","The Construct","The Cursed","The Disciple","The Druid","The Edgeheg","The Gatherer","The Immortal","The Marked","The Mystic","The Servant 0.9.4","TheVacant","Waifu the Spire","Yakumo Yukari mod","Yuyuko","everything is the same but u backflip on backflip","slay the spire mod where everything is the same but ironclad has a cowboy hat"],"gold_per_floor":[118,118,133,133,32,62,77,89,89,101,128,128,141,155,155,254,254,274,292,304,304,304],"floor_reached":21,"language":"ENG","playtime":1755,"items_purged":[],"score":245,"play_id":"7c944dd1-7859-4cbc-b829-83e47529a44f","local_time":"20210204175459","is_ascension_mode":false,"campfire_choices":[],"circlet_count":0,"master_deck":["alterego_mod:Strike","alterego_mod:Strike","alterego_mod:Strike","alterego_mod:Strike","alterego_mod:Defend","alterego_mod:Defend","alterego_mod:Defend","alterego_mod:Defend+1","alterego_mod:Impale+1","alterego_mod:BigMeatyClaws","alterego_mod:BrynhildrsRune","alterego_mod:Exercise","alterego_mod:Complex","alterego_mod:RocketPunch+1","alterego_mod:TrashNCrash","alterego_mod:1TonWallop+1","alterego_mod:Pet","alterego_mod:DiscoLights","alterego_mod:GoddessCore","alterego_mod:Belle","alterego_mod:BiFurious","alterego_mod:Nekomimi","alterego_mod:Support","alterego_mod:Mirror+1","alterego_mod:RidiculouslyBig"],"relics":["alterego_mod:MasochisticConstitution","NeowsBlessing","ReplayTheSpireMod:TigerMarble","Replay:Towering Pillar of Hats","reliquary:Firecrackers","DemoMod:PinkGuonStone","RedLine:ReiMu"],"acts_visited":["Exordium","TheCity"],"potions_floor_usage":[11,16,16,16,20,20],"damage_taken":[{"damage":0,"enemies":"2 Louse","floor":1,"turns":1},{"damage":0,"enemies":"Jaw Worm","floor":3,"turns":1},{"damage":0,"enemies":"3 Sentries","floor":6,"turns":1},{"damage":4,"enemies":"Cultist","floor":7,"turns":5},{"damage":18,"enemies":"Blue Slaver","floor":8,"turns":5},{"damage":4,"enemies":"Looter","floor":10,"turns":5},{"damage":11,"enemies":"Gremlin Nob","floor":11,"turns":5},{"damage":11,"enemies":"Red Slaver","floor":13,"turns":3},{"damage":14,"enemies":"Large Slime","floor":14,"turns":6},{"damage":35,"enemies":"The Guardian","floor":16,"turns":19},{"damage":34,"enemies":"Chosen","floor":18,"turns":11},{"damage":31,"enemies":"Shell Parasite","floor":19,"turns":13},{"damage":13,"enemies":"Centurion and Healer","floor":20,"turns":13},{"damage":17,"enemies":"3 Cultists","floor":21,"turns":4}],"seed_played":"-8937463786262472288","potions_obtained":[{"floor":6,"key":"DemoMod:LeadSkinPotion"},{"floor":10,"key":"Weak Potion"},{"floor":11,"key":"SpeedPotion"},{"floor":14,"key":"SkillPotion"},{"floor":16,"key":"LifebloodPotion"},{"floor":19,"key":"DemoMod:LeadSkinPotion"}],"is_trial":false,"path_per_floor":["M","?","M","T","$","E","M","M","T","M","E","?","M","M","R","B",null,"M","M","M","M"],"character_chosen":"The_Alterego","items_purchased":["alterego_mod:RocketPunch+1","alterego_mod:TrashNCrash"],"campfire_rested":0,"item_purchase_floors":[5,5],"current_hp_per_floor":[70,70,70,70,70,70,67,50,50,47,44,44,37,24,48,17,84,58,28,16,0,0],"gold":304,"neow_bonus":"THREE_ENEMY_KILL","is_daily":false,"chose_seed":false,"campfire_upgraded":0,"win_rate":0.0,"timestamp":1612479299,"path_taken":["M","?","M","?","$","E","?","M","T","M","E","?","M","M","R","BOSS","M","M","M","M"],"items_purchased_type":["Card","Card"],"build_version":"2020-12-22","purchased_purges":0,"victory":false,"max_hp_per_floor":[70,70,70,70,70,70,71,72,72,73,81,81,82,83,83,84,84,85,86,87,87,87],"card_choices":[{"not_picked":["alterego_mod:Rip","alterego_mod:Pet"],"picked":"alterego_mod:Exercise","floor":1},{"not_picked":["alterego_mod:Maid","alterego_mod:Bounce"],"picked":"alterego_mod:Complex","floor":3},{"not_picked":["alterego_mod:Maid","alterego_mod:Rip"],"picked":"alterego_mod:1TonWallop","floor":6},{"not_picked":["alterego_mod:Bounce","alterego_mod:RidiculouslyBig"],"picked":"alterego_mod:Pet","floor":7},{"not_picked":["alterego_mod:DeftHands","alterego_mod:Belts"],"picked":"alterego_mod:DiscoLights","floor":8},{"not_picked":["alterego_mod:PresenceConcealment","alterego_mod:PerceptionDisorder"],"picked":"alterego_mod:GoddessCore","floor":10},{"not_picked":["alterego_mod:Maid","alterego_mod:PurpleHair"],"picked":"alterego_mod:Belle","floor":11},{"not_picked":["alterego_mod:Bounce","alterego_mod:HighServant"],"picked":"alterego_mod:BiFurious","floor":13},{"not_picked":["alterego_mod:Lingerie","alterego_mod:Pet"],"picked":"alterego_mod:Nekomimi","floor":14},{"not_picked":["alterego_mod:Skirt","alterego_mod:Mirror+1"],"picked":"alterego_mod:Support","floor":18},{"not_picked":["alterego_mod:Cycle+1","alterego_mod:GoddessCore+1"],"picked":"alterego_mod:Mirror+1","floor":19},{"not_picked":["alterego_mod:Jiggle","alterego_mod:HighServant"],"picked":"alterego_mod:RidiculouslyBig","floor":20}],"player_experience":340471,"relics_obtained":[{"floor":4,"key":"ReplayTheSpireMod:TigerMarble"},{"floor":6,"key":"Replay:Towering Pillar of Hats"},{"floor":9,"key":"reliquary:Firecrackers"},{"floor":11,"key":"DemoMod:PinkGuonStone"}],"event_choices":[],"is_beta":false,"boss_relics":[{"not_picked":["Busted Crown","Hololive_ChaosS"],"picked":"RedLine:ReiMu"}],"items_purged_floors":[],"is_endless":false,"potions_floor_spawned":[6,10,11,14,16,19],"killed_by":"3 Cultists","ascension_level":0}}