{"host":"3twtdwjpiqhvvn5s","time":1612477633,"event":{"mods":["AchievementEnabler","Act Like it!","Aspiration","BaseMod","BetterRewards","Colored Map","Colored Powertips","Downfall","Duelist Mod","Friendly Minions","GifTheSpireLib","Hallownest","Hermit","Hubris","Infinite Spire","Jorbs\u0027s Wanderer Trilogy","Koishi","KomeijiMod","Marisa????????","Minty Spire (QoL Compilation)","Quick Restart","Rare Cards Sparkle","Replay The Spire","Shop Mod","StSLib","Td1madao Mod","The Administrix","The Animator","The Bug Knight","The Caster","The Cursed","The Disciple","The Hierophant","The Necromancer","The Poker Player","The Runesmith","The Servant 0.9.4"],"gold_per_floor":[114,114,69,84,101,101,115,133,133,249,277,4,4,23,23,118,118,136,136,171,171,26,26,59,69,69,80,96,106,141,158,158,263,263,283,283,295,263,263,276,276,388,415,425,441,494,523,548,560,572],"floor_reached":51,"language":"ENG","playtime":11809,"items_purged":["UpSweep"],"score":774,"play_id":"84c472af-a449-41f5-b444-ba68897e38d7","local_time":"20210204162713","daily_mods":["DeadlyEvents"],"is_ascension_mode":false,"campfire_choices":[{"data":"GalacticHalo","floor":6,"key":"SMITH"},{"floor":13,"key":"REST"},{"floor":15,"key":"REST"},{"data":"JA","floor":23,"key":"SMITH"},{"floor":41,"key":"REST"},{"data":"TreasureHunter","floor":49,"key":"SMITH"}],"circlet_count":0,"master_deck":["Strike_MRS","Strike_MRS","Strike_MRS","Strike_MRS","Defend_MRS","Defend_MRS","Defend_MRS","Defend_MRS","MasterSpark","GalacticHalo","GalacticHalo+1","Koishi:MassHysteria","Koishi:BloodcurdlingScream","Koishi:SpiritedAway","GalacticHalo","JA+1","Shame","GrandCross","GalacticHalo+1","CasketOfStar","SatelliteIllusion","DragonMeteor+1","animator:Archer","OrrerysSun+1","EnergyFlow","GrandCross","DarkSpark","Parasite","TreasureHunter+1"],"relics":["Snecko Eye","hubris:Icosahedron","aspiration:PocketMushroom","Runesmith:Nanobots","aspiration:TomeofQuesting","Snecko Heart","aspiration:Lifesprig","MealTicket","Nunchaku","aspiration:Stabinomicon","Mango","Dream Catcher","aspiration:RitualDagger","ReplayTheSpireMod:TigerMarble","MawBank"],"acts_visited":["Exordium","TheCity","TheBeyond"],"potions_floor_usage":[4,7,8,18,24,24,31,37,37,38,40,42,46,50],"damage_taken":[{"damage":6,"enemies":"Cultist","floor":1,"turns":5},{"damage":0,"enemies":"Jaw Worm","floor":4,"turns":3},{"damage":0,"enemies":"2 Louse","floor":5,"turns":5},{"damage":4,"enemies":"Gremlin Gang","floor":7,"turns":3},{"damage":5,"enemies":"Large Slime","floor":8,"turns":9},{"damage":6,"enemies":"3 Louse","floor":10,"turns":2},{"damage":32,"enemies":"3 Sentries","floor":11,"turns":5},{"damage":0,"enemies":"2 Fungi Beasts","floor":14,"turns":2},{"damage":40,"enemies":"Fading Forest","floor":16,"turns":11},{"damage":0,"enemies":"3 Byrds","floor":18,"turns":3},{"damage":34,"enemies":"Gremlin Leader","floor":20,"turns":4},{"damage":33,"enemies":"Book of Stabbing","floor":24,"turns":5},{"damage":0,"enemies":"2 Thieves","floor":25,"turns":3},{"damage":1,"enemies":"Snecko","floor":27,"turns":4},{"damage":0,"enemies":"Chosen and Byrds","floor":28,"turns":3},{"damage":11,"enemies":"3 Cultists","floor":29,"turns":3},{"damage":6,"enemies":"Gremlin Leader","floor":30,"turns":3},{"damage":4,"enemies":"Centurion and Healer","floor":31,"turns":2},{"damage":31,"enemies":"Collector","floor":33,"turns":4},{"damage":11,"enemies":"3 Shapes","floor":35,"turns":2},{"damage":25,"enemies":"3 Darklings","floor":37,"turns":5},{"damage":8,"enemies":"Jaw Worm Horde","floor":38,"turns":2},{"damage":10,"enemies":"Writhing Mass","floor":40,"turns":3},{"damage":19,"enemies":"3 Darklings","floor":42,"turns":4},{"damage":15,"enemies":"Transient","floor":44,"turns":5},{"damage":25,"enemies":"Jaw Worm Horde","floor":45,"turns":2},{"damage":12,"enemies":"Giant Head","floor":46,"turns":4},{"damage":37,"enemies":"Writhing Mass","floor":47,"turns":4},{"damage":28,"enemies":"Maw","floor":48,"turns":5},{"damage":140,"enemies":"infinitespire:MassOfShapes","floor":50,"turns":7}],"seed_played":"2600009929965116290","potions_obtained":[{"floor":1,"key":"Weak Potion"},{"floor":5,"key":"Explosive Potion"},{"floor":7,"key":"Weak Potion"},{"floor":16,"key":"StarNLove"},{"floor":18,"key":"Milkshake"},{"floor":20,"key":"Fire Potion"},{"floor":29,"key":"BlessingOfTheForge"},{"floor":30,"key":"Elixir"},{"floor":31,"key":"BottledSpark"},{"floor":33,"key":"FearPotion"},{"floor":38,"key":"BlessingOfTheForge"},{"floor":40,"key":"FearPotion"},{"floor":45,"key":"SneckoOil"},{"floor":48,"key":"Energy Potion"}],"is_trial":true,"path_per_floor":["M","?","?","M","M","R","M","M","T","M","E","$","R","M","R","B",null,"M","?","E","?","$","R","E","M","T","M","M","M","E","M","R_BF","B",null,"M","?","M","M","?","M","R","M","T","M","M","E","M","M","R","B",null],"character_chosen":"MARISA","items_purchased":["aspiration:TomeofQuesting","Koishi:SpiritedAway","Nunchaku"],"campfire_rested":3,"item_purchase_floors":[12,12,22],"current_hp_per_floor":[69,69,69,69,69,69,65,60,60,54,22,22,44,44,66,32,75,75,75,41,41,56,56,23,23,37,36,36,25,19,15,41,10,89,78,78,53,45,45,35,61,42,42,27,6,89,69,75,75,3],"gold":584,"neow_bonus":"","is_daily":false,"chose_seed":false,"campfire_upgraded":3,"win_rate":0.0,"timestamp":1612477633,"path_taken":["M","?","?","M","M","R","M","M","T","?","E","$","R","M","R","BOSS","M","?","?","?","?","R","E","M","T","M","M","M","?","?","R_BF","BOSS","M","?","M","M","?","M","R","M","T","M","M","E","M","M","R","BOSS"],"items_purchased_type":["Relic","Card","Relic"],"build_version":"2020-12-22","purchased_purges":1,"victory":true,"max_hp_per_floor":[75,75,75,75,75,75,75,75,75,75,75,75,75,75,75,75,75,75,75,75,75,75,75,75,75,89,89,89,89,89,89,89,89,89,89,89,89,89,89,89,89,89,89,89,89,89,89,89,89,89],"card_choices":[{"not_picked":["Koishi:Jaunt","Koishi:SpiritedAway"],"picked":"GalacticHalo","floor":1},{"not_picked":["Koishi:PredatoryInstincts","UnstableBomb","Koishi:TremblingHands"],"picked":"SKIP","floor":4},{"not_picked":["Koishi:Possession","Koishi:FleetingPhantom"],"picked":"GalacticHalo","floor":5},{"not_picked":["DeepEcoloBomb","Koishi:DreadfulBlow","BinaryStars"],"picked":"SKIP","floor":7},{"not_picked":["Koishi:DreadfulBlow","Koishi:Prune"],"picked":"Koishi:MassHysteria","floor":8},{"not_picked":["Koishi:CatchAndRose","Koishi:ReflexRadar"],"picked":"Koishi:BloodcurdlingScream","floor":10},{"not_picked":["Koishi:ReflexRadar","ManaConvection","Koishi:ReleaseOfTheId"],"picked":"SKIP","floor":11},{"not_picked":["GrandCross","Koishi:StingingMind"],"picked":"GalacticHalo","floor":14},{"not_picked":["Koishi:RoseHell","BigCrunch"],"picked":"JA","floor":16},{"not_picked":["NonDirectionalLaser","AlicesGift"],"picked":"OortCloud","floor":18},{"not_picked":["DC+1","LuminesStrike","ShootingEcho+1"],"picked":"SKIP","floor":20},{"not_picked":["ShootTheMoon+1","StarDustReverie","WitchLeyline"],"picked":"SKIP","floor":24},{"not_picked":["DC","FairyDestructionRay"],"picked":"GrandCross","floor":25},{"not_picked":["ShootingEcho","PropBag","Acceleration"],"picked":"SKIP","floor":27},{"not_picked":["Acceleration","BlazeAway"],"picked":"GalacticHalo","floor":28},{"not_picked":["WitchLeyline+1","AsteroidBelt","StarlightTyphoon"],"picked":"SKIP","floor":29},{"not_picked":["RefractionSpark","BinaryStars"],"picked":"CasketOfStar","floor":30},{"not_picked":["PowerUp","WitchLeyline+1","PulseMagic"],"picked":"SKIP","floor":31},{"not_picked":["MillisecondPulsars","StarDustReverie"],"picked":"SatelliteIllusion","floor":33},{"not_picked":["WitchLeyline","PowerUp+1"],"picked":"DragonMeteor+1","floor":35},{"not_picked":["StarBarrage+1","MeteoricShower","ChargingUp"],"picked":"SKIP","floor":37},{"not_picked":["Acceleration+1","AlicesGift","EarthLightRay+1"],"picked":"SKIP","floor":38},{"not_picked":["NonDirectionalLaser+1","StarlightTyphoon","WitchLeyline+1"],"picked":"SKIP","floor":40},{"not_picked":["WitchOfGreed","DarkMatter+1"],"picked":"OrrerysSun+1","floor":41},{"not_picked":["NonDirectionalLaser","UnstableBomb"],"picked":"EnergyFlow","floor":42},{"not_picked":["ShootingEcho","WitchLeyline+1"],"picked":"GrandCross","floor":44},{"not_picked":["PropBag+1","PulseMagic","Occultation+1"],"picked":"SKIP","floor":45},{"not_picked":["DeepEcoloBomb","WitchOfGreed"],"picked":"DarkSpark","floor":46},{"not_picked":["BlazeAway+1","WitchLeyline","MachineGunSpark+1"],"picked":"SKIP","floor":47},{"not_picked":["IllusionStar+1","EnergyFlow"],"picked":"TreasureHunter","floor":48}],"player_experience":2623284,"relics_obtained":[{"floor":9,"key":"aspiration:PocketMushroom"},{"floor":11,"key":"Runesmith:Nanobots"},{"floor":20,"key":"aspiration:Lifesprig"},{"floor":24,"key":"aspiration:Stabinomicon"},{"floor":26,"key":"Mango"},{"floor":30,"key":"Dream Catcher"},{"floor":43,"key":"ReplayTheSpireMod:TigerMarble"},{"floor":46,"key":"MawBank"}],"event_choices":[{"damage_healed":0,"gold_gain":0,"player_choice":"Left Gold","damage_taken":0,"max_hp_gain":0,"max_hp_loss":0,"event_name":"World of Goop","floor":3,"gold_loss":45},{"damage_healed":0,"gold_gain":0,"player_choice":"Bought 0 Potions","damage_taken":0,"max_hp_gain":0,"max_hp_loss":0,"event_name":"The Woman in Blue","floor":19,"gold_loss":0},{"damage_healed":0,"gold_gain":0,"player_choice":"Stole Relic","damage_taken":0,"relics_obtained":["MealTicket"],"max_hp_gain":0,"max_hp_loss":0,"event_name":"Addict","floor":21,"gold_loss":0,"cards_obtained":["Shame"]},{"damage_healed":0,"gold_gain":0,"player_choice":"Ignored","damage_taken":0,"max_hp_gain":0,"max_hp_loss":0,"event_name":"Tomb of Lord Red Mask","floor":36,"gold_loss":0},{"cards_removed":["OortCloud"],"damage_healed":0,"gold_gain":0,"player_choice":"Took Card","damage_taken":0,"max_hp_gain":0,"max_hp_loss":0,"event_name":"NoteForYourself","floor":39,"gold_loss":0,"cards_obtained":["animator:Archer"]}],"is_beta":false,"boss_relics":[{"not_picked":["Runic Pyramid","Replay:Ancient Bell"],"picked":"Snecko Heart"},{"not_picked":["Fusion Hammer","SacredBark"],"picked":"aspiration:RitualDagger"}],"items_purged_floors":[12],"is_endless":false,"potions_floor_spawned":[1,5,7,16,18,20,29,30,31,33,38,40,45,48],"ascension_level":0}}