{"host":"iyj530209nkhhjuz","time":1612473771,"event":{"mods":["AchievementEnabler","BaseMod","Better Match","Better Note","Better Third Choice","BetterRewards","Colored Map","Colored Powertips","Dark Map","Fox Events","Highlight Path","Minty Spire (QoL Compilation)","Permanent Neow","Random Character Button","Rare Cards Sparkle","Relic Stats","StSLib","Waifu the Spire"],"gold_per_floor":[109,70,70,3,3,3,42,42,42,85,105,124,159,179,179,308,308,331,421,52,65,80,114,114,147,147,190,190,211,234,274,274,393,393,418,443,65,128,142,142,156,187,187,220,239,282,282,282,282,282,282,282,23,58,58,58],"floor_reached":55,"language":"ENG","playtime":5148,"items_purged":["Strike_G","Defend_G","Defend_G","Strike_G"],"score":1475,"play_id":"bd4b931a-b6c3-4753-b9cc-5a3ba992e49e","local_time":"20210204222251","is_ascension_mode":true,"campfire_choices":[{"data":"Footwork","floor":6.0,"key":"SMITH"},{"data":"Footwork","floor":8.0,"key":"SMITH"},{"floor":15.0,"key":"REST"},{"data":"Envenom","floor":24.0,"key":"SMITH"},{"floor":28.0,"key":"REST"},{"data":"Noxious Fumes","floor":32.0,"key":"SMITH"},{"data":"Blade Dance","floor":40.0,"key":"SMITH"},{"floor":49.0,"key":"RECALL"},{"data":"Accuracy","floor":52.0,"key":"SMITH"}],"circlet_count":0,"master_deck":["Strike_G","Strike_G","Strike_G+1","Defend_G","Defend_G","Defend_G","Survivor","Neutralize","Backflip","Footwork+1","Noxious Fumes+1","Blade Dance","Accuracy","Footwork+1","Crippling Poison","Cloak And Dagger","Envenom+1","Die Die Die+1","Storm of Steel","Cloak And Dagger+1","Blade Dance+1","Footwork+1","Dodge and Roll","Blade Dance+1","Corpse Explosion","CurseOfTheBell","Accuracy+1","Accuracy+1","Escape Plan+1"],"relics":["Ring of the Snake","Vajra","Golden Idol","Nunchaku","Singing Bowl","Ornamental Fan","MealTicket","SlaversCollar","Blue Candle","Bronze Scales","Regal Pillow","Potion Belt","Boot","Calling Bell","PreservedInsect","Pantograph","Tough Bandages","Art of War","The Specimen","Dream Catcher","Girya","Torii","Pen Nib","Whetstone","InkBottle"],"acts_visited":["Exordium","TheCity","TheBeyond","TheEnding"],"potions_floor_usage":[54,55],"damage_taken":[{"damage":0.0,"enemies":"Small Slimes","floor":1.0,"turns":5.0},{"damage":7.0,"enemies":"3 Sentries","floor":7.0,"turns":10.0},{"damage":1.0,"enemies":"Lagavulin","floor":10.0,"turns":7.0},{"damage":0.0,"enemies":"2 Louse","floor":11.0,"turns":4.0},{"damage":0.0,"enemies":"Cultist","floor":12.0,"turns":3.0},{"damage":13.0,"enemies":"Gremlin Nob","floor":13.0,"turns":5.0},{"damage":0.0,"enemies":"Looter","floor":14.0,"turns":2.0},{"damage":0.0,"enemies":"Hexaghost","floor":16.0,"turns":9.0},{"damage":10.0,"enemies":"Spheric Guardian","floor":18.0,"turns":5.0},{"damage":3.0,"enemies":"Shell Parasite","floor":21.0,"turns":6.0},{"damage":19.0,"enemies":"Snake Plant","floor":22.0,"turns":6.0},{"damage":22.0,"enemies":"Gremlin Leader","floor":23.0,"turns":6.0},{"damage":22.0,"enemies":"Slavers","floor":25.0,"turns":4.0},{"damage":3.0,"enemies":"Gremlin Leader","floor":27.0,"turns":5.0},{"damage":13.0,"enemies":"Snecko","floor":29.0,"turns":4.0},{"damage":2.0,"enemies":"3 Cultists","floor":30.0,"turns":4.0},{"damage":2.0,"enemies":"Slavers","floor":31.0,"turns":5.0},{"damage":18.0,"enemies":"Collector","floor":33.0,"turns":7.0},{"damage":10.0,"enemies":"3 Darklings","floor":35.0,"turns":3.0},{"damage":8.0,"enemies":"3 Shapes","floor":36.0,"turns":6.0},{"damage":1.0,"enemies":"Mind Bloom Boss Battle","floor":38.0,"turns":6.0},{"damage":0.0,"enemies":"Writhing Mass","floor":39.0,"turns":6.0},{"damage":0.0,"enemies":"Transient","floor":41.0,"turns":5.0},{"damage":36.0,"enemies":"Giant Head","floor":42.0,"turns":6.0},{"damage":20.0,"enemies":"Reptomancer","floor":44.0,"turns":4.0},{"damage":2.0,"enemies":"3 Darklings","floor":45.0,"turns":3.0},{"damage":10.0,"enemies":"Giant Head","floor":46.0,"turns":6.0},{"damage":0.0,"enemies":"Maw","floor":47.0,"turns":2.0},{"damage":41.0,"enemies":"Donu and Deca","floor":50.0,"turns":7.0},{"damage":57,"enemies":"Shield and Spear","floor":54,"turns":5},{"damage":135,"enemies":"The Heart","floor":55,"turns":8}],"seed_played":"-254728755760098893","potions_obtained":[{"floor":5.0,"key":"FairyPotion"},{"floor":5.0,"key":"Strength Potion"},{"floor":5.0,"key":"LiquidBronze"},{"floor":7.0,"key":"FairyPotion"},{"floor":25.0,"key":"Swift Potion"},{"floor":27.0,"key":"Explosive Potion"},{"floor":29.0,"key":"SkillPotion"},{"floor":33.0,"key":"Fruit Juice"},{"floor":36.0,"key":"Swift Potion"},{"floor":39.0,"key":"SkillPotion"},{"floor":42.0,"key":"LiquidMemories"},{"floor":45.0,"key":"SmokeBomb"}],"is_trial":false,"path_per_floor":["M","$","?","$","?","R","E","R","T","E","M","M","E","M","R","B",null,"M","?","$","M","M","E","R","E","T","E","R","M","M","E","R","B",null,"M","M","$","?","M","R","M","E","T","E","M","E","M","?","R","B",null,"R","$","E","B"],"character_chosen":"THE_SILENT","items_purchased":["Vajra","Backflip","Footwork","Noxious Fumes","Accuracy","Footwork","Blue Candle","Art of War","Accuracy","Whetstone","Fire Potion","Strength Potion"],"campfire_rested":2,"item_purchase_floors":[0,0,0,0,2,4,20,37,37,53,53,53],"current_hp_per_floor":[63,63,46,46,46,46,39,39,39,40,40,40,27,29,51,51,68,58,46,61,60,43,21,21,23,23,22,61,50,48,46,46,28,74,66,60,75,92,92,92,94,58,58,40,40,32,32,32,32,16,78,78,93,38,0,0],"gold":58,"neow_bonus":"","is_daily":false,"chose_seed":false,"campfire_upgraded":6,"win_rate":0.0,"timestamp":1612473771,"path_taken":["M","$","?","$","?","R","E","R","T","E","?","M","E","M","R","BOSS","M","?","$","M","M","E","R","E","T","E","R","M","M","E","R","BOSS","M","M","$","?","M","R","M","E","T","E","M","E","M","?","R","BOSS","R","$","E","BOSS"],"items_purchased_type":["Relic","Card","Card","Card","Card","Card","Relic","Relic","Card","Relic","Potion","Potion"],"build_version":"2020-12-22","purchased_purges":4,"victory":false,"max_hp_per_floor":[70,70,70,70,70,70,70,70,70,72,72,72,72,74,74,74,74,74,74,74,76,78,78,78,78,78,80,80,82,82,82,82,82,87,89,91,91,93,93,93,95,95,95,97,99,101,101,98,98,98,98,98,98,100,100,100],"relic_stats":{"Regal Pillow":15,"Singing Bowl":28,"Torii":80,"counters":[55,268],"Golden Idol":406,"Blue Candle":[4],"PreservedInsect":855,"Pen Nib":[8],"Whetstone":["Strike_G","Strike_G","Die Die Die","Strike_G"],"Boot":[32],"Nunchaku":[47],"Tough Bandages":[147],"Dream Catcher":0,"Ornamental Fan":[452],"Bronze Scales":[650],"Pantograph":66,"MealTicket":45,"Art of War":[59],"obtain_stats":[{"Lantern":43,"Regal Pillow":25,"Singing Bowl":9,"Torii":44,"Vajra":0,"Bag of Preparation":23,"Incense Burner":45,"Whetstone":30,"Bottled Tornado":42,"Boot":31,"Nunchaku":7,"Tough Bandages":34,"Dream Catcher":42,"Pantograph":34,"MealTicket":13,"InkBottle":54,"Ring of the Snake":0,"Runic Pyramid":17,"Potion Belt":27,"Girya":43,"Happy Flower":40,"The Specimen":38,"Golden Idol":5,"Blue Candle":20,"PreservedInsect":9,"Pen Nib":46,"Mercury Hourglass":14,"Calling Bell":34,"SlaversCollar":17,"Busted Crown":34,"Ornamental Fan":10,"Bronze Scales":11,"MutagenicStrength":24,"Art of War":37,"Toy Ornithopter":54,"Pocketwatch":25,"Meat on the Bone":48},{"Lantern":20,"Regal Pillow":37,"Singing Bowl":26,"Torii":49,"Vajra":24,"Bag of Preparation":11,"Incense Burner":20,"Whetstone":14,"Bottled Tornado":20,"Boot":41,"Nunchaku":26,"Tough Bandages":42,"Dream Catcher":48,"Pantograph":42,"MealTicket":30,"InkBottle":54,"Ring of the Snake":0,"Runic Pyramid":8,"Potion Belt":38,"Girya":48,"Happy Flower":19,"The Specimen":45,"Golden Idol":3,"Blue Candle":33,"PreservedInsect":4,"Pen Nib":51,"Mercury Hourglass":7,"Calling Bell":42,"SlaversCollar":32,"Busted Crown":15,"Ornamental Fan":27,"Bronze Scales":5,"MutagenicStrength":11,"Art of War":44,"Toy Ornithopter":23,"Pocketwatch":12,"Meat on the Bone":21},{"Lantern":79,"Regal Pillow":176,"Singing Bowl":119,"Torii":237,"Vajra":104,"Bag of Preparation":39,"Incense Burner":79,"Whetstone":47,"Bottled Tornado":79,"Boot":194,"Nunchaku":119,"Tough Bandages":201,"Dream Catcher":233,"Pantograph":201,"MealTicket":138,"InkBottle":260,"Ring of the Snake":0,"Runic Pyramid":31,"Potion Belt":181,"Girya":233,"Happy Flower":73,"The Specimen":216,"Golden Idol":9,"Blue Candle":154,"PreservedInsect":12,"Pen Nib":246,"Mercury Hourglass":23,"Calling Bell":201,"SlaversCollar":149,"Busted Crown":57,"Ornamental Fan":126,"Bronze Scales":16,"MutagenicStrength":39,"Art of War":210,"Toy Ornithopter":99,"Pocketwatch":43,"Meat on the Bone":84}],"InkBottle":[5],"Ring of the Snake":[110]},"card_choices":[{"not_picked":["Setup","All Out Attack"],"picked":"Blade Dance","floor":1.0},{"not_picked":["Deflect","Backflip"],"picked":"Crippling Poison","floor":7.0},{"not_picked":["Predator","Night Terror","Deadly Poison"],"picked":"Singing Bowl","floor":10.0},{"not_picked":["Terror","Endless Agony"],"picked":"Cloak And Dagger","floor":11.0},{"not_picked":["Escape Plan","Cloak And Dagger"],"picked":"Envenom","floor":12.0},{"not_picked":["Bouncing Flask","Bane"],"picked":"Die Die Die","floor":13.0},{"not_picked":["Outmaneuver","Concentrate","Reflex"],"picked":"Singing Bowl","floor":14.0},{"not_picked":["A Thousand Cuts","Phantasmal Killer"],"picked":"Storm of Steel","floor":16.0},{"not_picked":["Acrobatics","Dagger Throw"],"picked":"Cloak And Dagger+1","floor":18.0},{"not_picked":["Expertise+1","Dodge and Roll","Flechettes"],"picked":"Singing Bowl","floor":21.0},{"not_picked":["Outmaneuver","Dagger Throw+1","Poisoned Stab"],"picked":"Singing Bowl","floor":22.0},{"not_picked":["Underhanded Strike","Distraction"],"picked":"Blade Dance","floor":23.0},{"not_picked":["Quick Slash","Dagger Spray"],"picked":"Footwork+1","floor":25.0},{"not_picked":["Phantasmal Killer","Masterful Stab+1","Bouncing Flask"],"picked":"Singing Bowl","floor":27.0},{"not_picked":["Bane","Dagger Spray","Skewer+1"],"picked":"Singing Bowl","floor":29.0},{"not_picked":["Slice","Dagger Spray+1"],"picked":"Dodge and Roll","floor":30.0},{"not_picked":["Quick Slash+1","Dagger Throw"],"picked":"Blade Dance+1","floor":31.0},{"not_picked":["Grand Finale","Doppelganger"],"picked":"Corpse Explosion","floor":33.0},{"not_picked":["Quick Slash+1","Blade Dance","Acrobatics"],"picked":"Singing Bowl","floor":35.0},{"not_picked":["Slice","Deadly Poison","Flying Knee+1"],"picked":"Singing Bowl","floor":36.0},{"not_picked":["Well Laid Plans","Bane","Grand Finale"],"picked":"Singing Bowl","floor":38.0},{"not_picked":["Prepared+1","Blade Dance+1"],"picked":"Accuracy+1","floor":39.0},{"not_picked":["Predator","Sucker Punch","Cloak And Dagger"],"picked":"Singing Bowl","floor":41.0},{"not_picked":["Skewer","Blade Dance+1"],"picked":"Escape Plan+1","floor":42.0},{"not_picked":["Dagger Spray","Backstab+1","Tools of the Trade"],"picked":"Singing Bowl","floor":44.0},{"not_picked":["Deflect","Underhanded Strike","Deadly Poison+1"],"picked":"Singing Bowl","floor":45.0},{"not_picked":["Blade Dance","Calculated Gamble","Well Laid Plans"],"picked":"Singing Bowl","floor":46.0},{"not_picked":["Dagger Spray","Deflect","Dodge and Roll+1"],"picked":"Singing Bowl","floor":54}],"player_experience":482912,"relics_obtained":[{"floor":7.0,"key":"Nunchaku"},{"floor":9.0,"key":"Singing Bowl"},{"floor":10.0,"key":"Ornamental Fan"},{"floor":13.0,"key":"MealTicket"},{"floor":23.0,"key":"Bronze Scales"},{"floor":25.0,"key":"Regal Pillow"},{"floor":27.0,"key":"Potion Belt"},{"floor":31.0,"key":"Boot"},{"floor":34.0,"key":"PreservedInsect"},{"floor":34.0,"key":"Pantograph"},{"floor":34.0,"key":"Tough Bandages"},{"floor":38.0,"key":"The Specimen"},{"floor":42.0,"key":"Dream Catcher"},{"floor":43.0,"key":"Girya"},{"floor":44.0,"key":"Torii"},{"floor":46.0,"key":"Pen Nib"},{"floor":54,"key":"InkBottle"}],"event_choices":[{"damage_healed":0.0,"max_hp_gain":0.0,"max_hp_loss":0.0,"gold_gain":0.0,"event_name":"Golden Idol","player_choice":"Take Damage","floor":3.0,"gold_loss":0.0,"damage_taken":17.0,"relics_obtained":["Golden Idol"]},{"damage_healed":0.0,"max_hp_gain":0.0,"max_hp_loss":0.0,"gold_gain":0.0,"event_name":"Lab","player_choice":"Got Potions","floor":5.0,"gold_loss":0.0,"damage_taken":0.0},{"damage_healed":0.0,"max_hp_gain":0.0,"max_hp_loss":0.0,"gold_gain":90.0,"event_name":"Knowing Skull","player_choice":"GOLD ","floor":19.0,"potions_obtained":[],"gold_loss":0.0,"damage_taken":12.0,"cards_obtained":[]},{"damage_healed":0.0,"max_hp_gain":0.0,"max_hp_loss":0.0,"gold_gain":0.0,"event_name":"MindBloom","player_choice":"Fight","floor":38.0,"gold_loss":0.0,"damage_taken":0.0},{"cards_removed":["Parasite"],"damage_healed":0.0,"max_hp_gain":0.0,"max_hp_loss":0.0,"gold_gain":0.0,"event_name":"Purifier","player_choice":"Purged","floor":48.0,"gold_loss":0.0,"damage_taken":0.0}],"is_beta":false,"boss_relics":[{"not_picked":["Runic Pyramid","Fusion Hammer"],"picked":"SlaversCollar"},{"not_picked":["Busted Crown","Black Star"],"picked":"Calling Bell"}],"items_purged_floors":[0,0,20,37],"is_endless":false,"potions_floor_spawned":[7,10,14,23,25,27,29,33,36,39,42,45],"killed_by":"The Heart","ascension_level":5}}