{"host":"6q94iy5iz6612v89","time":1612410278,"event":{"mods":["2.2 Compatiblity","AchievementEnabler","BaseMod","Colored Map","DeckTracker","Keyboard Shortcuts","Minty Spire (QoL Compilation)","Permanent Neow","StSLib","SuperFastMode"],"gold_per_floor":[113,38,57,57,57,92,92,107,107,121,140,40,40,40,40],"floor_reached":14,"language":"KOR","playtime":212,"items_purged":["Strike_R","Strike_R"],"score":230,"play_id":"3c28ccdb-5afe-4b57-8e54-58f0a332111f","local_time":"20210204124438","is_ascension_mode":true,"campfire_choices":[{"data":"Rampage","floor":7,"key":"SMITH"}],"circlet_count":0,"master_deck":["AscendersBane","Strike_R","Strike_R","Defend_R","Defend_R","Defend_R","Defend_R","Bash","Rampage+1","Flame Barrier","True Grit","Searing Blow"],"relics":["Burning Blood","NeowsBlessing","Golden Idol","Pantograph"],"acts_visited":["Exordium"],"potions_floor_usage":[14,14],"damage_taken":[{"damage":0,"enemies":"2 Louse","floor":1,"turns":1},{"damage":0,"enemies":"Jaw Worm","floor":3,"turns":1},{"damage":0,"enemies":"Lagavulin","floor":6,"turns":1},{"damage":6,"enemies":"Cultist","floor":8,"turns":5},{"damage":9,"enemies":"Red Slaver","floor":10,"turns":3},{"damage":19,"enemies":"3 Louse","floor":11,"turns":5},{"damage":45,"enemies":"3 Sentries","floor":14,"turns":11}],"seed_played":"-1328570039084396723","potions_obtained":[{"floor":1,"key":"PowerPotion"},{"floor":6,"key":"SkillPotion"}],"is_trial":false,"path_per_floor":["M","$","M","$","?","E","R","M","T","M","M","$","?","E"],"character_chosen":"IRONCLAD","items_purchased":[],"campfire_rested":0,"item_purchase_floors":[],"current_hp_per_floor":[74,74,75,75,49,55,55,55,55,52,39,39,39,0,0],"gold":40,"neow_bonus":"THREE_ENEMY_KILL","is_daily":false,"chose_seed":false,"campfire_upgraded":1,"win_rate":0.0,"timestamp":1612410278,"path_taken":["M","$","M","$","?","E","R","M","T","M","M","$","?","E"],"items_purchased_type":[],"build_version":"2020-12-22","purchased_purges":2,"victory":false,"max_hp_per_floor":[75,75,75,75,75,75,75,75,75,75,75,75,75,75,75],"card_choices":[{"not_picked":["Entrench","Sword Boomerang"],"picked":"Rampage","floor":1},{"not_picked":["True Grit","Pummel"],"picked":"Flame Barrier","floor":3},{"not_picked":["Pummel","Flame Barrier"],"picked":"True Grit","floor":6},{"not_picked":["Searing Blow","Perfected Strike","Iron Wave"],"picked":"SKIP","floor":8},{"not_picked":["Thunderclap","Clothesline","Dark Embrace"],"picked":"SKIP","floor":10},{"not_picked":["Sever Soul","Heavy Blade","Brutality"],"picked":"SKIP","floor":11}],"player_experience":1461528,"relics_obtained":[{"floor":6,"key":"Pantograph"}],"event_choices":[{"damage_healed":0,"gold_gain":0,"player_choice":"Take Damage","damage_taken":26,"relics_obtained":["Golden Idol"],"max_hp_gain":0,"max_hp_loss":0,"event_name":"Golden Idol","floor":5,"gold_loss":0},{"damage_healed":0,"gold_gain":0,"cards_transformed":["Strike_R"],"player_choice":"Transformed","damage_taken":0,"max_hp_gain":0,"max_hp_loss":0,"event_name":"Transmorgrifier","floor":13,"gold_loss":0,"cards_obtained":["Searing Blow"]}],"is_beta":false,"boss_relics":[],"items_purged_floors":[2,12],"is_endless":false,"potions_floor_spawned":[1,6],"killed_by":"3 Sentries","ascension_level":20}}