{"host":"g2yp6paluzgljz05","time":1612428909,"event":{"mods":["BaseMod","Bestiary","Colored Powertips","DeckTracker","Highlight Path","Minty Spire (QoL Compilation)","Quick Restart"],"gold_per_floor":[130,6,0,0,39,85,85,104,104,104,4,4,4],"floor_reached":12,"language":"ENG","playtime":303,"items_purged":["Strike_R","Strike_R"],"score":114,"play_id":"ffab3839-0620-46de-afb6-c28a30212df2","local_time":"20210204195509","is_ascension_mode":true,"campfire_choices":[{"floor":7,"key":"REST"},{"data":"Bash","floor":10,"key":"SMITH"}],"circlet_count":0,"master_deck":["AscendersBane","Strike_R","Strike_R","Strike_R","Defend_R","Defend_R","Defend_R","Defend_R","Bash+1","HandOfGreed","Shrug It Off"],"relics":["Burning Blood","Letter Opener","Matryoshka"],"acts_visited":["Exordium"],"potions_floor_usage":[],"damage_taken":[{"damage":15,"enemies":"Cultist","floor":1,"turns":5},{"damage":0,"enemies":"2 Louse","floor":5,"turns":3},{"damage":33,"enemies":"Gremlin Nob","floor":6,"turns":5},{"damage":14,"enemies":"Jaw Worm","floor":8,"turns":3},{"damage":2,"enemies":"Lagavulin","floor":12,"turns":4}],"seed_played":"1313030472364929349","potions_obtained":[{"floor":1,"key":"Dexterity Potion"},{"floor":6,"key":"Fire Potion"}],"is_trial":false,"path_per_floor":["M","$","?","$","M","E","R","M","T","R","$","E"],"character_chosen":"IRONCLAD","items_purchased":["Shrug It Off"],"campfire_rested":1,"item_purchase_floors":[2],"current_hp_per_floor":[42,42,42,42,48,21,45,37,37,37,37,35,35],"gold":4,"neow_bonus":"RANDOM_COLORLESS_2","is_daily":false,"chose_seed":false,"campfire_upgraded":1,"win_rate":0.0,"timestamp":1612428909,"path_taken":["M","$","?","$","M","E","R","M","T","R","$","E"],"items_purchased_type":["Card"],"build_version":"2020-12-22","purchased_purges":2,"victory":false,"max_hp_per_floor":[80,80,80,80,80,80,80,80,80,80,80,80,80],"card_choices":[{"not_picked":["Secret Weapon","Sadistic Nature"],"picked":"HandOfGreed","floor":0},{"not_picked":["Shockwave","Anger","Reckless Charge"],"picked":"SKIP","floor":1},{"not_picked":["Feel No Pain","Flex","Sword Boomerang"],"picked":"SKIP","floor":5},{"not_picked":["Armaments","Clash","Sentinel"],"picked":"SKIP","floor":6},{"not_picked":["Cleave","Feed","Flex"],"picked":"SKIP","floor":8}],"player_experience":327863,"relics_obtained":[{"floor":6,"key":"Letter Opener"},{"floor":9,"key":"Matryoshka"}],"event_choices":[{"damage_healed":0,"gold_gain":0,"player_choice":"Left Gold","damage_taken":0,"max_hp_gain":0,"max_hp_loss":0,"event_name":"World of Goop","floor":3,"gold_loss":6}],"is_beta":false,"boss_relics":[],"items_purged_floors":[2,11],"is_endless":false,"potions_floor_spawned":[1,6],"killed_by":"Lagavulin","ascension_level":10}}