{"host":"rf8f5793azs0jd9i","time":1612422736,"event":{"mods":["AchievementEnabler","Aspiration","BaseMod","Colored Powertips","Hubris","Infinite Spire","Minty Spire (QoL Compilation)","Replay The Spire","StSLib"],"gold_per_floor":[115,126,4377,4394,4394,4425,4425,3657,3657,3657,3693,2903,2903,2949,2949,3071,3071,3110,3147,3184,3184,3229,3290,3290,3344,3397,3397,3437,3478,3478,3538,3538,3669,3669,3700,3736,3766,3790,3790,3838,3838,3838,3838,3871,3950,3950,3998,4045,4045,4163,4163,4182,4282,4382,4395,4409,4453,4453,4475,4475,4499,4499,4538,4556,4556,4556,4664,4664,4683,4688,4696,4004,4002,4026,4026,4043,4066,4066,4066,4078,4097,4100,4100,4189,4189,4193,4193,3543,3554,3569,3587,3598,3623,3674,3674,3691,3691,3697,3703,3703,3787,3787,3792,3862,3868,3879,3879,3902,3902,3914,3940,3950,3970,3180,3219,3319,3319,3409,3409,3409,3409],"floor_reached":120,"language":"ENG","playtime":5653,"items_purged":["Strike_G","Strike_G","Defend_G","Strike_G","ReplayTheSpireMod:Speed Training","Strike_G","Defend_G+1","Defend_G+1","Survivor+1"],"score":3203,"play_id":"fbfb2e77-21e3-425e-9588-643173365b7a","local_time":"20210204011216","is_ascension_mode":true,"campfire_choices":[{"data":"Infinite Blades","floor":13.0,"key":"SMITH"},{"data":"Dagger Throw","floor":15.0,"key":"SMITH"},{"data":"infinitespire:UltimateForm","floor":24.0,"key":"SMITH"},{"data":"Bane","floor":27.0,"key":"SMITH"},{"data":"Neutralize","floor":30.0,"key":"SMITH"},{"data":"Poisoned Stab","floor":32.0,"key":"SMITH"},{"data":"A Thousand Cuts","floor":41.0,"key":"SMITH"},{"data":"ReplayTheSpireMod:Scrap Shanks","floor":49.0,"key":"SMITH"},{"data":"Defend_G+3","floor":58.0,"key":"SMITH"},{"data":"Defend_G+4","floor":58.0,"key":"SMITH"},{"data":"Strike_G+1","floor":62.0,"key":"SMITH"},{"data":"Strike_G+2","floor":62.0,"key":"SMITH"},{"data":"Defend_G+1","floor":66.0,"key":"PURGE"},{"data":"Defend_G+5","floor":78.0,"key":"SMITH"},{"data":"Defend_G+6","floor":78.0,"key":"SMITH"},{"data":"Strike_G+3","floor":83.0,"key":"SMITH"},{"data":"Strike_G+4","floor":83.0,"key":"SMITH"},{"data":"Strike_G+5","floor":100.0,"key":"SMITH"},{"data":"Strike_G+6","floor":100.0,"key":"SMITH"}],"circlet_count":0,"master_deck":["Strike_G+1","Defend_G+1","Neutralize+1","Bane+1","Dagger Throw+1","Infinite Blades+1","Escape Plan+1","Terror+1","Blade Dance+1","Phantasmal Killer+1","hubris:SlightOfHand+1","Acrobatics+1","infinitespire:FutureSight+1","infinitespire:UltimateForm+1","Infinite Blades+1","infinitespire:FutureSight+1","Acrobatics+1","Outmaneuver+1","Poisoned Stab+1","ReplayTheSpireMod:Shiv Toss+1","Adrenaline+1","Finisher+1","infinitespire:Execution+1","A Thousand Cuts+1","Outmaneuver+1","ReplayTheSpireMod:Scrap Shanks+1","Footwork+1","Replay:Bag of Tricks+1","Distraction+1","infinitespire:Collect+1","After Image+1","hubris:TrickCloak+1","infinitespire:UltimateForm+1","Burst+1","Pot Of Greed+1","Pot Of Greed+1","Pot Of Greed+1","Pot Of Greed+1","Blade Dance+1","Mayhem+1","hubris:NaturalOne","Specialist+1","Distraction+1","PiercingWail+1"],"relics":["Ring of the Snake","aspiration:Nostalgia","Sizzling Blood","Matryoshka","Happy Flower","TheAbacus","aspiration:TomeofQuesting","Replay:Bandana","TwistedFunnel","InkBottle","The Specimen","Potion Belt","Replay:Baseball","Simple Rune","Toxic Egg 2","Replay:PocketPolymizer","Omamori","Toolbox","Chameleon Ring","hubris:CrackedHourglass","ClockworkSouvenir","Painkiller Herb","Replay:Bottled Eggs","Regal Pillow","infinitespire:PuzzleCube","Tiny Chest","Philosopher\u0027s Stone","Juzu Bracelet","hubris:MedicalManual","War Paint","ReplayTheSpireMod:Shallot","Oddly Smooth Stone","aspiration:VileToxins","Strange Spoon","Pantograph","Replay:WaspNest","Replay:Wax Seal","infinitespire:EmpoweringShard","Runic Dome","Replay:Wanted Poster","Quantum Egg","Replay:Arrowhead","Frozen Egg 2","Singing Bowl","Meat on the Bone","infinitespire:WardingShard","hubris:Icosahedron","Coffee Dripper","aspiration:HummingbirdHeart","Grinning Jar","Frozen Eye","infinitespire:ShieldingShard","Pet Ghost","infinitespire:Satchel","Onion Ring","Blue Candle","Busted Crown","Replay:Mystery Machine","infinitespire:Beetle Shell","Blue Doll","MealTicket","hubris:TenFootPole","aspiration:Lifesprig","Fusion Hammer","infinitespire:Broken Mirror","hubris:AncientText","Replay:Rubber Ducky","hubris:DeckOfHolding","Guide Book","hubris:64BitClover","ReplayFunnel","hubris:PeanutButter","hubris:Backtick","Gambling Chip"],"acts_visited":["Exordium","TheCity","TheBeyond","Exordium","TheCity","TheBeyond","Exordium","TheCity"],"potions_floor_usage":[],"damage_taken":[{"damage":1.0,"enemies":"Jaw Worm","floor":1.0,"turns":7.0},{"damage":2.0,"enemies":"2 Louse","floor":2.0,"turns":4.0},{"damage":0.0,"enemies":"Cultist","floor":4.0,"turns":4.0},{"damage":10.0,"enemies":"Replay:BlueRogue","floor":6.0,"turns":7.0},{"damage":0.0,"enemies":"Exordium Wildlife","floor":11.0,"turns":3.0},{"damage":1.0,"enemies":"3 Sentries","floor":14.0,"turns":6.0},{"damage":0.0,"enemies":"Slime Boss","floor":16.0,"turns":7.0},{"damage":0.0,"enemies":"2 Thieves","floor":18.0,"turns":3.0},{"damage":0.0,"enemies":"Spheric Guardian","floor":19.0,"turns":3.0},{"damage":7.0,"enemies":"Snecko","floor":20.0,"turns":3.0},{"damage":0.0,"enemies":"Centurion and Healer","floor":22.0,"turns":2.0},{"damage":0.0,"enemies":"Nightmare","floor":23.0,"turns":4.0},{"damage":0.0,"enemies":"Slavers","floor":25.0,"turns":3.0},{"damage":0.0,"enemies":"Cultist and Chosen","floor":28.0,"turns":2.0},{"damage":0.0,"enemies":"Sentry and Sphere","floor":29.0,"turns":3.0},{"damage":15.0,"enemies":"Replay:Snechameleon","floor":31.0,"turns":3.0},{"damage":18.0,"enemies":"hubris:MusketHawk","floor":33.0,"turns":4.0},{"damage":0.0,"enemies":"3 Darklings","floor":35.0,"turns":2.0},{"damage":6.0,"enemies":"3 Shapes","floor":36.0,"turns":2.0},{"damage":0.0,"enemies":"Transient","floor":37.0,"turns":5.0},{"damage":0.0,"enemies":"Nightmare","floor":40.0,"turns":1.0},{"damage":0.0,"enemies":"Maw","floor":44.0,"turns":3.0},{"damage":0.0,"enemies":"R_Hoarder","floor":45.0,"turns":4.0},{"damage":0.0,"enemies":"Reptomancer","floor":47.0,"turns":3.0},{"damage":10.0,"enemies":"4 Shapes","floor":48.0,"turns":2.0},{"damage":0.0,"enemies":"hubris:GrandSnecko","floor":50.0,"turns":4.0},{"damage":0.0,"enemies":"Jaw Worm","floor":52.0,"turns":1.0},{"damage":0.0,"enemies":"2 Louse","floor":55.0,"turns":1.0},{"damage":0.0,"enemies":"Cultist","floor":56.0,"turns":1.0},{"damage":0.0,"enemies":"3 Sentries","floor":57.0,"turns":2.0},{"damage":0.0,"enemies":"Lagavulin","floor":59.0,"turns":2.0},{"damage":0.0,"enemies":"Gremlin Nob","floor":61.0,"turns":2.0},{"damage":0.0,"enemies":"Lagavulin","floor":63.0,"turns":1.0},{"damage":0.0,"enemies":"Exordium Wildlife","floor":64.0,"turns":1.0},{"damage":3.0,"enemies":"The Guardian","floor":67.0,"turns":3.0},{"damage":0.0,"enemies":"2 Thieves","floor":69.0,"turns":1.0},{"damage":0.0,"enemies":"3 Byrds","floor":70.0,"turns":2.0},{"damage":21.0,"enemies":"Centurion and Healer","floor":71.0,"turns":2.0},{"damage":0.0,"enemies":"Shelled Parasite and Fungi","floor":73.0,"turns":1.0},{"damage":0.0,"enemies":"Book of Stabbing","floor":74.0,"turns":2.0},{"damage":0.0,"enemies":"Replay:Snechameleon","floor":76.0,"turns":1.0},{"damage":0.0,"enemies":"Snake Plant","floor":80.0,"turns":1.0},{"damage":0.0,"enemies":"Gremlin Leader","floor":81.0,"turns":1.0},{"damage":0.0,"enemies":"Chosen and Byrds","floor":82.0,"turns":1.0},{"damage":0.0,"enemies":"Champ","floor":84.0,"turns":1.0},{"damage":0.0,"enemies":"Orb Walker","floor":86.0,"turns":2.0},{"damage":4.0,"enemies":"3 Shapes","floor":89.0,"turns":2.0},{"damage":0.0,"enemies":"Jaw Worm Horde","floor":90.0,"turns":1.0},{"damage":0.0,"enemies":"R_Hoarder","floor":91.0,"turns":2.0},{"damage":0.0,"enemies":"Maw","floor":92.0,"turns":2.0},{"damage":0.0,"enemies":"Giant Head","floor":93.0,"turns":2.0},{"damage":0.0,"enemies":"R_Hoarder","floor":96.0,"turns":3.0},{"damage":0.0,"enemies":"4 Shapes","floor":98.0,"turns":1.0},{"damage":0.0,"enemies":"Spire Growth","floor":99.0,"turns":2.0},{"damage":0.0,"enemies":"Replay:Hell Engine","floor":101.0,"turns":3.0},{"damage":0.0,"enemies":"Jaw Worm","floor":103.0,"turns":1.0},{"damage":0.0,"enemies":"2 Louse","floor":105.0,"turns":1.0},{"damage":0.0,"enemies":"Cultist","floor":106.0,"turns":1.0},{"damage":0.0,"enemies":"Gremlin Nob","floor":108.0,"turns":2.0},{"damage":0.0,"enemies":"Large Slime","floor":110.0,"turns":1.0},{"damage":0.0,"enemies":"Exordium Wildlife","floor":112.0,"turns":1.0},{"damage":0.0,"enemies":"Lagavulin","floor":113.0,"turns":2.0},{"damage":0.0,"enemies":"Nightmare","floor":115.0,"turns":3.0},{"damage":0.0,"enemies":"Fading Forest","floor":118.0,"turns":3.0},{"damage":0,"enemies":"Spheric Guardian","floor":120,"turns":1}],"seed_played":"1647420316696840050","potions_obtained":[{"floor":2.0,"key":"Explosive Potion"},{"floor":4.0,"key":"Block Potion"},{"floor":16.0,"key":"Strength Potion"},{"floor":18.0,"key":"Swift Potion"},{"floor":20.0,"key":"CultistPotion"},{"floor":29.0,"key":"Block Potion"},{"floor":50.0,"key":"AttackPotion"},{"floor":56.0,"key":"Block Potion"},{"floor":67.0,"key":"Toxic Potion"},{"floor":73.0,"key":"CunningPotion"},{"floor":74.0,"key":"Energy Potion"},{"floor":105.0,"key":"Weak Potion"},{"floor":106.0,"key":"Flashbang"},{"floor":109.0,"key":"FairyPotion"},{"floor":109.0,"key":"Adrenaline Potion"},{"floor":112.0,"key":"DistilledChaos"},{"floor":117.0,"key":"Fire Potion"},{"floor":117.0,"key":"Adrenaline Potion"}],"is_trial":false,"path_per_floor":["M","M","$","M","?","E","?","$","T","T","M","$","R","E","R","B",null,"M","M","M","AVR","?","NM","T","E","T","T","?","?","T","E","T","B",null,"?","?","?","T","?","NM","T","T","T","?","E","T","E","?","T","B",null,"?","?","AVR","?","?","E","T","E","T","E","T","E","?","?","T","B",null,"?","?","?","T","?","E","?","E","T","T","T","?","E","?","T","B",null,"?","?","T","?","?","E","?","E","T","?","E","?","?","?","T","B",null,"?","T","?","?","?","E","T","?","T","?","E","T","NM","?","T","B",null,"?"],"character_chosen":"THE_SILENT","items_purchased":["Infinite Blades","Matryoshka","Happy Flower","TheAbacus","TwistedFunnel","InkBottle","The Specimen","Replay:PocketPolymizer","Omamori","Toolbox","Terror+1","War Paint","ReplayTheSpireMod:Shallot","Oddly Smooth Stone","aspiration:VileToxins","Strange Spoon","aspiration:HummingbirdHeart","Grinning Jar","Frozen Eye","Replay:Mystery Machine","infinitespire:Beetle Shell","Mayhem+1","Guide Book","hubris:64BitClover","ReplayFunnel"],"campfire_rested":0,"item_purchase_floors":[3,3,3,3,8,8,8,12,12,12,12,42,42,42,42,42,72,72,72,88,88,88,114,114,114],"current_hp_per_floor":[74,74,74,74,74,68,68,68,68,68,72,72,72,74,74,74,74,74,74,71,71,74,74,74,74,74,74,74,74,74,63,63,49,74,74,72,74,74,74,74,74,14,14,18,22,22,26,20,20,49,74,74,74,74,74,74,74,74,74,74,74,74,76,76,76,76,76,76,78,80,65,65,71,75,59,65,65,65,65,71,77,83,83,99,99,101,101,101,103,105,107,109,111,111,111,111,111,113,115,115,117,117,119,119,121,123,111,117,117,121,121,127,129,129,131,131,131,133,133,133,133],"gold":3409,"neow_bonus":"NOSTALGIA","is_daily":false,"chose_seed":false,"campfire_upgraded":18,"win_rate":0.0,"timestamp":1612422736,"path_taken":["M","M","$","M","?","E","?","?","T","?","M","$","R","E","R","BOSS","M","M","M","AVR","?","NM","T","E","T","T","?","?","T","E","T","BOSS","?","?","?","?","?","NM","T","?","T","?","E","?","E","?","T","BOSS","?","?","AVR","?","?","E","T","E","T","E","T","E","?","?","T","BOSS","?","?","?","T","?","E","?","E","T","T","?","?","E","?","T","BOSS","?","?","T","?","?","E","?","E","T","?","E","?","?","?","T","BOSS","?","?","?","?","?","E","T","?","T","?","E","?","NM","?","T","BOSS","?"],"items_purchased_type":["Card","Relic","Relic","Relic","Relic","Relic","Relic","Relic","Relic","Relic","Card","Relic","Relic","Relic","Relic","Relic","Relic","Relic","Relic","Relic","Relic","Card","Relic","Relic","Relic"],"build_version":"2020-12-22","purchased_purges":9,"victory":false,"max_hp_per_floor":[74,74,74,74,74,74,74,74,74,74,74,74,74,74,74,74,74,74,74,74,74,74,74,74,74,74,74,74,74,74,74,74,74,74,74,74,74,74,74,74,74,74,74,74,74,74,74,74,74,74,74,74,74,74,74,74,74,74,74,74,74,74,76,76,76,76,76,76,78,80,82,82,84,84,89,91,91,91,91,93,95,97,97,99,99,101,101,101,103,105,107,109,111,111,111,111,111,113,115,115,117,117,119,119,121,123,123,125,125,125,125,127,129,129,131,131,131,133,133,133,133],"card_choices":[{"not_picked":["Bouncing Flask","Crippling Poison"],"picked":"Bane","floor":1.0},{"not_picked":["Blade Dance","Masterful Stab"],"picked":"Dagger Throw","floor":2.0},{"not_picked":["Underhanded Strike","Riddle With Holes","Deadly Poison"],"picked":"SKIP","floor":4.0},{"not_picked":["Flying Knee","Poisoned Stab"],"picked":"ReplayTheSpireMod:Speed Training","floor":6.0},{"not_picked":["PiercingWail+1","Deadly Poison+1"],"picked":"Escape Plan+1","floor":11.0},{"not_picked":["Calculated Gamble+1","Atom Bomb"],"picked":"Blade Dance+1","floor":14.0},{"not_picked":["Atom Bomb","Glass Knife"],"picked":"Phantasmal Killer+1","floor":16.0},{"not_picked":["Dodge and Roll+1","Predator"],"picked":"hubris:SlightOfHand+1","floor":18.0},{"not_picked":["hubris:SlightOfHand+1","Draining Mist+1"],"picked":"Quick Slash+1","floor":19.0},{"not_picked":["Crippling Poison+1","Bane"],"picked":"Acrobatics+1","floor":20.0},{"not_picked":["ReplayTheSpireMod:Tripwire+1","Dagger Throw+1"],"picked":"Infinite Blades+1","floor":22.0},{"not_picked":["infinitespire:DeathsTouch","infinitespire:UltimateForm"],"picked":"infinitespire:FutureSight","floor":23.0},{"not_picked":["Quick Slash","Dodge and Roll+1"],"picked":"Acrobatics+1","floor":23.0},{"not_picked":["Flying Knee","Backflip+1"],"picked":"Outmaneuver+1","floor":25.0},{"not_picked":["Caltrops+1","Flechettes"],"picked":"Poisoned Stab","floor":28.0},{"not_picked":["Burst+1","Bouncing Flask+1"],"picked":"ReplayTheSpireMod:Shiv Toss+1","floor":29.0},{"not_picked":["Sucker Punch","Dash+1","ReplayTheSpireMod:Tripwire+1"],"picked":"SKIP","floor":31.0},{"not_picked":["Replay:Bag of Tricks+1","Poison Darts+1"],"picked":"Adrenaline+1","floor":33.0},{"not_picked":["Deflect+1","Prepared+1","Sucker Punch+1"],"picked":"SKIP","floor":35.0},{"not_picked":["Skewer+1","Deflect+1","PiercingWail+1"],"picked":"SKIP","floor":36.0},{"not_picked":["Skewer+1","Deflect+1","PiercingWail+1"],"picked":"SKIP","floor":36.0},{"not_picked":["Dagger Spray+1","ReplayTheSpireMod:Speed Training+1"],"picked":"Finisher+1","floor":37.0},{"not_picked":["infinitespire:DeathsTouch","infinitespire:UltimateForm"],"picked":"infinitespire:Execution","floor":39.0},{"not_picked":["Prepared+1","ReplayTheSpireMod:Tripwire+1"],"picked":"A Thousand Cuts","floor":40.0},{"not_picked":["Blur+1","Deflect+1"],"picked":"Outmaneuver+1","floor":44.0},{"not_picked":["Bane","Dodge and Roll+1","Dagger Throw+1"],"picked":"SKIP","floor":45.0},{"not_picked":["Night Terror+1","Draining Mist+1"],"picked":"ReplayTheSpireMod:Scrap Shanks","floor":47.0},{"not_picked":["Deflect+1","Prepared+1"],"picked":"Footwork+1","floor":48.0},{"not_picked":["Doppelganger+1","Bullet Time+1"],"picked":"Replay:Bag of Tricks+1","floor":50.0},{"not_picked":["Fluid Movement","Deflect+1"],"picked":"Distraction+1","floor":52.0},{"not_picked":["Backstab","Caltrops","Underhanded Strike"],"picked":"SKIP","floor":55.0},{"not_picked":["Backstab","Caltrops","Underhanded Strike"],"picked":"SKIP","floor":55.0},{"not_picked":["Predator","Flying Knee","hubris:SlightOfHand+1"],"picked":"SKIP","floor":56.0},{"not_picked":["Escape Plan+1","Poisoned Stab","Bane"],"picked":"SKIP","floor":57.0},{"not_picked":["Dagger Throw","Deadly Poison+1","Glass Knife"],"picked":"SKIP","floor":59.0},{"not_picked":["Dagger Spray","Calculated Gamble+1"],"picked":"After Image+1","floor":61.0},{"not_picked":["Prepared+1","Riddle With Holes","Reflex+1"],"picked":"Singing Bowl","floor":63.0},{"not_picked":["Sucker Punch","Leg Sweep+1"],"picked":"hubris:TrickCloak+1","floor":64.0},{"not_picked":["infinitespire:TheBestDefense","infinitespire:SevenWalls"],"picked":"infinitespire:UltimateForm","floor":67.0},{"not_picked":["Envenom+1","Poison Darts+1"],"picked":"Burst+1","floor":67.0},{"not_picked":["Heel Hook","Sucker Punch","Outmaneuver+1"],"picked":"Singing Bowl","floor":69.0},{"not_picked":["Quick Slash","ReplayTheSpireMod:The Works+1","Noxious Fumes+1"],"picked":"Singing Bowl","floor":70.0},{"not_picked":["Outmaneuver+1","ReplayTheSpireMod:Exploit Weakness+1","ReplayTheSpireMod:Speed Training+1"],"picked":"Singing Bowl","floor":71.0},{"not_picked":["Crippling Poison+1","Dash","Slice"],"picked":"Singing Bowl","floor":73.0},{"not_picked":["Replay:Bag of Tricks+1","Escape Plan+1"],"picked":"Blade Dance+1","floor":74.0},{"not_picked":["Leg Sweep+1","Replay:Poison Smokescreen+1","Bane+1"],"picked":"Singing Bowl","floor":76.0},{"not_picked":["Sucker Punch","Prepared+1","Backflip+1"],"picked":"Singing Bowl","floor":80.0},{"not_picked":["Malaise+1","Hidden Blade+1","Caltrops+1"],"picked":"Singing Bowl","floor":81.0},{"not_picked":["Flying Knee","Predator","Outmaneuver+1"],"picked":"Singing Bowl","floor":82.0},{"not_picked":["Envenom+1","Night Terror+1","Phantasmal Killer+1"],"picked":"Singing Bowl","floor":84.0},{"not_picked":["Poisoned Stab+1"],"picked":"Singing Bowl","floor":86.0},{"not_picked":["Replay:Poison Smokescreen+1"],"picked":"Singing Bowl","floor":89.0},{"not_picked":["Finisher+1"],"picked":"Singing Bowl","floor":90.0},{"not_picked":["Hidden Blade+1"],"picked":"Singing Bowl","floor":91.0},{"not_picked":["Backflip+1"],"picked":"Singing Bowl","floor":92.0},{"not_picked":["ReplayTheSpireMod:Necrosis+1"],"picked":"Singing Bowl","floor":93.0},{"not_picked":[],"picked":"Specialist+1","floor":95.0},{"not_picked":[],"picked":"Distraction+1","floor":96.0},{"not_picked":["Bane+1"],"picked":"Singing Bowl","floor":98.0},{"not_picked":["hubris:Counter+1"],"picked":"Singing Bowl","floor":99.0},{"not_picked":["Glass Knife"],"picked":"Singing Bowl","floor":101.0},{"not_picked":["Prepared+1"],"picked":"Singing Bowl","floor":103.0},{"not_picked":["Finisher"],"picked":"Singing Bowl","floor":105.0},{"not_picked":["Underhanded Strike"],"picked":"Singing Bowl","floor":106.0},{"not_picked":["Blur+1"],"picked":"Singing Bowl","floor":108.0},{"not_picked":[],"picked":"PiercingWail+1","floor":110.0},{"not_picked":["Sucker Punch"],"picked":"Singing Bowl","floor":112.0},{"not_picked":["Sucker Punch"],"picked":"Singing Bowl","floor":113.0},{"not_picked":["hubris:SlightOfHand+1"],"picked":"Singing Bowl","floor":115.0},{"not_picked":["Envenom+1"],"picked":"Singing Bowl","floor":118.0}],"player_experience":24757,"relics_obtained":[{"floor":6.0,"key":"aspiration:TomeofQuesting"},{"floor":7.0,"key":"Replay:Bandana"},{"floor":9.0,"key":"Potion Belt"},{"floor":9.0,"key":"Replay:Baseball"},{"floor":10.0,"key":"Simple Rune"},{"floor":10.0,"key":"Toxic Egg 2"},{"floor":14.0,"key":"Chameleon Ring"},{"floor":23.0,"key":"Replay:Bottled Eggs"},{"floor":25.0,"key":"Regal Pillow"},{"floor":26.0,"key":"infinitespire:PuzzleCube"},{"floor":31.0,"key":"Tiny Chest"},{"floor":38.0,"key":"Juzu Bracelet"},{"floor":40.0,"key":"hubris:MedicalManual"},{"floor":43.0,"key":"Pantograph"},{"floor":45.0,"key":"Replay:WaspNest"},{"floor":46.0,"key":"Replay:Wax Seal"},{"floor":47.0,"key":"infinitespire:EmpoweringShard"},{"floor":57.0,"key":"Replay:Arrowhead"},{"floor":59.0,"key":"Frozen Egg 2"},{"floor":60.0,"key":"Singing Bowl"},{"floor":61.0,"key":"Meat on the Bone"},{"floor":63.0,"key":"infinitespire:WardingShard"},{"floor":74.0,"key":"infinitespire:ShieldingShard"},{"floor":76.0,"key":"Pet Ghost"},{"floor":77.0,"key":"infinitespire:Satchel"},{"floor":79.0,"key":"Onion Ring"},{"floor":81.0,"key":"Blue Candle"},{"floor":91.0,"key":"Blue Doll"},{"floor":93.0,"key":"MealTicket"},{"floor":94.0,"key":"hubris:TenFootPole"},{"floor":96.0,"key":"aspiration:Lifesprig"},{"floor":104.0,"key":"infinitespire:Broken Mirror"},{"floor":108.0,"key":"hubris:AncientText"},{"floor":111.0,"key":"Replay:Rubber Ducky"},{"floor":113.0,"key":"hubris:DeckOfHolding"},{"floor":115.0,"key":"hubris:PeanutButter"}],"event_choices":[{"damage_healed":0.0,"max_hp_gain":0.0,"max_hp_loss":0.0,"gold_gain":0.0,"event_name":"Liars Game","player_choice":"Ignored","floor":5.0,"gold_loss":0.0,"damage_taken":0.0},{"damage_healed":0.0,"max_hp_gain":0.0,"max_hp_loss":0.0,"gold_gain":100.0,"event_name":"Golden Shrine","player_choice":"Pray","floor":53.0,"gold_loss":0.0,"damage_taken":0.0},{"damage_healed":0.0,"max_hp_gain":5.0,"max_hp_loss":0.0,"gold_gain":0.0,"event_name":"Forgotten Altar","player_choice":"Shed Blood","floor":75.0,"gold_loss":0.0,"damage_taken":21.0},{"cards_removed":["Quick Slash"],"damage_healed":0.0,"max_hp_gain":0.0,"max_hp_loss":0.0,"gold_gain":0.0,"event_name":"Falling","player_choice":"Removed Attack","floor":87.0,"gold_loss":0.0,"damage_taken":0.0},{"damage_healed":0.0,"max_hp_gain":0.0,"max_hp_loss":0.0,"gold_gain":0.0,"event_name":"SensoryStone","player_choice":"Memory 1","floor":95.0,"gold_loss":0.0,"damage_taken":0.0},{"damage_healed":0.0,"max_hp_gain":0.0,"max_hp_loss":0.0,"gold_gain":0.0,"event_name":"Match and Keep!","player_choice":"0 cards matched","floor":97.0,"gold_loss":0.0,"damage_taken":0.0,"cards_obtained":[]},{"damage_healed":0.0,"max_hp_gain":0.0,"max_hp_loss":0.0,"gold_gain":0.0,"event_name":"Shining Light","player_choice":"Entered Light","floor":107.0,"gold_loss":0.0,"damage_taken":25.0,"cards_upgraded":["Strike_G","Defend_G"]},{"damage_healed":0.0,"max_hp_gain":0.0,"max_hp_loss":0.0,"gold_gain":100.0,"event_name":"Golden Shrine","player_choice":"Pray","floor":116.0,"gold_loss":0.0,"damage_taken":0.0}],"is_beta":false,"boss_relics":[{"not_picked":["Honey Jar","Tiny House"],"picked":"hubris:CrackedHourglass"},{"not_picked":["Abe\u0027s Treasure","Astrolabe"],"picked":"Philosopher\u0027s Stone"},{"not_picked":["hubris:TerracottaHorce","ReplayTheSpireMod:SealedPack"],"picked":"Runic Dome"},{"not_picked":["ChewingGum","ReplayTheSpireMod:SealedPack"],"picked":"Coffee Dripper"},{"not_picked":["Honey Jar","Runic Pyramid"],"picked":"Busted Crown"},{"not_picked":["hubris:HollowSoul","Snecko Heart"],"picked":"Fusion Hammer"},{"not_picked":["Kintsugi","aspiration:DefectSkillbook"],"picked":"hubris:Backtick"}],"items_purged_floors":[3,8,12,21,42,54,72,88,114],"is_endless":true,"potions_floor_spawned":[2,4,16,18,20,29,33,36,40,50,56,59,61,67,73,74,80,81,84,86,89,92,93,98,105,106,112,115],"killed_by":"Spheric Guardian","ascension_level":1}}