{"host":"3y2rtlgteqp2nuo3","time":1612445295,"event":{"mods":["2.2 Compatiblity","AchievementEnabler","BaseMod","Colored Map","DeckTracker","Highlight Path","Keyboard Shortcuts","Minty Spire (QoL Compilation)","Permanent Neow","Quick Restart","StSLib","SuperFastMode","everything is the same but u backflip on backflip"],"gold_per_floor":[109,123,138,114,125,125,158,173,173,187,207,207,227,171,171,171,171],"floor_reached":16,"language":"KOR","playtime":467,"items_purged":[],"score":200,"play_id":"f1c33e50-5483-4244-b1ab-c980bcb8b03d","local_time":"20210204222815","is_ascension_mode":true,"campfire_choices":[{"floor":6.0,"key":"REST"},{"floor":12.0,"key":"REST"},{"floor":15.0,"key":"REST"}],"circlet_count":0,"master_deck":["AscendersBane","Strike_G","Strike_G","Strike_G","Strike_G","Defend_G","Defend_G","Defend_G","Defend_G","Defend_G","Survivor","Neutralize","Expertise","Deadly Poison","Poisoned Stab","Backflip","Leg Sweep","Bouncing Flask","Escape Plan"],"relics":["Ring of the Snake","Strawberry","Gambling Chip"],"acts_visited":["Exordium"],"potions_floor_usage":[16],"damage_taken":[{"damage":7.0,"enemies":"Jaw Worm","floor":1.0,"turns":6.0},{"damage":7.0,"enemies":"Small Slimes","floor":2.0,"turns":5.0},{"damage":4.0,"enemies":"Cultist","floor":3.0,"turns":4.0},{"damage":5.0,"enemies":"Exordium Thugs","floor":4.0,"turns":4.0},{"damage":12.0,"enemies":"3 Louse","floor":5.0,"turns":4.0},{"damage":29.0,"enemies":"Lagavulin","floor":7.0,"turns":7.0},{"damage":9.0,"enemies":"Exordium Wildlife","floor":8.0,"turns":7.0},{"damage":1.0,"enemies":"Blue Slaver","floor":10.0,"turns":4.0},{"damage":3.0,"enemies":"3 Louse","floor":11.0,"turns":7.0},{"damage":12.0,"enemies":"Exordium Wildlife","floor":13.0,"turns":4.0},{"damage":70,"enemies":"Slime Boss","floor":16,"turns":12}],"seed_played":"-9001131160224773090","potions_obtained":[{"floor":2.0,"key":"SpeedPotion"},{"floor":4.0,"key":"Weak Potion"},{"floor":8.0,"key":"FairyPotion"},{"floor":10.0,"key":"Dexterity Potion"}],"is_trial":false,"path_per_floor":["M","M","M","M","M","R","E","M","T","M","M","R","M","?","R","B"],"character_chosen":"THE_SILENT","items_purchased":[],"campfire_rested":3,"item_purchase_floors":[],"current_hp_per_floor":[52,45,41,36,24,43,21,12,12,11,8,29,17,17,38,0,0],"gold":171,"neow_bonus":"TRANSFORM_CARD","is_daily":false,"chose_seed":false,"campfire_upgraded":0,"win_rate":0.0,"timestamp":1612445295,"path_taken":["M","M","M","M","M","R","E","M","T","M","M","R","M","?","R","BOSS"],"items_purchased_type":[],"build_version":"2020-12-22","purchased_purges":0,"victory":false,"max_hp_per_floor":[66,66,66,66,66,66,73,73,73,73,73,73,73,73,73,73,73],"card_choices":[{"not_picked":["Prepared","Cloak And Dagger"],"picked":"Deadly Poison","floor":1.0},{"not_picked":["Backflip","Finisher"],"picked":"Poisoned Stab","floor":2.0},{"not_picked":["Sucker Punch","PiercingWail","Poisoned Stab"],"picked":"SKIP","floor":3.0},{"not_picked":["Underhanded Strike","A Thousand Cuts","Finisher"],"picked":"SKIP","floor":4.0},{"not_picked":["Reflex","Accuracy"],"picked":"Backflip","floor":5.0},{"not_picked":["Slice","Finisher","Distraction"],"picked":"SKIP","floor":7.0},{"not_picked":["Prepared","PiercingWail"],"picked":"Leg Sweep","floor":8.0},{"not_picked":["Cloak And Dagger","Accuracy"],"picked":"Bouncing Flask","floor":10.0},{"not_picked":["Caltrops","Dagger Throw"],"picked":"Escape Plan","floor":11.0},{"not_picked":["Eviscerate","Dagger Throw","Deflect"],"picked":"SKIP","floor":13.0}],"player_experience":752210,"relics_obtained":[{"floor":7.0,"key":"Strawberry"},{"floor":9.0,"key":"Gambling Chip"}],"event_choices":[{"damage_healed":0.0,"max_hp_gain":0.0,"max_hp_loss":0.0,"gold_gain":0.0,"event_name":"World of Goop","player_choice":"Left Gold","floor":14.0,"gold_loss":56.0,"damage_taken":0.0}],"is_beta":false,"boss_relics":[],"items_purged_floors":[],"is_endless":false,"potions_floor_spawned":[2,4,8,10],"killed_by":"Slime Boss","ascension_level":17}}