{"host":"6p0attdrtjqaih7v","time":1612416914,"event":{"mods":["2.2 Compatiblity","AchievementEnabler","Bard","BaseMod","Better Skull","Better Third Choice","Colored Powertips","Downfall","Hermit","Highlight Path","Key Reminder","Minty Spire (QoL Compilation)","Permanent Neow","Quick Restart","Random Character Button","Relic Stats","Replay The Spire","Robot Space Explorer","StSLib","The Witch"],"gold_per_floor":[119,74,86,86,99,133,133,145,145,14,14,24,24,41,41,138,138,153,153,164,178,28,58,58,87,87,87,87,186,196,216,216,320,320,338,338,354,354,366,366,398,417,444,60,72,104,104,118,118,118],"floor_reached":51,"language":"ENG","playtime":3146,"items_purged":["Strike_Witch","Foresight"],"score":899,"play_id":"16dd6c26-e824-4a54-bdb2-ca5286cd8753","local_time":"20210204003514","is_ascension_mode":true,"campfire_choices":[{"data":"Replay:Bag of Tricks","floor":7,"key":"SMITH"},{"data":"Bewitch","floor":13,"key":"SMITH"},{"data":"Schadenfreude","floor":15,"key":"SMITH"},{"data":"StrangeBrew","floor":24,"key":"SMITH"},{"data":"Decrepify","floor":27,"key":"SMITH"},{"floor":32,"key":"REST"},{"floor":40,"key":"REST"},{"floor":49,"key":"REST"}],"circlet_count":0,"master_deck":["Hexguard","ZombieSpit","SkullFlask","KarmaDrain","Schadenfreude+1","Replay:Bag of Tricks+1","Bewitch+1","DireShriek","SummonOwlFamiliar+1","Decrepify+1","MagicFang","StrangeBrew+1","NighInvulnerability","CorruptBlood+1","PainBolt+1","KarmaDrain","Replay:Bag of Tricks+1","Shrooms","Athame","GrimVengeance+1","Shrooms+1","VileEgg","Intelligence","BoneCarving","Shrooms","Puncture","BleedOut+1","GnarledBody+1","Harmlessness","Apotheosis","SummonOwlFamiliar+1","Writhe"],"relics":["BlackCat","Toy Ornithopter","sneckomod:BlankCard","Astrolabe","Gremlin Horn","Darkstone Periapt","keyreminder:keyreminder","Replay:Grab Bag","Philosopher\u0027s Stone","Pandora\u0027s Box","Bronze Scales","PreservedInsect","Strawberry","ReplayTheSpireMod:ShopPack","Guardian:PocketSentry"],"acts_visited":["Exordium","TheCity","TheBeyond"],"potions_floor_usage":[6,16,25,39,50,50,50],"damage_taken":[{"damage":8,"enemies":"Jaw Worm","floor":1,"turns":5},{"damage":0,"enemies":"2 Louse","floor":3,"turns":2},{"damage":0,"enemies":"Cultist","floor":5,"turns":3},{"damage":1,"enemies":"Lagavulin","floor":6,"turns":6},{"damage":2,"enemies":"Blue Slaver","floor":8,"turns":4},{"damage":0,"enemies":"Looter","floor":12,"turns":2},{"damage":1,"enemies":"Exordium Thugs","floor":14,"turns":4},{"damage":6,"enemies":"The Guardian","floor":16,"turns":11},{"damage":0,"enemies":"Shell Parasite","floor":18,"turns":4},{"damage":0,"enemies":"Spheric Guardian","floor":20,"turns":2},{"damage":3,"enemies":"3 Cultists","floor":21,"turns":5},{"damage":22,"enemies":"Replay:Snechameleon","floor":23,"turns":7},{"damage":4,"enemies":"Gremlin Leader","floor":25,"turns":8},{"damage":19,"enemies":"Snake Plant","floor":30,"turns":6},{"damage":5,"enemies":"Shelled Parasite and Fungi","floor":31,"turns":3},{"damage":4,"enemies":"Champ","floor":33,"turns":8},{"damage":36,"enemies":"3 Shapes","floor":35,"turns":6},{"damage":0,"enemies":"Orb Walker","floor":37,"turns":2},{"damage":22,"enemies":"3 Darklings","floor":39,"turns":4},{"damage":9,"enemies":"Reptomancer","floor":41,"turns":5},{"damage":0,"enemies":"Jaw Worm Horde","floor":42,"turns":2},{"damage":20,"enemies":"Spire Growth","floor":45,"turns":5},{"damage":2,"enemies":"Giant Head","floor":46,"turns":6},{"damage":0,"enemies":"Sphere and 2 Shapes","floor":48,"turns":5},{"damage":28,"enemies":"Donu and Deca","floor":50,"turns":7}],"seed_played":"2892408749015532080","potions_obtained":[{"floor":0,"key":"CultistPotion"},{"floor":0,"key":"Toxic Potion"},{"floor":1,"key":"AttackPotion"},{"floor":5,"key":"Fire Potion"},{"floor":18,"key":"DistilledChaos"},{"floor":25,"key":"AttackPotion"},{"floor":33,"key":"EssenceOfSteel"},{"floor":37,"key":"Strength Potion"},{"floor":41,"key":"Block Potion"}],"is_trial":false,"path_per_floor":["M","$","M","?","M","E","R","M","T","$","?","M","R","M","R","B",null,"M","?","M","M","$","E","R","E","T","R","?","?","M","M","R","B",null,"M","?","M","?","M","R","E","M","T","$","M","E","?","M","R","B",null],"character_chosen":"WITCH","items_purchased":["KarmaDrain","SummonCatFamiliar","AttackPotion","Venom Potion","Strawberry","ReplayTheSpireMod:ShopPack"],"campfire_rested":3,"item_purchase_floors":[2,10,10,22,44,44],"current_hp_per_floor":[59,59,59,27,27,31,31,29,29,29,29,29,29,28,28,27,57,57,57,57,54,54,32,32,33,33,33,33,33,14,9,29,25,57,24,18,21,21,7,27,21,24,24,31,14,17,42,45,69,59],"gold":118,"neow_bonus":"THREE_SMALL_POTIONS","is_daily":false,"chose_seed":false,"campfire_upgraded":5,"win_rate":0.0,"timestamp":1612416914,"path_taken":["M","$","M","?","M","E","R","M","T","$","?","M","R","M","R","BOSS","M","?","M","?","$","E","R","E","T","R","?","?","M","?","R","BOSS","M","?","?","?","M","R","E","M","T","$","M","E","?","M","R","BOSS"],"items_purchased_type":["Card","Card","Potion","Potion","Relic","Relic"],"build_version":"2020-12-22","purchased_purges":2,"victory":true,"max_hp_per_floor":[67,67,67,67,67,67,67,67,67,67,67,67,67,67,67,67,67,67,67,67,67,67,67,67,67,67,67,67,67,67,67,67,67,67,67,67,67,67,67,67,67,67,67,74,74,74,80,80,80,80],"relic_stats":{"Darkstone Periapt":6,"Gremlin Horn":[20,20],"counters":[25,122],"Astrolabe":["NighInvulnerability","CorruptBlood","PainBolt"],"Bronze Scales":[48],"Pandora\u0027s Box":["Foresight","Intelligence","BoneCarving","Shrooms"],"PreservedInsect":125,"obtain_stats":[{"Darkstone Periapt":25,"Gremlin Horn":23,"sneckomod:BlankCard":9,"Astrolabe":17,"Replay:Grab Bag":34,"PreservedInsect":43,"Guardian:PocketSentry":46,"BlackCat":0,"keyreminder:keyreminder":26,"Bronze Scales":41,"Strawberry":44,"Philosopher\u0027s Stone":34,"Pandora\u0027s Box":34,"Toy Ornithopter":4,"ReplayTheSpireMod:ShopPack":44},{"Darkstone Periapt":13,"Gremlin Horn":12,"sneckomod:BlankCard":5,"Astrolabe":8,"Replay:Grab Bag":16,"PreservedInsect":21,"Guardian:PocketSentry":23,"BlackCat":0,"keyreminder:keyreminder":13,"Bronze Scales":20,"Strawberry":21,"Philosopher\u0027s Stone":16,"Pandora\u0027s Box":16,"Toy Ornithopter":2,"ReplayTheSpireMod:ShopPack":21},{"Darkstone Periapt":63,"Gremlin Horn":55,"sneckomod:BlankCard":20,"Astrolabe":37,"Replay:Grab Bag":80,"PreservedInsect":99,"Guardian:PocketSentry":110,"BlackCat":0,"keyreminder:keyreminder":63,"Bronze Scales":97,"Strawberry":99,"Philosopher\u0027s Stone":80,"Pandora\u0027s Box":80,"Toy Ornithopter":7,"ReplayTheSpireMod:ShopPack":99}],"Toy Ornithopter":35},"card_choices":[{"not_picked":["Shrooms","SaltCircle"],"picked":"SkullFlask","floor":1},{"not_picked":["GnarledBody","TwistedMind"],"picked":"Schadenfreude","floor":3},{"not_picked":["KarmaDrain","TwistedMind"],"picked":"Bewitch","floor":5},{"not_picked":["Broomstick","BoneCarving"],"picked":"DireShriek","floor":6},{"not_picked":["Bewitch","IllOmen","BalefulWard"],"picked":"SKIP","floor":8},{"not_picked":["WickedThoughts","CursedBlade"],"picked":"Decrepify","floor":12},{"not_picked":["WretchedNails","GnarledBody"],"picked":"MagicFang","floor":14},{"not_picked":["WalpurgisNight","Graveburst"],"picked":"StrangeBrew","floor":16},{"not_picked":["PainBolt","PlagueSpreader"],"picked":"KarmaDrain","floor":18},{"not_picked":["Demonfyre","CursedBlade","MementoMori"],"picked":"SKIP","floor":20},{"not_picked":["KarmaDrain","Atonement","MementoMori"],"picked":"SKIP","floor":21},{"not_picked":["CursedBlade","DireShriek"],"picked":"Shrooms","floor":23},{"not_picked":["Shrooms+1","WickedThoughts"],"picked":"Athame","floor":25},{"not_picked":["GhoulTouch","BlackBolt"],"picked":"GrimVengeance+1","floor":30},{"not_picked":["TwistedMind","SaltCircle"],"picked":"Shrooms+1","floor":31},{"not_picked":["FatalRay","MysticUnburial"],"picked":"VileEgg","floor":33},{"not_picked":["WickedThoughts","CursedBlade"],"picked":"Puncture","floor":35},{"not_picked":["MortusClaw+1","RiteOfAutumn"],"picked":"BleedOut+1","floor":37},{"not_picked":["Broomstick","Thundercloud"],"picked":"GnarledBody+1","floor":39},{"not_picked":["BlackBolt","PainBolt+1"],"picked":"Harmlessness","floor":41},{"not_picked":["KarmaDrain+1","RiteOfAutumn+1","WretchedNails"],"picked":"SKIP","floor":42},{"not_picked":["Blind","Finesse"],"picked":"Apotheosis","floor":44},{"not_picked":["SaltCircle","Harmlessness","NighInvulnerability"],"picked":"SKIP","floor":45},{"not_picked":["PainBolt","Intelligence"],"picked":"SummonOwlFamiliar+1","floor":46},{"not_picked":["TwistedMind","Athame","SaltCircle+1"],"picked":"SKIP","floor":48}],"player_experience":1030148,"relics_obtained":[{"floor":9,"key":"sneckomod:BlankCard"},{"floor":23,"key":"Gremlin Horn"},{"floor":25,"key":"Darkstone Periapt"},{"floor":41,"key":"Bronze Scales"},{"floor":43,"key":"PreservedInsect"},{"floor":46,"key":"Guardian:PocketSentry"}],"event_choices":[{"damage_healed":0,"gold_gain":1,"player_choice":"Relic Card ","damage_taken":32,"max_hp_gain":0,"max_hp_loss":0,"event_name":"betterThird:BetterScrap","floor":4,"gold_loss":0,"cards_obtained":["Replay:Bag of Tricks","DevaForm"]},{"damage_healed":0,"gold_gain":0,"player_choice":"Copied","damage_taken":0,"max_hp_gain":0,"max_hp_loss":0,"event_name":"Duplicator","floor":19,"gold_loss":0,"cards_obtained":["Replay:Bag of Tricks"]},{"damage_healed":0,"gold_gain":99,"player_choice":"Stole From Cult","damage_taken":0,"max_hp_gain":0,"max_hp_loss":0,"event_name":"Nest","floor":29,"gold_loss":0},{"damage_healed":0,"gold_gain":0,"player_choice":"Damaged","damage_taken":6,"max_hp_gain":0,"max_hp_loss":0,"event_name":"Wheel of Change","floor":36,"gold_loss":0},{"damage_healed":0,"gold_gain":0,"player_choice":"Memory 1","damage_taken":0,"max_hp_gain":0,"max_hp_loss":0,"event_name":"SensoryStone","floor":38,"gold_loss":0},{"damage_healed":19,"gold_gain":0,"player_choice":"Writhe","damage_taken":0,"max_hp_gain":0,"max_hp_loss":0,"event_name":"Winding Halls","floor":47,"gold_loss":0,"cards_obtained":["Writhe"]}],"is_beta":false,"boss_relics":[{"not_picked":["expansioncontent:StudyCardRelic","Runic Dome"],"picked":"Astrolabe"},{"not_picked":["ChewingGum","sneckomod:SneckoTalon"],"picked":"Replay:Grab Bag"},{"not_picked":["ReplayTheSpireMod:DimensionalGlitch","Painkiller Herb"],"picked":"Philosopher\u0027s Stone"},{"not_picked":["Ring of Chaos","Empty Cage"],"picked":"Pandora\u0027s Box"}],"items_purged_floors":[22,44],"is_endless":false,"potions_floor_spawned":[1,5,14,18,25,30,33,37,41,45,46,48],"ascension_level":5}}