{"host":"h7xtspmc2x3i8s2i","time":1612465905,"event":{"mods":["2.2 Compatiblity","AchievementEnabler","Act Like it!","AlwaysNeverKeys","Aspiration","Astrologer","BaseMod","Bestiary","Better Altar","Better Match","Better Note","Better Sensory Stone","Better Skull","Better Third Choice","Better Vampires","Better-Laid Plans","Colored Map","Colored Powertips","Curses Come First","Defuse TimeMaze Blight","Dio Mod","Disable Question Mark Monsters","Dota2Spire","Downfall","Emptier Cage","Energized Spire","Evolution","Friendly Minions","GifTheSpireLib","Gold Saver","Gremlin Skip","Halation","Hubris","Hyrulean Relics","Jedi Mod","Key Reminder","Marked Mod","Minty Spire (QoL Compilation)","Permanent Neow","Potion Indicator Mod","Quick Restart","Random Character Button","Random Character Mod","Rare Cards Sparkle","Relic Filter","Relic Stats","Reliquary","Replay The Spire","SacredBarkPlus","Shop Mod","Smile Girya","Somnambulant","Spicy Shops","Spikes Relics","Spire Birthday Party","StSLib","Steal the Spire","SuperFastMode","The Awakened One except there are too many feathers","The Cursed","The Death Knight","The Edgeheg","The Problem Sleuth","The Runesmith","The Wild Card","Transform Curses","Uncapped","Unceasing Turn Reminder","Virulent Crown","Wide Potions","everything is the same but u backflip on backflip","slay the spire mod where everything is the same but ironclad has a cowboy hat"],"gold_per_floor":[1140,1140,605,605,4,4,34,74,151,165,180,180,180,25,25,144,144,167,167,211,211,211,249,264,287,311,311,311,331,344,380,380,499,499,515,531,129,148,128,128,152,152,200,216,243,243,262,189,189,189,189,189,9,70,70,70],"floor_reached":55,"language":"ENG","playtime":2227,"items_purged":[],"score":711,"play_id":"2c782fe3-b174-43db-9fd1-d051b1f2bb44","local_time":"20210204141145","is_ascension_mode":true,"campfire_choices":[{"data":"1","floor":6,"key":"LIFT"},{"floor":12,"key":"REST"},{"floor":15,"key":"REST"},{"data":"2","floor":28,"key":"LIFT"},{"floor":32,"key":"REST"},{"floor":40,"key":"REST"},{"data":"3","floor":42,"key":"LIFT"},{"floor":46,"key":"REST"},{"floor":49,"key":"RECALL"},{"data":"Absolvement","floor":52,"key":"SMITH"},{"data":"Discovery","floor":52,"key":"SMITH"}],"circlet_count":0,"master_deck":["Strike_R","Strike_R","Strike_R","Strike_R","Strike_R","Defend_R","Defend_R","Defend_R","Defend_R+1","Entrench+1","Eruption","Discovery+1","FollowUp","Crescendo","jedi:strikingstrike+1","EmptyFist","Havoc","Pommel Strike","Metamorphosis","Metamorphosis","hubris:ReadiedAction+1","Absolvement+1","Dark Embrace+1"],"relics":["EVO:Axolotl","Golden Idol","jedi:heavyjacket","MerchantsRug","Replay:M_SmolderingBlood","halation:LettersToHer","Girya","Odd Mushroom","Replay:Arrowhead","ReplayTheSpireMod:TigerMarble","energizedSpire:RedRose","Enchiridion","Red Mask","Pocketwatch","SpikesRelics:DaevaFist","reliquary:Crutches","reliquary:ExpiredCoupon","Runesmith:UraniumAnvil","hubris:ChampionShield","Toolbox","Replay:Rubber Ducky","Strawberry","Gremlin Food","Dota2Spire:PowerTreads","Dota2Spire:HandOfMidas","hubris:BottledRain"],"acts_visited":["Exordium","TheCity","TheBeyond","TheEnding"],"potions_floor_usage":[7,7,8,20,20,31,33,41,41,44,55],"damage_taken":[{"damage":5,"enemies":"Jaw Worm","floor":1,"turns":4},{"damage":8,"enemies":"The Mushroom Lair","floor":7,"turns":3},{"damage":26,"enemies":"3 Sentries","floor":8,"turns":13},{"damage":0,"enemies":"2 Louse","floor":10,"turns":2},{"damage":0,"enemies":"Small Slimes","floor":11,"turns":2},{"damage":0,"enemies":"Slime Boss","floor":16,"turns":4},{"damage":1,"enemies":"Chosen","floor":18,"turns":3},{"damage":7,"enemies":"Masked Bandits","floor":20,"turns":2},{"damage":9,"enemies":"Gremlin Leader","floor":23,"turns":4},{"damage":3,"enemies":"Spheric Guardian","floor":24,"turns":1},{"damage":2,"enemies":"3 Cultists","floor":25,"turns":4},{"damage":38,"enemies":"Centurion and Healer","floor":29,"turns":6},{"damage":6,"enemies":"Shelled Parasite and Fungi","floor":30,"turns":4},{"damage":7,"enemies":"Slavers","floor":31,"turns":4},{"damage":30,"enemies":"Collector","floor":33,"turns":8},{"damage":14,"enemies":"3 Shapes","floor":35,"turns":2},{"damage":0,"enemies":"Orb Walker","floor":36,"turns":2},{"damage":10,"enemies":"4 Shapes","floor":38,"turns":2},{"damage":20,"enemies":"Maw","floor":41,"turns":4},{"damage":26,"enemies":"Spire Growth","floor":44,"turns":4},{"damage":0,"enemies":"Jaw Worm Horde","floor":47,"turns":2},{"damage":18,"enemies":"Replay:Hell Engine","floor":50,"turns":9},{"damage":0,"enemies":"Shield and Spear","floor":54,"turns":3},{"damage":88,"enemies":"The Heart","floor":55,"turns":8}],"seed_played":"-6838556955675041783","potions_obtained":[{"floor":7,"key":"SpeedPotion"},{"floor":16,"key":"Explosive Potion"},{"floor":18,"key":"Swift Potion"},{"floor":25,"key":"hexamod:SoulburnPotion"},{"floor":30,"key":"Energy Potion"},{"floor":31,"key":"hexamod:SoulburnPotion"},{"floor":35,"key":"sneckomod:MuddlingPotion"},{"floor":36,"key":"Reflective Coating"},{"floor":39,"key":"Dota2Spire:HealingSalve"},{"floor":41,"key":"jedi:wingpotion"},{"floor":54,"key":"Weak Potion"}],"is_trial":false,"path_per_floor":["M","?","$","?","$","R","?","E","T","M","M","R","?","$","R","B",null,"M","?","?","?","T","E","M","M","T","?","R","M","M","E","R","B",null,"M","M","$","M","?","R","M","R","T","M","T","R","M","$","R","B",null,"R","$","E","B"],"character_chosen":"IRONCLAD","items_purchased":["jedi:heavyjacket","PowerPotion","MerchantsRug","Entrench","halation:LettersToHer","Girya","Discovery","ColorlessPotion","Guide Book","hubris:ChampionShield","Toolbox","Replay:Rubber Ducky","Brimstone","Dota2Spire:PowerTreads","Dota2Spire:HandOfMidas"],"campfire_rested":5,"item_purchase_floors":[3,3,3,3,5,5,5,5,14,37,37,37,48,53,53],"current_hp_per_floor":[80,60,60,60,60,60,52,26,26,26,26,50,43,43,67,67,80,79,63,71,71,71,62,59,57,57,65,65,27,21,14,38,8,80,66,66,66,56,56,80,65,65,72,46,46,72,72,72,72,54,87,87,87,87,0,0],"gold":70,"neow_bonus":"UPGRADE_CARD","is_daily":false,"chose_seed":false,"campfire_upgraded":2,"win_rate":0.0,"timestamp":1612465905,"path_taken":["M","?","$","?","$","R","?","E","T","?","M","R","?","?","R","BOSS","M","?","?","?","?","E","?","M","T","?","R","M","?","E","R","BOSS","M","M","$","M","?","R","M","R","T","?","?","R","?","?","R","BOSS","R","$","E","BOSS"],"items_purchased_type":["Relic","Potion","Relic","Card","Relic","Relic","Card","Potion","Relic","Relic","Relic","Relic","Relic","Relic","Relic"],"build_version":"2020-12-22","purchased_purges":0,"victory":false,"max_hp_per_floor":[80,80,80,80,80,80,80,80,80,80,80,80,80,80,80,80,80,80,80,80,80,80,80,80,80,80,80,80,80,80,80,80,80,80,80,80,80,80,80,80,80,80,87,87,87,87,87,87,87,87,87,87,87,87,87,87],"relic_stats":{"counters":[24,100],"Golden Idol":166,"obtain_stats":[{"Dota2Spire:PowerTreads":53,"Enchiridion":19,"EVO:Axolotl":0,"Burning Blood":0,"Replay:Rubber Ducky":37,"Replay:M_SmolderingBlood":4,"Strawberry":43,"Toolbox":37,"Red Mask":20,"hubris:ChampionShield":37,"halation:LettersToHer":5,"energizedSpire:RedRose":17,"Gremlin Food":45,"MerchantsRug":3,"Girya":5,"Dota2Spire:HandOfMidas":53,"Golden Idol":2,"Guide Book":14,"Odd Mushroom":7,"Replay:Arrowhead":8,"keyreminder:keyreminder":8,"reliquary:Crutches":26,"jedi:heavyjacket":3,"reliquary:ExpiredCoupon":31,"Brimstone":48,"Runesmith:UraniumAnvil":34,"ReplayTheSpireMod:TigerMarble":13,"SpikesRelics:DaevaFist":23,"Pocketwatch":22,"hubris:BottledRain":54},{"Dota2Spire:PowerTreads":22,"Enchiridion":7,"EVO:Axolotl":0,"Burning Blood":0,"Replay:Rubber Ducky":17,"Replay:M_SmolderingBlood":1,"Strawberry":19,"Toolbox":17,"Red Mask":8,"hubris:ChampionShield":17,"halation:LettersToHer":1,"energizedSpire:RedRose":6,"Gremlin Food":20,"MerchantsRug":1,"Girya":1,"Dota2Spire:HandOfMidas":22,"Golden Idol":1,"Guide Book":5,"Odd Mushroom":2,"Replay:Arrowhead":3,"keyreminder:keyreminder":3,"reliquary:Crutches":11,"jedi:heavyjacket":1,"reliquary:ExpiredCoupon":14,"Brimstone":21,"Runesmith:UraniumAnvil":15,"ReplayTheSpireMod:TigerMarble":5,"SpikesRelics:DaevaFist":9,"Pocketwatch":8,"hubris:BottledRain":23},{"Dota2Spire:PowerTreads":89,"Enchiridion":31,"EVO:Axolotl":0,"Burning Blood":0,"Replay:Rubber Ducky":68,"Replay:M_SmolderingBlood":4,"Strawberry":74,"Toolbox":68,"Red Mask":33,"hubris:ChampionShield":68,"halation:LettersToHer":4,"energizedSpire:RedRose":28,"Gremlin Food":78,"MerchantsRug":4,"Girya":4,"Dota2Spire:HandOfMidas":89,"Golden Idol":4,"Guide Book":24,"Odd Mushroom":7,"Replay:Arrowhead":20,"keyreminder:keyreminder":20,"reliquary:Crutches":42,"jedi:heavyjacket":4,"reliquary:ExpiredCoupon":56,"Brimstone":80,"Runesmith:UraniumAnvil":64,"ReplayTheSpireMod:TigerMarble":24,"SpikesRelics:DaevaFist":37,"Pocketwatch":33,"hubris:BottledRain":92}],"Pocketwatch":[6]},"card_choices":[{"not_picked":["Anger","Warcry","Rage"],"picked":"SKIP","floor":1},{"not_picked":["Thunderclap","Anger"],"picked":"FollowUp","floor":7},{"not_picked":["jedi:collectorstrike","Flame Barrier"],"picked":"Crescendo","floor":8},{"not_picked":["Evolve","FlyingSleeves"],"picked":"jedi:strikingstrike","floor":10},{"not_picked":["Shockwave","Iron Wave"],"picked":"EmptyFist","floor":11},{"not_picked":["Replay:Undeath\u0027s Touch","Armaments"],"picked":"Havoc","floor":18},{"not_picked":["Thunderclap","Rage"],"picked":"Pommel Strike","floor":20},{"not_picked":["Dark Shackles","theEdgeheg:OkSo8"],"picked":"Metamorphosis","floor":21},{"not_picked":["Replay:Bootleg Shield Generator","hubris:Insight"],"picked":"Metamorphosis","floor":21},{"not_picked":["True Grit","Clothesline"],"picked":"hubris:ReadiedAction","floor":23},{"not_picked":["Burning Pact","Perfected Strike","Combust"],"picked":"SKIP","floor":24},{"not_picked":["Thunderclap+1","Flex","Iron Wave"],"picked":"SKIP","floor":25},{"not_picked":["ReplayTheSpireMod:Limb From Limb","True Grit","Heavy Blade+1"],"picked":"SKIP","floor":29},{"not_picked":["hubris:ReadiedAction+1","Thunderclap"],"picked":"Absolvement","floor":30},{"not_picked":["Flex+1","Pommel Strike+1","Invigoration"],"picked":"SKIP","floor":31},{"not_picked":["True Grit","Anger"],"picked":"Dark Embrace+1","floor":35},{"not_picked":["Shrug It Off","Iron Wave","Burning Pact"],"picked":"SKIP","floor":36},{"not_picked":["hubris:ReadiedAction+1","ReplayTheSpireMod:Limb From Limb","Body Slam"],"picked":"SKIP","floor":38},{"not_picked":["Havoc","Perfected Strike+1","Fiend Fire"],"picked":"SKIP","floor":41},{"not_picked":["Wild Strike+1","Cleave+1","Combust"],"picked":"SKIP","floor":44},{"not_picked":["Flex","ReplayTheSpireMod:Limb From Limb+1","Clash"],"picked":"SKIP","floor":47},{"not_picked":["Spot Weakness+1","Clash+1","Invigoration"],"picked":"SKIP","floor":54}],"player_experience":365892,"relics_obtained":[{"floor":7,"key":"Odd Mushroom"},{"floor":8,"key":"Replay:Arrowhead"},{"floor":9,"key":"halation:LettersToHer"},{"floor":19,"key":"Enchiridion"},{"floor":20,"key":"Red Mask"},{"floor":22,"key":"halation:LettersToHer"},{"floor":22,"key":"Pocketwatch"},{"floor":23,"key":"SpikesRelics:DaevaFist"},{"floor":26,"key":"halation:LettersToHer"},{"floor":26,"key":"reliquary:Crutches"},{"floor":31,"key":"reliquary:ExpiredCoupon"},{"floor":43,"key":"halation:LettersToHer"},{"floor":43,"key":"Strawberry"},{"floor":45,"key":"halation:LettersToHer"},{"floor":45,"key":"Gremlin Food"},{"floor":54,"key":"hubris:BottledRain"}],"event_choices":[{"damage_healed":0,"gold_gain":0,"player_choice":"Take Damage","damage_taken":20,"relics_obtained":["Golden Idol"],"max_hp_gain":0,"max_hp_loss":0,"event_name":"Golden Idol","floor":2,"gold_loss":0},{"damage_healed":0,"gold_gain":0,"player_choice":"Fought Mushrooms","damage_taken":0,"max_hp_gain":0,"max_hp_loss":0,"event_name":"Mushrooms","floor":7,"gold_loss":0},{"damage_healed":0,"gold_gain":0,"player_choice":"Relic ","damage_taken":7,"max_hp_gain":0,"max_hp_loss":0,"event_name":"betterThird:BetterScrap","floor":13,"gold_loss":0,"cards_obtained":["Skim"]},{"damage_healed":0,"gold_gain":0,"player_choice":"Obtained Book","damage_taken":16,"max_hp_gain":0,"max_hp_loss":0,"event_name":"Cursed Tome","floor":19,"gold_loss":0},{"damage_healed":0,"gold_gain":0,"player_choice":"Fought Bandits","damage_taken":0,"max_hp_gain":0,"max_hp_loss":0,"event_name":"Masked Bandits","floor":20,"gold_loss":0},{"damage_healed":0,"gold_gain":2,"player_choice":"1","damage_taken":0,"max_hp_gain":0,"max_hp_loss":0,"event_name":"betterStone:BetterStone","floor":21,"gold_loss":0},{"damage_healed":0,"gold_gain":0,"player_choice":"Bought 1 Potion","damage_taken":0,"max_hp_gain":0,"max_hp_loss":0,"event_name":"The Woman in Blue","floor":39,"gold_loss":0}],"is_beta":false,"boss_relics":[{"not_picked":["halation:Yufonium","aspiration:SilentSkillbook"],"picked":"energizedSpire:RedRose"},{"not_picked":["halation:PinkAlligatorPlush","ChewingGum"],"picked":"Runesmith:UraniumAnvil"}],"items_purged_floors":[],"is_endless":false,"potions_floor_spawned":[7,16,18,25,30,31,35,36,41,54],"killed_by":"The Heart","ascension_level":2}}