{"host":"utqe55yv0jihe4d6","time":1612411831,"event":{"mods":["2.2 Compatiblity","AchievementEnabler","BaseMod","Block Reminder","Colored Map","Colored Powertips","Minty Spire (QoL Compilation)","Quick Restart","Rare Cards Sparkle","Relic Stats","SuperFastMode"],"gold_per_floor":[112,130,280,295,220,220,245,245,245,18,18,43,61,76,76,149,149,161,161,181,20,20,20,52,64,89,89,103,120,153,167,167,241,241,255,275,96,115,115,142,142,174,222,222,239,249,275,285,285,285,285,285,285,28,63,63],"floor_reached":57,"language":"ENG","playtime":2533,"items_purged":["Strike_R","Strike_R"],"score":2988,"play_id":"27c3dd72-58fa-499c-82f5-6ebf2806999d","local_time":"20210203231031","is_ascension_mode":true,"campfire_choices":[{"data":"True Grit","floor":6.0,"key":"SMITH"},{"data":"Uppercut","floor":8.0,"key":"SMITH"},{"data":"Disarm","floor":15.0,"key":"SMITH"},{"floor":23.0,"key":"REST"},{"floor":27.0,"key":"REST"},{"data":"Dual Wield","floor":32.0,"key":"SMITH"},{"data":"Feel No Pain","floor":41.0,"key":"SMITH"},{"data":"Evolve","floor":44.0,"key":"SMITH"},{"floor":49.0,"key":"RECALL"},{"data":"Feel No Pain","floor":53.0,"key":"SMITH"}],"circlet_count":0,"master_deck":["AscendersBane","Strike_R","Strike_R","Strike_R","Defend_R","Defend_R","Defend_R","Defend_R","Bash+1","Rampage","Uppercut+1","True Grit+1","Disarm+1","Shrug It Off","Corruption","Second Wind","Evolve+1","Exhume","Heavy Blade+1","Dual Wield+1","Dropkick+1","Battle Trance","Fiend Fire+1","Heavy Blade+1","Heavy Blade+1","Feel No Pain+1","Pommel Strike+1","Limit Break","Shrug It Off+1","Feel No Pain+1","Pommel Strike+1","Limit Break","Dark Embrace"],"relics":["Burning Blood","NeowsBlessing","Mercury Hourglass","Toy Ornithopter","Bronze Scales","Bag of Preparation","Snecko Eye","Enchiridion","Shuriken","Vajra","Molten Egg 2","SacredBark","Pen Nib","Akabeko","Blood Vial","DollysMirror","Letter Opener"],"acts_visited":["Exordium","TheCity","TheBeyond","TheEnding"],"potions_floor_usage":[56],"damage_taken":[{"damage":0.0,"enemies":"Cultist","floor":1.0,"turns":1.0},{"damage":0.0,"enemies":"Jaw Worm","floor":2.0,"turns":1.0},{"damage":0.0,"enemies":"2 Louse","floor":4.0,"turns":1.0},{"damage":41.0,"enemies":"3 Sentries","floor":7.0,"turns":10.0},{"damage":0.0,"enemies":"Gremlin Nob","floor":12.0,"turns":3.0},{"damage":11.0,"enemies":"Large Slime","floor":13.0,"turns":5.0},{"damage":4.0,"enemies":"3 Louse","floor":14.0,"turns":3.0},{"damage":12.0,"enemies":"Hexaghost","floor":16.0,"turns":10.0},{"damage":18.0,"enemies":"Chosen","floor":18.0,"turns":5.0},{"damage":0.0,"enemies":"3 Byrds","floor":20.0,"turns":2.0},{"damage":19.0,"enemies":"Gremlin Leader","floor":24.0,"turns":5.0},{"damage":4.0,"enemies":"Snecko","floor":25.0,"turns":5.0},{"damage":0.0,"enemies":"3 Cultists","floor":28.0,"turns":5.0},{"damage":4.0,"enemies":"Centurion and Healer","floor":29.0,"turns":5.0},{"damage":3.0,"enemies":"Book of Stabbing","floor":30.0,"turns":4.0},{"damage":9.0,"enemies":"Snake Plant","floor":31.0,"turns":3.0},{"damage":61.0,"enemies":"Collector","floor":33.0,"turns":8.0},{"damage":0.0,"enemies":"3 Darklings","floor":35.0,"turns":2.0},{"damage":6.0,"enemies":"3 Shapes","floor":36.0,"turns":3.0},{"damage":9.0,"enemies":"Maw","floor":38.0,"turns":7.0},{"damage":0.0,"enemies":"Giant Head","floor":40.0,"turns":4.0},{"damage":28.0,"enemies":"Reptomancer","floor":42.0,"turns":7.0},{"damage":6.0,"enemies":"3 Darklings","floor":45.0,"turns":7.0},{"damage":0.0,"enemies":"Spire Growth","floor":46.0,"turns":4.0},{"damage":26.0,"enemies":"Nemesis","floor":47.0,"turns":5.0},{"damage":0.0,"enemies":"Maw","floor":48.0,"turns":5.0},{"damage":56.0,"enemies":"Donu and Deca","floor":50.0,"turns":10.0},{"damage":2.0,"enemies":"Awakened One","floor":51.0,"turns":9.0},{"damage":0.0,"enemies":"Shield and Spear","floor":55.0,"turns":3.0},{"damage":58,"enemies":"The Heart","floor":56,"turns":9}],"seed_played":"5153703081702846035","potions_obtained":[{"floor":1.0,"key":"SteroidPotion"},{"floor":4.0,"key":"Regen Potion"},{"floor":13.0,"key":"Dexterity Potion"},{"floor":18.0,"key":"Energy Potion"},{"floor":47.0,"key":"Strength Potion"},{"floor":48.0,"key":"Regen Potion"}],"is_trial":false,"path_per_floor":["M","M","?","M","?","R","E","R","T","$","?","E","M","M","R","B",null,"M","?","M","$","?","R","E","M","T","R","M","M","E","M","R","B",null,"M","M","$","M","?","E","R","E","T","R","M","M","E","M","R","B","B",null,"R","$","E","B",null],"character_chosen":"IRONCLAD","items_purchased":["Bronze Scales","Fire Potion","Evolve","Feel No Pain","DollysMirror","Dark Embrace"],"campfire_rested":2,"item_purchase_floors":[10,10,21,37,54,54],"current_hp_per_floor":[74,75,75,75,75,75,52,52,52,52,52,63,58,60,60,54,70,58,37,43,43,22,46,33,35,35,59,65,67,70,67,67,12,63,69,69,69,66,66,77,77,55,55,55,55,61,41,49,49,60,66,77,77,77,80,28],"gold":63,"neow_bonus":"THREE_ENEMY_KILL","is_daily":false,"chose_seed":false,"campfire_upgraded":7,"win_rate":0.0,"timestamp":1612411831,"path_taken":["M","?","?","M","?","R","E","R","T","$","?","E","M","M","R","BOSS","M","?","M","$","?","R","E","M","T","R","M","M","E","M","R","BOSS","M","M","$","M","?","E","R","E","T","R","M","M","E","M","R","BOSS","BOSS","R","$","E","BOSS"],"items_purchased_type":["Relic","Potion","Card","Card","Relic","Card"],"build_version":"2020-12-22","purchased_purges":2,"victory":true,"max_hp_per_floor":[75,75,75,75,75,75,75,75,75,75,75,75,75,75,75,75,75,75,75,75,75,80,80,80,80,80,80,80,80,80,80,80,80,80,80,80,80,80,80,80,80,80,80,80,80,80,80,80,80,80,80,80,80,80,80,80],"relic_stats":{"Blood Vial":8,"counters":[30,149],"Shuriken":[46],"Bronze Scales":[558],"Snecko Eye":[245,262,232,243],"Pen Nib":[13],"Bag of Preparation":[50],"Letter Opener":[17],"obtain_stats":[{"NeowsBlessing":0,"SacredBark":34,"Enchiridion":19,"Vajra":26,"Pen Nib":40,"Bag of Preparation":12,"Letter Opener":55,"Burning Blood":0,"Akabeko":42,"Mercury Hourglass":7,"Blood Vial":47,"Shuriken":24,"DollysMirror":54,"Bronze Scales":10,"Snecko Eye":17,"Molten Egg 2":30,"Toy Ornithopter":9},{"NeowsBlessing":0,"SacredBark":17,"Enchiridion":9,"Vajra":12,"Pen Nib":21,"Bag of Preparation":5,"Letter Opener":29,"Burning Blood":0,"Akabeko":22,"Mercury Hourglass":4,"Blood Vial":25,"Shuriken":11,"DollysMirror":28,"Bronze Scales":4,"Snecko Eye":8,"Molten Egg 2":15,"Toy Ornithopter":4},{"NeowsBlessing":0,"SacredBark":74,"Enchiridion":38,"Vajra":50,"Pen Nib":90,"Bag of Preparation":16,"Letter Opener":140,"Burning Blood":0,"Akabeko":97,"Mercury Hourglass":13,"Blood Vial":113,"Shuriken":45,"DollysMirror":137,"Bronze Scales":13,"Snecko Eye":33,"Molten Egg 2":63,"Toy Ornithopter":13}],"Burning Blood":164,"Toy Ornithopter":15,"Mercury Hourglass":[538]},"card_choices":[{"not_picked":["Entrench","Reckless Charge"],"picked":"Rampage","floor":1.0},{"not_picked":["Sever Soul","Intimidate"],"picked":"Uppercut","floor":2.0},{"not_picked":["Flex","Warcry"],"picked":"True Grit","floor":4.0},{"not_picked":["Heavy Blade","True Grit","Twin Strike"],"picked":"SKIP","floor":7.0},{"not_picked":["Twin Strike","Metallicize"],"picked":"Disarm","floor":12.0},{"not_picked":["Perfected Strike","Cleave"],"picked":"Shrug It Off","floor":13.0},{"not_picked":["Rage","Shrug It Off","Searing Blow"],"picked":"SKIP","floor":14.0},{"not_picked":["Juggernaut","Limit Break"],"picked":"Corruption","floor":16.0},{"not_picked":["Warcry+1","Sword Boomerang","Metallicize"],"picked":"SKIP","floor":18.0},{"not_picked":["Wild Strike","Cleave"],"picked":"Second Wind","floor":20.0},{"not_picked":["Heavy Blade","Clash+1"],"picked":"Exhume","floor":24.0},{"not_picked":["Sword Boomerang","Thunderclap+1"],"picked":"Heavy Blade+1","floor":25.0},{"not_picked":["Heavy Blade","Warcry+1"],"picked":"Dual Wield","floor":28.0},{"not_picked":["Seeing Red","Hemokinesis","Twin Strike+1"],"picked":"SKIP","floor":29.0},{"not_picked":["Headbutt+1","Metallicize"],"picked":"Dropkick+1","floor":30.0},{"not_picked":["Perfected Strike+1","Burning Pact"],"picked":"Battle Trance","floor":31.0},{"not_picked":["Exhume","Berserk"],"picked":"Fiend Fire+1","floor":33.0},{"not_picked":["Pommel Strike+1","Anger+1"],"picked":"Heavy Blade+1","floor":35.0},{"not_picked":["Clash+1","Brutality"],"picked":"Heavy Blade+1","floor":36.0},{"not_picked":["Twin Strike+1","Flex"],"picked":"Pommel Strike+1","floor":38.0},{"not_picked":["True Grit","Seeing Red","Intimidate"],"picked":"SKIP","floor":40.0},{"not_picked":["Combust+1","Havoc","Perfected Strike+1"],"picked":"SKIP","floor":42.0},{"not_picked":["Flex","Anger+1"],"picked":"Limit Break","floor":45.0},{"not_picked":["Clash+1","Flex"],"picked":"Shrug It Off+1","floor":46.0},{"not_picked":["Shrug It Off","Sever Soul+1"],"picked":"Feel No Pain","floor":47.0},{"not_picked":["Thunderclap+1","Warcry"],"picked":"Pommel Strike+1","floor":48.0},{"not_picked":["Havoc","Headbutt+1","Seeing Red"],"picked":"SKIP","floor":55.0}],"player_experience":3013211,"relics_obtained":[{"floor":7.0,"key":"Mercury Hourglass"},{"floor":9.0,"key":"Toy Ornithopter"},{"floor":12.0,"key":"Bag of Preparation"},{"floor":19.0,"key":"Enchiridion"},{"floor":24.0,"key":"Shuriken"},{"floor":26.0,"key":"Vajra"},{"floor":30.0,"key":"Molten Egg 2"},{"floor":40.0,"key":"Pen Nib"},{"floor":42.0,"key":"Akabeko"},{"floor":47.0,"key":"Blood Vial"},{"floor":55.0,"key":"Letter Opener"}],"event_choices":[{"damage_healed":0.0,"max_hp_gain":0.0,"max_hp_loss":0.0,"gold_gain":150.0,"event_name":"Liars Game","player_choice":"AGREE","floor":3.0,"gold_loss":0.0,"damage_taken":0.0,"cards_obtained":["Doubt"]},{"cards_removed":["Doubt"],"damage_healed":0.0,"max_hp_gain":0.0,"max_hp_loss":0.0,"gold_gain":0.0,"event_name":"The Cleric","player_choice":"Card Removal","floor":5.0,"gold_loss":75.0,"damage_taken":0.0},{"damage_healed":0.0,"max_hp_gain":0.0,"max_hp_loss":0.0,"gold_gain":0.0,"event_name":"Living Wall","player_choice":"Grow","floor":11.0,"gold_loss":0.0,"damage_taken":0.0,"cards_upgraded":["Bash"]},{"damage_healed":0.0,"max_hp_gain":0.0,"max_hp_loss":0.0,"gold_gain":0.0,"event_name":"Cursed Tome","player_choice":"Obtained Book","floor":19.0,"gold_loss":0.0,"damage_taken":21.0},{"damage_healed":0.0,"max_hp_gain":5.0,"max_hp_loss":0.0,"gold_gain":0.0,"event_name":"Forgotten Altar","player_choice":"Shed Blood","floor":22.0,"gold_loss":0.0,"damage_taken":26.0},{"damage_healed":0.0,"max_hp_gain":0.0,"max_hp_loss":0.0,"gold_gain":0.0,"event_name":"Lab","player_choice":"Got Potions","floor":39.0,"gold_loss":0.0,"damage_taken":0.0}],"is_beta":false,"boss_relics":[{"not_picked":["Pandora\u0027s Box","Mark of Pain"],"picked":"Snecko Eye"},{"not_picked":["Black Blood","Runic Cube"],"picked":"SacredBark"}],"items_purged_floors":[21,37],"is_endless":false,"potions_floor_spawned":[1,4,13,18,24,30,31,33,35,36,38,47,48],"ascension_level":20}}