{"host":"m4gb89kpcfic7v2a","time":1612425695,"event":{"mods":["BaseMod","BetterRewards","Downfall","Minty Spire (QoL Compilation)","StSLib"],"gold_per_floor":[99,119,129,149,167,180,204,204,204,204,204,96,123,135,151,247,247,247,266,266,266,266,291,315,172,272,284,297,232,232,258,277,373,373,373,389,406,426,476,476,476,505,505,523,557,557,532,543,560,560,560,560],"floor_reached":50,"language":"ENG","playtime":7339,"items_purged":["Guardian:Strike_Guardian","Guardian:Strike_Guardian","Guardian:Strike_Guardian"],"score":619,"play_id":"2ed6d481-d5aa-41f0-9853-da63af3abb40","local_time":"20210204010135","is_ascension_mode":false,"campfire_choices":[{"data":"Guardian:CurlUp","floor":1.0,"key":"SMITH"},{"data":"Guardian:DecasProtection","floor":8.0,"key":"SMITH"},{"data":"Guardian:TwinSlam","floor":10.0,"key":"SMITH"},{"data":"Guardian:PiercingHide","floor":18,"key":"SMITH"},{"data":"Guardian:SentryBeam","floor":30,"key":"SMITH"},{"data":"Guardian:Planning","floor":35,"key":"SMITH"},{"data":"Guardian:BaubleBeam","floor":40,"key":"SMITH"},{"floor":43,"key":"RECALL"},{"data":"Guardian:SentryBeam","floor":46,"key":"SMITH"}],"circlet_count":0,"master_deck":["Guardian:Strike_Guardian","Guardian:Defend_Guardian+1","Guardian:Defend_Guardian+1","Guardian:CurlUp+1","Guardian:TwinSlam+1","Guardian:EvasiveProtocol","Guardian:DecasProtection+1","Guardian:CrystalBeam","Guardian:SpikerProtocol","Guardian:PiercingHide","Guardian:PiercingHide+1","Guardian:RevengeProtocol","Guardian:SentryBeam+1","Guardian:TemporalStrike","Guardian:Planning+1","Guardian:RevengeProtocol","Flash of Steel","Decay","Guardian:SentryBeam+1","Guardian:Gem_Red","Guardian:Gem_Green","Guardian:TemporalStrike+1","Guardian:ArmoredProtocol+1","Guardian:BaubleBeam+1","Guardian:ArmoredProtocol+1","Guardian:Incinerate+1","Guardian:PiercingHide+1","Guardian:Repulse","Guardian:TimeCapacitor+1","Parasite","Guardian:Gem_Orange"],"relics":["Guardian:ModeShifterPlus","Lantern","downfall:ShatteredFragment","War Paint","Smiling Mask","Pen Nib","downfall:GremlinSack","Guardian:SackOfGems","Coffee Dripper","WingedGreaves","Toxic Egg 2","Orichalcum","Pantograph"],"acts_visited":["Exordium","TheCity","TheBeyond"],"potions_floor_usage":[16,26,33,38,50,50],"damage_taken":[{"damage":0.0,"enemies":"Cultist","floor":2.0,"turns":5.0},{"damage":5.0,"enemies":"2 Louse","floor":3.0,"turns":4.0},{"damage":0.0,"enemies":"Small Slimes","floor":4.0,"turns":4.0},{"damage":0.0,"enemies":"Blue Slaver","floor":5.0,"turns":7.0},{"damage":8.0,"enemies":"2 Fungi Beasts","floor":6.0,"turns":5.0},{"damage":0,"enemies":"downfall:FleeingMerchant","floor":12,"turns":4},{"damage":11,"enemies":"Lagavulin","floor":13,"turns":7},{"damage":0,"enemies":"3 Louse","floor":14,"turns":3},{"damage":0,"enemies":"Red Slaver","floor":15,"turns":3},{"damage":23,"enemies":"WA_ARCHETYPE_RETAIN","floor":16,"turns":7},{"damage":0,"enemies":"3 Byrds","floor":19,"turns":3},{"damage":22,"enemies":"Gremlin Leader","floor":23,"turns":9},{"damage":0,"enemies":"downfall:FleeingMerchant","floor":25,"turns":4},{"damage":0,"enemies":"downfall:FleeingMerchant","floor":26,"turns":4},{"damage":0,"enemies":"Spheric Guardian","floor":27,"turns":4},{"damage":0,"enemies":"Chosen and Byrds","floor":28,"turns":4},{"damage":0,"enemies":"downfall:FleeingMerchant","floor":29,"turns":4},{"damage":0,"enemies":"Book of Stabbing","floor":31,"turns":4},{"damage":14,"enemies":"Centurion and Healer","floor":32,"turns":5},{"damage":7,"enemies":"DF_ARCHETYPE_CLAW","floor":33,"turns":9},{"damage":0,"enemies":"Orb Walker","floor":36,"turns":3},{"damage":12,"enemies":"3 Shapes","floor":37,"turns":3},{"damage":0,"enemies":"Transient","floor":38,"turns":5},{"damage":0,"enemies":"Transient","floor":39,"turns":7},{"damage":40,"enemies":"Reptomancer","floor":42,"turns":6},{"damage":0,"enemies":"Maw","floor":44,"turns":7},{"damage":0,"enemies":"Nemesis","floor":45,"turns":5},{"damage":0,"enemies":"downfall:FleeingMerchant","floor":47,"turns":4},{"damage":0,"enemies":"Sphere and 2 Shapes","floor":48,"turns":5},{"damage":0,"enemies":"Writhing Mass","floor":49,"turns":5},{"damage":86,"enemies":"SI_POISON_ARCHETYPE","floor":50,"turns":6}],"seed_played":"-6611839613725502660","potions_obtained":[{"floor":3.0,"key":"CultistPotion"},{"floor":4.0,"key":"EssenceOfSteel"},{"floor":13,"key":"Block Potion"},{"floor":27,"key":"Swift Potion"},{"floor":28,"key":"EssenceOfSteel"},{"floor":33,"key":"ColorlessPotion"},{"floor":37,"key":"Regen Potion"},{"floor":38,"key":"SteroidPotion"}],"is_trial":false,"path_per_floor":["R","M","M","M","M","M","T","R","?","R","?","$","E","M","M","B",null,"R","M","?","?","?","E","T","$","?","M","M","$","R","E","M","B",null,"R","M","M","M","?","R","T","E","R","M","E","R","$","M","M","B"],"character_chosen":"GUARDIAN","items_purchased":["Guardian:SpikerProtocol","Guardian:PiercingHide","Guardian:TemporalStrike","Guardian:Gem_Green","Pantograph","Guardian:Repulse"],"campfire_rested":0,"item_purchase_floors":[12,12,25,25,47,47],"current_hp_per_floor":[88,88,83,83,83,75,75,75,51,51,51,51,40,40,40,17,88,88,88,71,55,55,33,33,33,33,33,33,33,33,33,19,12,93,93,93,81,81,81,81,81,41,41,41,41,41,41,41,41,0,0,0],"gold":560,"neow_bonus":"TEN_PERCENT_HP_BONUS","is_daily":false,"chose_seed":false,"campfire_upgraded":8,"win_rate":0.0,"timestamp":1612425695,"path_taken":["R","M","M","M","M","M","T","R","?","R","?","$","E","M","M","BOSS","R","M","?","?","?","E","T","$","?","M","?","$","R","E","M","BOSS","R","M","M","M","?","R","T","E","R","M","E","R","$","M","M","BOSS"],"items_purchased_type":["Card","Card","Card","Card","Relic","Card"],"build_version":"2020-12-22","purchased_purges":3,"victory":false,"max_hp_per_floor":[88,88,88,88,88,88,88,88,88,88,88,88,88,88,88,88,88,88,88,93,93,93,93,93,93,93,93,93,93,93,93,93,93,93,93,93,93,93,93,93,93,93,93,93,93,93,93,93,93,93,93,93],"card_choices":[{"not_picked":["Guardian:PrimingBeam","Guardian:SentryBeam"],"picked":"Guardian:Gem_Cyan","floor":2.0},{"not_picked":["Guardian:BodySlam","Guardian:ChargeCore"],"picked":"Guardian:EvasiveProtocol","floor":3.0},{"not_picked":["Guardian:RefractedBeam","Guardian:TemporalShield"],"picked":"Guardian:Gem_Lightblue","floor":4.0},{"not_picked":["Guardian:ChargeCore","Guardian:Planning","Guardian:TimeCapacitor"],"picked":"SKIP","floor":5.0},{"not_picked":["Guardian:ArmoredProtocol","Guardian:Harden"],"picked":"Guardian:DecasProtection","floor":6.0},{"not_picked":["Guardian:VentSteam","Guardian:Gem_Lightblue"],"picked":"Guardian:CrystalBeam","floor":12},{"not_picked":["Guardian:Harden","Guardian:VentSteam"],"picked":"Guardian:Gem_Red","floor":13},{"not_picked":["Guardian:Preprogram","Guardian:ChargeCore"],"picked":"Guardian:Gem_Synthetic","floor":14},{"not_picked":["Guardian:WalkerClaw","Guardian:Gem_White"],"picked":"Guardian:PiercingHide","floor":15},{"not_picked":["Guardian:SphericShield","Guardian:StasisField"],"picked":"Guardian:RevengeProtocol","floor":16},{"not_picked":["Guardian:VentSteam","Guardian:Clone","Guardian:Planning"],"picked":"SKIP","floor":19},{"not_picked":["Guardian:Suspension","Guardian:TemporalStrike+1"],"picked":"Guardian:SentryBeam","floor":23},{"not_picked":["Guardian:WalkerClaw","Guardian:Suspension"],"picked":"Guardian:Gem_Orange","floor":25},{"not_picked":["Guardian:Gem_Crimson","Guardian:PrimingBeam","Guardian:PrismaticBeam"],"picked":"SKIP","floor":27},{"not_picked":["Guardian:Gem_Cyan","Guardian:VentSteam","Guardian:RefractedBeam"],"picked":"SKIP","floor":28},{"not_picked":["Guardian:BronzeOrb+1","Guardian:PrimingBeam"],"picked":"Guardian:SentryBeam","floor":29},{"not_picked":["Guardian:Harden+1","Guardian:BronzeArmor"],"picked":"Guardian:TemporalStrike+1","floor":31},{"not_picked":["Guardian:Repulse","Guardian:HyperBeam_Guardian"],"picked":"Guardian:ArmoredProtocol+1","floor":32},{"not_picked":["Guardian:HyperBeam_Guardian","Guardian:StasisStrike"],"picked":"Guardian:BaubleBeam","floor":33},{"not_picked":["Guardian:BronzeOrb+1","Guardian:Recover","Guardian:GuardianWhirl"],"picked":"SKIP","floor":36},{"not_picked":["Guardian:RefractedBeam","Guardian:TemporalStrike+1","Guardian:Gem_Red"],"picked":"SKIP","floor":37},{"not_picked":["Guardian:PiercingHide+1","Guardian:PrismaticBarrier","Guardian:Gem_Green"],"picked":"SKIP","floor":38},{"not_picked":["Guardian:TemporalShield","Guardian:Reroute"],"picked":"Guardian:ArmoredProtocol+1","floor":39},{"not_picked":["Guardian:GuardianWhirl+1","Guardian:Gem_Crimson"],"picked":"Guardian:Incinerate+1","floor":42},{"not_picked":["Guardian:DonusPower+1","Guardian:Gem_Cyan","Guardian:Gem_White"],"picked":"SKIP","floor":44},{"not_picked":["Guardian:WalkerClaw","Guardian:Gem_Purple"],"picked":"Guardian:PiercingHide+1","floor":45},{"not_picked":["Guardian:VentSteam+1","Guardian:ShieldSpikes+1","Guardian:ChargeCore+1"],"picked":"SKIP","floor":47},{"not_picked":["Guardian:CrystalBeam+1","Guardian:SentryBeam"],"picked":"Guardian:TimeCapacitor+1","floor":48},{"not_picked":["Guardian:Planning+1","Guardian:Gem_Cyan"],"picked":"Guardian:Gem_Orange","floor":49}],"player_experience":182169,"relics_obtained":[{"floor":7.0,"key":"Lantern"},{"floor":13,"key":"War Paint"},{"floor":23,"key":"Smiling Mask"},{"floor":24,"key":"Pen Nib"},{"floor":26,"key":"downfall:GremlinSack"},{"floor":31,"key":"Guardian:SackOfGems"},{"floor":39,"key":"WingedGreaves"},{"floor":42,"key":"Toxic Egg 2"},{"floor":45,"key":"Orichalcum"}],"event_choices":[],"is_beta":false,"boss_relics":[{"not_picked":["Fusion Hammer","bronze:MakeshiftBattery"],"picked":"Guardian:ModeShifterPlus"},{"not_picked":["Pandora\u0027s Box","Guardian:StasisSlotReductionRelic"],"picked":"Coffee Dripper"}],"items_purged_floors":[25,29,47],"is_endless":false,"potions_floor_spawned":[3,4,13,15,27,28,32,33,37,38,39,42,48],"killed_by":"SI_POISON_ARCHETYPE","ascension_level":0}}