{"host":"txuajimg2h1aqhoo","time":1612446622,"event":{"mods":["AchievementEnabler","Ascension Reborn","Aspiration","Astrologer","BaseMod","Bestiary","Better Altar","Better Match","Better Note","Better Sensory Stone","Better Skull","Better Third Choice","BetterRewards","Colored Map","Colored Powertips","Conspire","Downfall","Energized Spire","GifTheSpireLib","Halation","Highlight Path","Hubris","Infinite Spire","Lobotomy","Minty Spire (QoL Compilation)","Permanent Neow","Quick Restart","Rare Cards Sparkle","Relic Stats","Replay The Spire","Shop Mod","Spicy Shops","Spikes Relics","StSLib","Stuff the Spire","Synergy Search","The Construct","The Servant 0.9.4","Transform Curses","everything is the same but u backflip on backflip"],"gold_per_floor":[119,195,195,207,227,227,227,227,282,300,300,300,317,317,317,418,418,434,434,448,466,8,8,8,20,46,70,70,70],"floor_reached":28,"language":"ENG","playtime":1734,"items_purged":[],"score":235,"play_id":"595375ae-0b97-49b1-b43e-2d6749eb1a4c","local_time":"20210204145022","is_ascension_mode":false,"campfire_choices":[{"floor":6,"key":"REST"},{"floor":12,"key":"REST"},{"data":"StuffTheSpire:Injection","floor":15,"key":"SMITH"},{"floor":23,"key":"REST"}],"circlet_count":0,"master_deck":["Strike_G+1","Strike_G","Strike_G","Strike_G","Strike_G","Defend_G","Defend_G","Defend_G","Defend_G","Defend_G","Survivor","Neutralize","Poisoned Stab","Funeral","StuffTheSpire:DoubleShiv","CrumblingArmor","Flying Knee","FairyFestival","QueenOfHatred","Blur","Bullet Time","Scarecrow","Eviscerate+1","OldLady","StuffTheSpire:Python","LittleHelper","Phantasmal Killer","LongBird","hubris:Counter","Accuracy","StuffTheSpire:MirrorStance","hubris:Fate","infinitespire:TheBestDefense","Underhanded Strike","HappyTeddy","Tactician","OSAHOGD"],"relics":["Ring of the Snake","CogitoBucket","halation:AfternoonTea","Replay:Bottled Flurry","Boot","construct:ClawGrip","BackwardClock","Replay:Lucky Slots","StuffTheSpire:Experiment12","energizedSpire:EnergizedDie","hubris:Potato","aspiration:Lifesprig"],"acts_visited":["Exordium","TheCity"],"potions_floor_usage":[16,16,16,21,27],"damage_taken":[{"damage":7,"enemies":"2 Louse","floor":1,"turns":4},{"damage":10,"enemies":"Small Slimes","floor":4,"turns":3},{"damage":4,"enemies":"conspire:RoseBush","floor":5,"turns":3},{"damage":2,"enemies":"Looter","floor":10,"turns":3},{"damage":2,"enemies":"2 Fungi Beasts","floor":13,"turns":3},{"damage":71,"enemies":"The Guardian","floor":16,"turns":13},{"damage":17,"enemies":"Chosen","floor":18,"turns":3},{"damage":49,"enemies":"conspire:FuzzyDice","floor":20,"turns":7},{"damage":25,"enemies":"conspire:HollyBat","floor":21,"turns":6},{"damage":17,"enemies":"Centurion and Healer","floor":25,"turns":6},{"damage":40,"enemies":"Snake Plant","floor":27,"turns":3},{"damage":14,"enemies":"conspire:HollyBat","floor":28,"turns":1}],"seed_played":"2044204823151703461","potions_obtained":[{"floor":1,"key":"Block Potion"},{"floor":5,"key":"Fire Potion"},{"floor":13,"key":"DuplicationPotion"},{"floor":18,"key":"SneckoOil"},{"floor":20,"key":"Strength Potion"},{"floor":21,"key":"CunningPotion"},{"floor":27,"key":"Swift Potion"}],"is_trial":false,"path_per_floor":["M","?","?","M","M","R","?","T","T","M","?","R","M","?","R","B",null,"M","?","M","M","$","R","AVR","M","T","M","M"],"character_chosen":"THE_SILENT","items_purchased":["hubris:Counter","Replay:Lucky Slots","StuffTheSpire:Experiment12","Accuracy","StuffTheSpire:MirrorStance"],"campfire_rested":3,"item_purchase_floors":[22,22,22,22,22],"current_hp_per_floor":[63,35,35,26,22,43,43,43,43,52,55,73,73,73,73,20,73,56,73,35,14,14,35,35,51,51,14,0,0],"gold":70,"neow_bonus":"","is_daily":false,"chose_seed":false,"campfire_upgraded":1,"win_rate":0.0,"timestamp":1612446622,"path_taken":["M","?","?","M","M","R","?","?","T","M","?","R","?","?","R","BOSS","M","?","M","M","?","R","AVR","M","T","M","M"],"items_purchased_type":["Card","Relic","Relic","Card","Card"],"build_version":"2020-12-22","purchased_purges":0,"victory":false,"max_hp_per_floor":[70,70,70,70,70,70,70,70,70,70,73,73,73,73,73,73,73,73,73,73,73,73,73,73,73,73,73,73,73],"relic_stats":{"counters":[33,143],"Boot":[92],"obtain_stats":[{"aspiration:Lifesprig":26,"StoneCalendar":33,"Uniform":0,"Whetstone":9,"Sling":0,"Ancient Tea Set":24,"Boot":9,"halation:StarCompass":14,"conspire:InfiniteJournal":42,"StuffTheSpire:Experiment12":22,"CogitoBucket":0,"hubris:Icosahedron":41,"halation:SimulatedSpire":0,"RollingBoulder":0,"Tiny Chest":6,"Fusion Hammer":27,"WingedGreaves":35,"Replay:Lucky Slots":22,"energizedSpire:HugeHouse":17,"Replay:Bottled Flurry":8,"halation:LettersToHer":0,"aspiration:ChemicalBlood":22,"Ring of the Snake":16,"energizedSpire:RedRose":30,"halation:YellowSoulGem":31,"MerchantsRug":0,"Girya":0,"BackwardClock":18,"construct:ClawGrip":17,"GiantMaggot":37,"energizedSpire:EnergizedDie":24,"aspiration:SeaSaltIceCream":41,"hubris:Spice":39,"halation:Jellyphish":20,"SpikesRelics:DaevaFist":26,"halation:AfternoonTea":2,"conspire:DeflatedDodgeball":8,"Mirror":38,"hubris:Potato":24,"vexMod:BigBerry":34},{"aspiration:Lifesprig":30,"StoneCalendar":13,"Uniform":0,"Whetstone":4,"Sling":0,"Ancient Tea Set":10,"Boot":22,"halation:StarCompass":24,"conspire:InfiniteJournal":18,"StuffTheSpire:Experiment12":29,"CogitoBucket":19,"hubris:Icosahedron":17,"halation:SimulatedSpire":0,"RollingBoulder":0,"Tiny Chest":3,"Fusion Hammer":11,"WingedGreaves":14,"Replay:Lucky Slots":29,"energizedSpire:HugeHouse":8,"Replay:Bottled Flurry":22,"halation:LettersToHer":0,"aspiration:ChemicalBlood":10,"Ring of the Snake":25,"energizedSpire:RedRose":12,"halation:YellowSoulGem":13,"MerchantsRug":0,"Girya":0,"BackwardClock":27,"construct:ClawGrip":25,"GiantMaggot":15,"energizedSpire:EnergizedDie":29,"aspiration:SeaSaltIceCream":17,"hubris:Spice":16,"halation:Jellyphish":10,"SpikesRelics:DaevaFist":11,"halation:AfternoonTea":20,"conspire:DeflatedDodgeball":4,"Mirror":15,"hubris:Potato":29,"vexMod:BigBerry":14},{"aspiration:Lifesprig":138,"StoneCalendar":59,"Uniform":0,"Whetstone":14,"Sling":0,"Ancient Tea Set":44,"Boot":97,"halation:StarCompass":103,"conspire:InfiniteJournal":86,"StuffTheSpire:Experiment12":133,"CogitoBucket":87,"hubris:Icosahedron":81,"halation:SimulatedSpire":0,"RollingBoulder":0,"Tiny Chest":10,"Fusion Hammer":52,"WingedGreaves":67,"Replay:Lucky Slots":133,"energizedSpire:HugeHouse":31,"Replay:Bottled Flurry":97,"halation:LettersToHer":0,"aspiration:ChemicalBlood":44,"Ring of the Snake":111,"energizedSpire:RedRose":56,"halation:YellowSoulGem":59,"MerchantsRug":0,"Girya":0,"BackwardClock":120,"construct:ClawGrip":116,"GiantMaggot":70,"energizedSpire:EnergizedDie":133,"aspiration:SeaSaltIceCream":81,"hubris:Spice":78,"halation:Jellyphish":44,"SpikesRelics:DaevaFist":52,"halation:AfternoonTea":91,"conspire:DeflatedDodgeball":14,"Mirror":70,"hubris:Potato":133,"vexMod:BigBerry":67}],"Ring of the Snake":[28]},"card_choices":[{"not_picked":["Bane","Fluid Movement"],"picked":"Poisoned Stab","floor":1},{"not_picked":["PunishingBird","Porccubus"],"picked":"Funeral","floor":1},{"not_picked":["Underhanded Strike","StuffTheSpire:Incantation"],"picked":"StuffTheSpire:Injection","floor":2},{"not_picked":["Blade Dance","Flying Knee"],"picked":"A Thousand Cuts","floor":2},{"not_picked":["Dagger Spray","ShadowRift"],"picked":"StuffTheSpire:DoubleShiv","floor":4},{"not_picked":["VoidDream","Murderer","NakedNest"],"picked":"Singing Bowl","floor":4},{"not_picked":["Bloodbath","MeatLantern"],"picked":"CrumblingArmor","floor":4},{"not_picked":["Dodge and Roll","Backflip"],"picked":"Flying Knee","floor":5},{"not_picked":["SpiderBud","QueenOfHatred"],"picked":"FairyFestival","floor":5},{"not_picked":["Deadly Poison","Bane"],"picked":"Malaise","floor":10},{"not_picked":["UniverseFragment","MHz"],"picked":"QueenOfHatred","floor":10},{"not_picked":["Acrobatics","Dodge and Roll"],"picked":"Blur","floor":13},{"not_picked":["UniverseFragment","Laetitia"],"picked":"BeautyBeast","floor":13},{"not_picked":["Poison Darts","Die Die Die"],"picked":"Bullet Time","floor":16},{"not_picked":["PunishingBird","Bloodbath"],"picked":"Scarecrow","floor":16},{"not_picked":["PiercingWail","StuffTheSpire:Python"],"picked":"Eviscerate+1","floor":18},{"not_picked":["Woodsman","VoidDream"],"picked":"OldLady","floor":18},{"not_picked":["Leg Sweep","StuffTheSpire:Shiver"],"picked":"StuffTheSpire:Python","floor":20},{"not_picked":["CherryBlossoms","QueenBee"],"picked":"LittleHelper","floor":20},{"not_picked":["StuffTheSpire:Incursion","Blade Dance+1"],"picked":"Phantasmal Killer","floor":21},{"not_picked":["Porccubus","Wellcheers"],"picked":"LongBird","floor":21},{"not_picked":["Acrobatics+1","All Out Attack"],"picked":"Underhanded Strike","floor":25},{"not_picked":["ShyLook","Wellcheers"],"picked":"HappyTeddy","floor":25},{"not_picked":["StuffTheSpire:Injection","Pace"],"picked":"Tactician","floor":27},{"not_picked":["MeatLantern","Freischutz"],"picked":"OSAHOGD","floor":27}],"player_experience":207015,"relics_obtained":[{"floor":2,"key":"halation:AfternoonTea"},{"floor":8,"key":"Replay:Bottled Flurry"},{"floor":9,"key":"Boot"},{"floor":26,"key":"aspiration:Lifesprig"}],"event_choices":[{"damage_healed":43,"gold_gain":0,"player_choice":"Leave","damage_taken":0,"max_hp_gain":0,"max_hp_loss":70,"event_name":"betterThird:BetterShining","floor":7,"gold_loss":0},{"damage_healed":17,"gold_gain":0,"player_choice":"Full Heal","damage_taken":0,"max_hp_gain":0,"max_hp_loss":0,"event_name":"Wheel of Change","floor":19,"gold_loss":0}],"is_beta":false,"boss_relics":[{"not_picked":["energizedSpire:OgreHead","hubris:BlackHole"],"picked":"construct:ClawGrip"}],"items_purged_floors":[],"is_endless":false,"potions_floor_spawned":[1,5,13,18,20,21,27],"killed_by":"conspire:HollyBat","ascension_level":0}}