{"host":"5mo0809oo9tcrmpl","time":1612406042,"event":{"mods":["BaseMod","Highlight Path","Minty Spire (QoL Compilation)","Relic Stats","Slay the Relics Exporter"],"gold_per_floor":[13,13,32,32,49,49,76,76,76,1,21,21,21,21,21,21,21],"floor_reached":16,"language":"ENG","playtime":433,"items_purged":["Strike_R"],"score":216,"play_id":"6ce3e691-8eec-4f50-9983-e8a0b883e3e7","local_time":"20210203203402","is_ascension_mode":true,"campfire_choices":[{"data":"Searing Blow","floor":6.0,"key":"SMITH"},{"data":"Searing Blow+1","floor":8.0,"key":"SMITH"},{"data":"Searing Blow+2","floor":13.0,"key":"SMITH"},{"data":"Juggernaut","floor":15,"key":"SMITH"}],"circlet_count":0,"master_deck":["AscendersBane","Strike_R","Strike_R","Strike_R","Defend_R","Defend_R","Defend_R","Defend_R","Bash","Juggernaut+1","Searing Blow+3","True Grit+1","Pommel Strike"],"relics":["Burning Blood","Sundial","Letter Opener"],"acts_visited":["Exordium"],"potions_floor_usage":[14,14],"damage_taken":[{"damage":4.0,"enemies":"2 Louse","floor":1.0,"turns":4.0},{"damage":1.0,"enemies":"Cultist","floor":3.0,"turns":4.0},{"damage":23.0,"enemies":"Small Slimes","floor":5.0,"turns":4.0},{"damage":36.0,"enemies":"Lagavulin","floor":7.0,"turns":8.0},{"damage":11.0,"enemies":"2 Fungi Beasts","floor":11.0,"turns":4.0},{"damage":8,"enemies":"Gremlin Nob","floor":14,"turns":3},{"damage":26,"enemies":"Hexaghost","floor":16,"turns":9}],"seed_played":"5144796911436338695","potions_obtained":[{"floor":1.0,"key":"PowerPotion"},{"floor":5.0,"key":"GamblersBrew"},{"floor":11.0,"key":"SmokeBomb"}],"is_trial":false,"path_per_floor":["M","?","M","$","M","R","E","R","T","$","M","?","R","E","R","B"],"character_chosen":"IRONCLAD","items_purchased":[],"campfire_rested":0,"item_purchase_floors":[],"current_hp_per_floor":[70,70,75,75,58,58,28,28,28,28,23,23,23,21,21,0,0],"gold":21,"neow_bonus":"THREE_RARE_CARDS","is_daily":false,"chose_seed":false,"campfire_upgraded":4,"win_rate":0.0,"timestamp":1612406042,"path_taken":["M","?","M","?","M","R","E","R","T","$","M","?","R","E","R","BOSS"],"items_purchased_type":[],"build_version":"2020-12-22","purchased_purges":1,"victory":false,"max_hp_per_floor":[75,75,75,75,75,75,75,75,75,75,75,75,75,75,75,75,75],"relic_stats":{"counters":[7,36],"Sundial":[4],"Letter Opener":[10],"obtain_stats":[{"Sundial":7,"Letter Opener":9,"Burning Blood":0},{"Sundial":4,"Letter Opener":4,"Burning Blood":0},{"Sundial":20,"Letter Opener":20,"Burning Blood":0}],"Burning Blood":36},"card_choices":[{"not_picked":["Double Tap","Berserk"],"picked":"Juggernaut","floor":0.0},{"not_picked":["Sword Boomerang","Rage"],"picked":"Searing Blow","floor":1.0},{"not_picked":["Cleave","Heavy Blade","Clothesline"],"picked":"SKIP","floor":3.0},{"not_picked":["Burning Pact","Heavy Blade"],"picked":"True Grit","floor":5.0},{"not_picked":["Havoc","Iron Wave","Headbutt"],"picked":"SKIP","floor":7.0},{"not_picked":["Dropkick","Havoc"],"picked":"Pommel Strike","floor":11.0}],"player_experience":1235997,"relics_obtained":[{"floor":7.0,"key":"Sundial"},{"floor":9.0,"key":"Letter Opener"}],"event_choices":[{"cards_removed":["Strike_R"],"damage_healed":0.0,"max_hp_gain":0.0,"max_hp_loss":0.0,"gold_gain":0.0,"event_name":"Bonfire Elementals","player_choice":"Offered Basic","floor":2.0,"gold_loss":0.0,"damage_taken":0.0},{"damage_healed":0.0,"max_hp_gain":0.0,"max_hp_loss":0.0,"gold_gain":0.0,"event_name":"Living Wall","player_choice":"Grow","floor":12.0,"gold_loss":0.0,"damage_taken":0.0,"cards_upgraded":["True Grit"]}],"is_beta":false,"boss_relics":[],"items_purged_floors":[10],"is_endless":false,"potions_floor_spawned":[1,5,11],"killed_by":"Hexaghost","ascension_level":20}}