{"host":"18wi9kpcl4eah7pe","time":1612410148,"event":{"mods":["BaseMod","Colored Powertips","Downfall","Minty Spire (QoL Compilation)","StSLib"],"gold_per_floor":[99,99,99,99,99,128,128,144,44,61,46,146,46,146,169,271,271,271,292,292,39,67,94,94,94,122,122,147,173,173,208,226,330,330,330,356,402,677,690,690,690,278,300,318,337,337,237,263,284,284,284,324,14,14,14,14],"floor_reached":57,"language":"ENG","playtime":4393,"items_purged":["Regret"],"score":1580,"play_id":"34775f01-cec4-48b3-b0fb-f41564f1662f","local_time":"20210203214228","is_ascension_mode":true,"campfire_choices":[{"floor":1.0,"key":"RECALL"},{"floor":9.0,"key":"REST"},{"floor":13.0,"key":"REST"},{"data":"hexamod:SoulSteal","floor":18.0,"key":"SMITH"},{"floor":25.0,"key":"REST"},{"floor":27.0,"key":"REST"},{"data":"hexamod:Incineration","floor":35.0,"key":"SMITH"},{"floor":40.0,"key":"REST"},{"data":"hexamod:TimeWarp","floor":47.0,"key":"SMITH"},{"floor":54,"key":"REST"}],"circlet_count":0,"master_deck":["hexamod:Strike","hexamod:Strike+1","hexamod:Strike","hexamod:Strike+1","hexamod:Defend+1","hexamod:Defend+1","hexamod:Defend","hexamod:Defend+1","hexamod:Sear","hexamod:Float","hexamod:SwordOfDarkness+1","hexamod:SoulSteal+1","hexamod:HauntingEcho","hexamod:ThirdSeal","hexamod:GhostOfSpireFuture","hexamod:ChargedBarrage+1","hexamod:ChargedBarrage+1","hexamod:SpectersWail","hexamod:TimeOfNeed+1","hexamod:FastForward+1","hexamod:SecondSeal","hexamod:PhantomFireball","hexamod:TimeWarp+1","hexamod:SwordOfDarkness+1","hexamod:GhostShield+1","hexamod:FlamesFromBeyond+1","hexamod:FourthSeal","hexamod:CatchUp+1","hexamod:Incineration+1","hexamod:NightmareGuise+1","hexamod:Hexaguard+1","hexamod:PowerFromBeyond+1","hexamod:FastForward+1","hexamod:ShieldOfDarkness+1","hexamod:SixthSeal","hexamod:Firestarter+1","hexamod:RadiantFlame+1","hexamod:AdvancingGuard+1","hexamod:FirstSeal","hexamod:ExtraCrispy+1","hexamod:EtherealExpedition+1"],"relics":["hexamod:SpiritBrand","downfall:HeartsMalice","Shuriken","Toxic Egg 2","Mercury Hourglass","downfall:HeartBlessingGreen","downfall:HeartBlessingRed","Potion Belt","hexamod:IceCube","Pear","Pocketwatch","Matryoshka","Ornamental Fan","hexamod:InflammatoryLetter","Singing Bowl","Red Mask","expansioncontent:StudyCardRelic","Unceasing Top","The Courier","Blood Vial","HandDrill","Ginger","Eternal Feather","hexamod:BolsterEngine","Frozen Egg 2","downfall:HeartBlessingBlue","Mummified Hand","Lizard Tail"],"acts_visited":["Exordium","TheCity","TheBeyond","TheEnding"],"potions_floor_usage":[55,55,56],"damage_taken":[{"damage":0.0,"enemies":"Cultist","floor":2.0,"turns":1.0},{"damage":0.0,"enemies":"Jaw Worm","floor":3.0,"turns":1.0},{"damage":0.0,"enemies":"Small Slimes","floor":4.0,"turns":1.0},{"damage":20.0,"enemies":"3 Sentries","floor":6.0,"turns":7.0},{"damage":9.0,"enemies":"Red Slaver","floor":8.0,"turns":2.0},{"damage":6.0,"enemies":"Exordium Thugs","floor":10.0,"turns":3.0},{"damage":5.0,"enemies":"downfall:FleeingMerchant","floor":11.0,"turns":4.0},{"damage":19.0,"enemies":"downfall:LadyInBlue","floor":14.0,"turns":8.0},{"damage":15.0,"enemies":"Large Slime","floor":15.0,"turns":5.0},{"damage":17.0,"enemies":"IC_STATUS_ARCHETYPE","floor":16.0,"turns":5.0},{"damage":0.0,"enemies":"Spheric Guardian","floor":19.0,"turns":2.0},{"damage":4.0,"enemies":"downfall:FleeingMerchant","floor":21.0,"turns":4.0},{"damage":32.0,"enemies":"3 Byrds","floor":22.0,"turns":5.0},{"damage":17.0,"enemies":"Gremlin Leader","floor":23.0,"turns":4.0},{"damage":24.0,"enemies":"Book of Stabbing","floor":26.0,"turns":5.0},{"damage":7.0,"enemies":"Cultist and Chosen","floor":28.0,"turns":4.0},{"damage":0.0,"enemies":"Gremlin Leader","floor":29.0,"turns":4.0},{"damage":3.0,"enemies":"Masked Bandits","floor":31.0,"turns":4.0},{"damage":0.0,"enemies":"Sentry and Sphere","floor":32.0,"turns":4.0},{"damage":38.0,"enemies":"DF_ARCHETYPE_CLAW","floor":33.0,"turns":6.0},{"damage":2.0,"enemies":"Orb Walker","floor":36.0,"turns":4.0},{"damage":29.0,"enemies":"2 Orb Walkers","floor":37.0,"turns":4.0},{"damage":0.0,"enemies":"3 Shapes","floor":39.0,"turns":3.0},{"damage":4.0,"enemies":"downfall:FleeingMerchant","floor":42.0,"turns":4.0},{"damage":7.0,"enemies":"Spire Growth","floor":43.0,"turns":4.0},{"damage":0.0,"enemies":"3 Darklings","floor":44.0,"turns":3.0},{"damage":19.0,"enemies":"4 Shapes","floor":45.0,"turns":4.0},{"damage":51.0,"enemies":"Writhing Mass","floor":48.0,"turns":5.0},{"damage":0.0,"enemies":"3 Darklings","floor":49.0,"turns":4.0},{"damage":25.0,"enemies":"SI_POISON_ARCHETYPE","floor":50.0,"turns":8.0},{"damage":69,"enemies":"downfall:CharBossMerchant","floor":52,"turns":6},{"damage":63,"enemies":"downfall:NeowBoss","floor":55,"turns":19},{"damage":108,"enemies":"downfall:NeowBossFinal","floor":56,"turns":10}],"seed_played":"-4399843189106274060","potions_obtained":[{"floor":6.0,"key":"Guardian:BlockOnCardUsePotion"},{"floor":8.0,"key":"EssenceOfSteel"},{"floor":14.0,"key":"champ:CounterPotion"},{"floor":14.0,"key":"Weak Potion"},{"floor":14.0,"key":"Strength Potion"},{"floor":14.0,"key":"DistilledChaos"},{"floor":15.0,"key":"CultistPotion"},{"floor":16.0,"key":"Dexterity Potion"},{"floor":20.0,"key":"CultistPotion"},{"floor":23.0,"key":"Fire Potion"},{"floor":26.0,"key":"AttackPotion"},{"floor":28.0,"key":"Fire Potion"},{"floor":28.0,"key":"AttackPotion"},{"floor":29.0,"key":"Swift Potion"},{"floor":29.0,"key":"hexamod:EctoCoolerPotion"},{"floor":31.0,"key":"SpeedPotion"},{"floor":32.0,"key":"Strength Potion"},{"floor":36.0,"key":"Fire Potion"},{"floor":36.0,"key":"Regen Potion"},{"floor":37.0,"key":"hexamod:SoulburnPotion"},{"floor":37.0,"key":"Slimebound:ThreeZeroPotion"},{"floor":43.0,"key":"Slimebound:ThreeZeroPotion"},{"floor":43.0,"key":"GamblersBrew"},{"floor":44.0,"key":"hexamod:SoulburnPotion"},{"floor":49.0,"key":"Block Potion"},{"floor":52,"key":"Block Potion"}],"is_trial":false,"path_per_floor":["R","M","M","M","?","E","T","M","R","M","$","?","R","?","M","B",null,"R","M","?","$","M","E","T","R","E","R","M","E","?","?","M","B",null,"R","M","?","?","M","R","T","$","M","M","M","?","R","M","M","B",null,"E","$","R","B","B",null],"character_chosen":"THE_SPIRIT","items_purchased":["Pear","HandDrill","Ginger","Eternal Feather","hexamod:BolsterEngine","Lizard Tail","PowerPotion","Strength Potion"],"campfire_rested":6,"item_purchase_floors":[21,42,42,42,42,53,53,53],"current_hp_per_floor":[70,70,70,70,52,32,32,23,44,38,33,33,54,35,20,3,70,70,70,70,76,44,27,27,51,27,51,44,44,44,43,43,5,82,82,80,53,53,64,86,86,82,79,83,66,66,97,57,68,45,104,42,42,97,43,2],"gold":14,"neow_bonus":"THREE_ENEMY_KILL","is_daily":false,"chose_seed":false,"campfire_upgraded":3,"win_rate":0.0,"timestamp":1612410148,"path_taken":["R","M","M","M","?","E","T","M","R","M","$","?","R","?","M","BOSS","R","M","?","?","M","E","T","R","E","R","M","E","?","?","M","BOSS","R","M","?","?","M","R","T","$","M","M","?","?","R","M","M","BOSS","E","$","R","BOSS","BOSS"],"items_purchased_type":["Relic","Relic","Relic","Relic","Relic","Relic","Potion","Potion"],"build_version":"2020-12-22","purchased_purges":1,"victory":true,"max_hp_per_floor":[70,70,70,70,70,70,70,70,70,70,70,70,70,70,70,70,70,70,70,70,80,80,80,80,80,80,80,80,80,80,82,82,82,82,82,82,84,84,86,86,86,86,88,90,90,90,100,102,104,104,104,104,104,104,104,104],"card_choices":[{"not_picked":["hexamod:InspiringFlames","hexamod:HeatMetal"],"picked":"hexamod:SwordOfDarkness","floor":2.0},{"not_picked":["hexamod:Firestarter","hexamod:FastForward"],"picked":"hexamod:SoulSteal","floor":3.0},{"not_picked":["hexamod:GhostflameBarrier","hexamod:Haunt"],"picked":"hexamod:HauntingEcho","floor":4.0},{"not_picked":["hexamod:Hexaguard+1","hexamod:HeatMetal"],"picked":"hexamod:ThirdSeal","floor":6.0},{"not_picked":["hexamod:StepThrough","hexamod:SpectralSpark+1"],"picked":"hexamod:GhostOfSpireFuture","floor":8.0},{"not_picked":["hexamod:FlamesFromBeyond+1","hexamod:SuperheatedStrike"],"picked":"hexamod:ChargedBarrage+1","floor":10.0},{"not_picked":["hexamod:PowerFromBeyond+1","hexamod:SoulSteal+1"],"picked":"hexamod:ChargedBarrage+1","floor":10.0},{"not_picked":["hexamod:NightmareGuise+1","hexamod:HeatCrush"],"picked":"hexamod:SpectersWail","floor":11.0},{"not_picked":["hexamod:HeatMetal","hexamod:GhostLash"],"picked":"hexamod:TimeOfNeed+1","floor":11.0},{"not_picked":["hexamod:ThirdSeal","hexamod:SwordOfDarkness"],"picked":"hexamod:FastForward+1","floor":14.0},{"not_picked":["hexamod:Again+1","hexamod:BurningTouch+1"],"picked":"hexamod:SecondSeal","floor":14.0},{"not_picked":["hexamod:Toasty","hexamod:GhostOfSpirePast"],"picked":"hexamod:PhantomFireball","floor":15.0},{"not_picked":["hexamod:ForkedFlame","hexamod:UnleashSpirits"],"picked":"hexamod:TimeWarp","floor":16.0},{"not_picked":["hexamod:SuperheatedStrike","hexamod:HauntingEcho"],"picked":"hexamod:SwordOfDarkness+1","floor":19.0},{"not_picked":["hexamod:Haunt+1","hexamod:SpectralAdrenaline+1"],"picked":"hexamod:GhostShield+1","floor":21.0},{"not_picked":["hexamod:TimeWarp","hexamod:SpectersWail"],"picked":"hexamod:FlamesFromBeyond+1","floor":21.0},{"not_picked":["hexamod:SpectralAdrenaline+1","hexamod:HauntingEcho"],"picked":"hexamod:FourthSeal","floor":22.0},{"not_picked":["hexamod:BurningTouch+1","hexamod:FlamesFromBeyond+1"],"picked":"hexamod:CatchUp+1","floor":22.0},{"not_picked":["hexamod:BacktrackSmack","hexamod:ThirdSeal"],"picked":"hexamod:Incineration","floor":23.0},{"not_picked":["hexamod:SpectralSpark+1","hexamod:Incineration"],"picked":"hexamod:NightmareGuise+1","floor":23.0},{"not_picked":["hexamod:HeatMetal","hexamod:Haunt+1"],"picked":"hexamod:Hexaguard+1","floor":26.0},{"not_picked":["hexamod:NightmareStrike","hexamod:ShieldOfDarkness+1"],"picked":"hexamod:PowerFromBeyond+1","floor":28.0},{"not_picked":["hexamod:FlamesFromBeyond+1","hexamod:HauntingEcho"],"picked":"hexamod:FastForward+1","floor":29.0},{"not_picked":["hexamod:GhostLash","hexamod:SwordOfDarkness+1","hexamod:Rewind+1"],"picked":"Singing Bowl","floor":31.0},{"not_picked":["hexamod:GhostShield+1","hexamod:SpectralAdrenaline+1"],"picked":"hexamod:ShieldOfDarkness+1","floor":32.0},{"not_picked":["hexamod:TurnItUp+1","hexamod:UnlimitedPower+1"],"picked":"hexamod:SixthSeal","floor":33.0},{"not_picked":["hexamod:HauntingEcho+1","hexamod:FastForward+1"],"picked":"hexamod:Firestarter+1","floor":36.0},{"not_picked":["hexamod:ThirdSeal","hexamod:NecessarySacrifice+1","hexamod:HauntingEcho"],"picked":"Singing Bowl","floor":37.0},{"not_picked":["hexamod:ThermalTransfer+1","hexamod:Firestarter+1","hexamod:SuperheatedStrike"],"picked":"Singing Bowl","floor":39.0},{"not_picked":["hexamod:SuperheatedStrike","hexamod:HeatCrush+1"],"picked":"hexamod:RadiantFlame+1","floor":42.0},{"not_picked":["hexamod:SpectersWail","hexamod:Hexaguard+1","hexamod:RainOfEmbers"],"picked":"Singing Bowl","floor":43.0},{"not_picked":["hexamod:FastForward+1","hexamod:SuperheatedStrike+1","hexamod:HauntingEcho+1"],"picked":"Singing Bowl","floor":44.0},{"not_picked":["hexamod:GhostOfSpirePast+1","hexamod:SixthSeal"],"picked":"hexamod:AdvancingGuard+1","floor":45.0},{"not_picked":["hexamod:RecurringNightmare+1","hexamod:Firestarter"],"picked":"hexamod:FirstSeal","floor":45.0},{"not_picked":["hexamod:GhostLash","hexamod:SuperheatedStrike","hexamod:GhostOfSpirePast+1"],"picked":"Singing Bowl","floor":48.0},{"not_picked":["hexamod:InspiringFlames+1","hexamod:FirstSeal","hexamod:GhostShield+1"],"picked":"Singing Bowl","floor":49.0},{"not_picked":["hexamod:ThermalTransfer","hexamod:SpectralAdrenaline+1"],"picked":"hexamod:ExtraCrispy+1","floor":52},{"not_picked":["hexamod:HeatShield+1","hexamod:NightmareGuise+1"],"picked":"hexamod:EtherealExpedition+1","floor":52}],"player_experience":986143,"relics_obtained":[{"floor":6.0,"key":"Toxic Egg 2"},{"floor":7.0,"key":"Mercury Hourglass"},{"floor":14.0,"key":"Potion Belt"},{"floor":23.0,"key":"Pocketwatch"},{"floor":24.0,"key":"Matryoshka"},{"floor":26.0,"key":"Ornamental Fan"},{"floor":29.0,"key":"hexamod:InflammatoryLetter"},{"floor":31.0,"key":"Red Mask"},{"floor":37.0,"key":"Unceasing Top"},{"floor":41.0,"key":"The Courier"},{"floor":41.0,"key":"Blood Vial"},{"floor":46.0,"key":"Frozen Egg 2"},{"floor":52,"key":"Mummified Hand"}],"event_choices":[{"damage_healed":0.0,"max_hp_gain":0.0,"max_hp_loss":0.0,"gold_gain":0.0,"event_name":"Scrap Ooze","player_choice":"Success","floor":5.0,"gold_loss":0.0,"damage_taken":18.0,"relics_obtained":["Shuriken"]},{"damage_healed":0.0,"max_hp_gain":0.0,"max_hp_loss":0.0,"gold_gain":0.0,"event_name":"Masked Bandits","player_choice":"Fought Bandits","floor":31.0,"gold_loss":0.0,"damage_taken":0.0},{"damage_healed":0.0,"max_hp_gain":0.0,"max_hp_loss":0.0,"gold_gain":0.0,"event_name":"Mysterious Sphere","player_choice":"Fight","floor":37.0,"gold_loss":0.0,"damage_taken":0.0}],"is_beta":false,"boss_relics":[{"not_picked":["Busted Crown","Astrolabe"],"picked":"hexamod:IceCube"},{"not_picked":["Empty Cage","SacredBark"],"picked":"expansioncontent:StudyCardRelic"}],"items_purged_floors":[42],"is_endless":false,"potions_floor_spawned":[6,8,14,15,16,26,28,29,31,36,37,43,44],"ascension_level":4}}