{"host":"ju66gn9zov5ov15o","time":1612474144,"event":{"mods":["100% Spire Juice","2.2 Compatiblity","Act Like it!","Arknights","Aspiration","BaseMod","Conspire","Downfall","GifTheSpireLib","Hubris","Lobotomy","LobotomyExtend","Marisa????????","Minty Spire (QoL Compilation)","Pale of the Ancients","Rare Cards Sparkle","Relic Stats","StSLib","The Alterego","The Animator"],"gold_per_floor":[99,110,110,122,122,22,49,34,34,48,79,92,137,149,183,183,183,183],"floor_reached":16,"language":"ENG","playtime":634,"items_purged":[],"score":168,"play_id":"827284ff-50b5-44d1-aa7b-cfd202e26e54","local_time":"20210204222904","is_ascension_mode":true,"campfire_choices":[{"data":"champ:Strike","floor":1,"key":"SMITH"},{"data":"champ:FanOfKnives","floor":9,"key":"SMITH"}],"circlet_count":0,"master_deck":["conspire:GhostlyStrike+1","conspire:GhostlyStrike","conspire:GhostlyStrike","conspire:GhostlyStrike","conspire:GhostlyDefend","conspire:GhostlyDefend","conspire:GhostlyDefend","conspire:GhostlyDefend","champ:Execute+1","champ:Taunt","champ:CrookedStrike","champ:GladiatorStyle","conspire:SpireCoStock","conspire:SpireCoStock","champ:FanOfKnives+1","champ:FanOfKnives","champ:TripleStrike","champ:ShieldWall","champ:FlashCut"],"relics":["champ:ChampionCrown","hubris:TenFootPole","Toy Ornithopter","Anchor"],"acts_visited":["Exordium"],"potions_floor_usage":[13,14,16],"damage_taken":[{"damage":0,"enemies":"Small Slimes","floor":2,"turns":2},{"damage":0,"enemies":"2 Louse","floor":4,"turns":2},{"damage":30,"enemies":"downfall:FleeingMerchant","floor":8,"turns":4},{"damage":15,"enemies":"Jaw Worm","floor":10,"turns":3},{"damage":28,"enemies":"3 Sentries","floor":11,"turns":5},{"damage":22,"enemies":"2 Fungi Beasts","floor":12,"turns":3},{"damage":44,"enemies":"Lagavulin","floor":13,"turns":5},{"damage":15,"enemies":"Gremlin Gang","floor":14,"turns":2},{"damage":25,"enemies":"Large Slime","floor":15,"turns":5},{"damage":38,"enemies":"WA_ARCHETYPE_RETAIN","floor":16,"turns":4}],"seed_played":"-7291439677668345832","potions_obtained":[{"floor":4,"key":"Dexterity Potion"},{"floor":10,"key":"Strength Potion"},{"floor":13,"key":"SkillPotion"}],"is_trial":false,"path_per_floor":["R","M","?","M","?","?","T","$","R","M","E","M","E","M","M","B"],"character_chosen":"THE_CHAMP","items_purchased":[],"campfire_rested":0,"item_purchase_floors":[],"current_hp_per_floor":[90,90,90,90,90,90,90,80,80,75,57,45,11,16,16,0,0,0],"gold":183,"neow_bonus":"UPGRADE_CARD","is_daily":false,"chose_seed":false,"campfire_upgraded":2,"win_rate":0.0,"timestamp":1612474144,"path_taken":["R","M","?","M","?","?","T","?","R","M","E","M","E","M","M","BOSS"],"items_purchased_type":[],"build_version":"2020-12-22","purchased_purges":0,"victory":false,"max_hp_per_floor":[90,90,90,90,90,90,90,90,90,90,90,90,90,90,90,90,90,90],"relic_stats":{"counters":[10,35],"obtain_stats":[{"Anchor":13,"champ:ChampionCrown":0,"hubris:TenFootPole":7,"Toy Ornithopter":11},{"Anchor":7,"champ:ChampionCrown":0,"hubris:TenFootPole":2,"Toy Ornithopter":5},{"Anchor":24,"champ:ChampionCrown":0,"hubris:TenFootPole":4,"Toy Ornithopter":16}],"Toy Ornithopter":15},"card_choices":[{"not_picked":["champ:Haymaker","champ:Circumvent"],"picked":"champ:CrookedStrike","floor":2},{"not_picked":["champ:Haymaker","champ:Backstep"],"picked":"champ:GladiatorStyle","floor":4},{"not_picked":["champ:TornadoPunch","champ:Lariat"],"picked":"champ:FanOfKnives","floor":8},{"not_picked":["champ:PreemptiveStrike","champ:SetATrap"],"picked":"champ:FanOfKnives","floor":10},{"not_picked":["champ:BerserkersShout","champ:DeathBlow"],"picked":"champ:TripleStrike","floor":11},{"not_picked":["champ:DefensiveShout","champ:FlashCut"],"picked":"champ:ShieldWall","floor":12},{"not_picked":["champ:RisingSlash","champ:TornadoPunch","champ:HeartStrike"],"picked":"SKIP","floor":13},{"not_picked":["champ:RageSigil","champ:StanceDance","champ:FocusedBerserking"],"picked":"SKIP","floor":14},{"not_picked":["champ:PreciseThrust","champ:Endure"],"picked":"champ:FlashCut","floor":15}],"player_experience":467124,"relics_obtained":[{"floor":7,"key":"hubris:TenFootPole"},{"floor":11,"key":"Toy Ornithopter"},{"floor":13,"key":"Anchor"}],"event_choices":[{"damage_healed":0,"gold_gain":0,"player_choice":"Agree","damage_taken":0,"max_hp_gain":0,"max_hp_loss":0,"event_name":"conspire:LoneGhost","floor":5,"gold_loss":0},{"damage_healed":0,"gold_gain":0,"player_choice":"Invest 2","damage_taken":0,"max_hp_gain":0,"max_hp_loss":0,"event_name":"conspire:Investor","floor":6,"gold_loss":0}],"is_beta":false,"boss_relics":[],"items_purged_floors":[],"is_endless":false,"potions_floor_spawned":[4,10,13],"killed_by":"WA_ARCHETYPE_RETAIN","ascension_level":1}}