{"host":"3imo7wsdyu7efakj","time":1612417354,"event":{"mods":["BaseMod","Minty Spire (QoL Compilation)","StSLib","The Animator"],"gold_per_floor":[110,60,60,72,159,199,211,249,261,273,285,330,342,380,392,552,564,612,624,660,672,708,779,791,791],"floor_reached":24,"language":"ZHS","playtime":2514,"items_purged":[],"score":214,"play_id":"009d0d21-d43e-4af9-b5ea-6d17fa7a7f06","local_time":"20210204134234","is_ascension_mode":false,"campfire_choices":[{"data":"animator:GuildGirl","floor":11,"key":"SMITH"},{"data":"animator:Darkness","floor":15,"key":"SMITH"}],"circlet_count":0,"master_deck":["animator:Defend_TenSura","animator:Benimaru","animator:Shuna","animator:Mitsuba","animator:Mikaela+1","animator:GuildGirl+1","animator:KrulTepes+1","animator:Darkness+1","animator:AcuraShin+1","animator:Fredrika","animator:AcuraAkari","animator:Guy","animator:KyokoSakura+1","animator:Entoma+1","animator:CowGirl","animator:GazelDwargon"],"relics":["animator:LivingPicture","animator:TheMissingPiece","animator:PurgingStone","MawBank","Molten Egg 2","Golden Idol","Gambling Chip","Blood Vial","animator:RacePiece","Bottled Flame"],"acts_visited":["Exordium","TheCity"],"potions_floor_usage":[16,16,23,23,24],"damage_taken":[{"damage":3.0,"enemies":"Small Slimes","floor":1.0,"turns":4.0},{"damage":11.0,"enemies":"Gremlin Nob","floor":6.0,"turns":5.0},{"damage":0.0,"enemies":"Jaw Worm","floor":8.0,"turns":3.0},{"damage":0,"enemies":"2 Louse","floor":12,"turns":2},{"damage":0,"enemies":"Large Slime","floor":14,"turns":4},{"damage":3,"enemies":"Slime Boss","floor":16,"turns":7},{"damage":27,"enemies":"2 Thieves","floor":18,"turns":3},{"damage":0,"enemies":"Spheric Guardian","floor":20,"turns":2},{"damage":7,"enemies":"Snecko","floor":22,"turns":3},{"damage":30,"enemies":"Gremlin Leader","floor":23,"turns":6},{"damage":17,"enemies":"Masked Bandits","floor":24,"turns":2}],"seed_played":"6370455078693593443","potions_obtained":[{"floor":1.0,"key":"Regen Potion"},{"floor":12,"key":"BlessingOfTheForge"},{"floor":14,"key":"SteroidPotion"},{"floor":16,"key":"SpeedPotion"},{"floor":22,"key":"SpeedPotion"},{"floor":23,"key":"BlessingOfTheForge"}],"is_trial":false,"path_per_floor":["M","?","?","$","?","E","?","M","T","?","R","M","?","M","R","B",null,"M","?","M","$","M","E","?"],"character_chosen":"THE_ANIMATOR","items_purchased":[],"campfire_rested":0,"item_purchase_floors":[],"current_hp_per_floor":[45,45,33,33,22,25,25,25,25,30,30,30,23,23,23,20,66,39,39,41,41,37,9,0,0],"gold":791,"neow_bonus":"REMOVE_TWO","is_daily":false,"chose_seed":false,"campfire_upgraded":2,"win_rate":0.0,"timestamp":1612417354,"path_taken":["M","?","?","$","?","E","?","M","T","?","R","?","?","M","R","BOSS","M","?","M","$","?","E","?"],"items_purchased_type":[],"build_version":"2020-12-22","purchased_purges":0,"victory":false,"max_hp_per_floor":[66,66,66,66,66,66,61,61,61,66,66,66,66,66,66,66,66,66,66,66,66,67,67,67,67],"card_choices":[{"not_picked":["animator:Yuuichirou","animator:Vanir"],"picked":"animator:Mitsuba","floor":1.0},{"not_picked":["animator:Nanami","animator:Verdia"],"picked":"animator:Mikaela+1","floor":6.0},{"not_picked":["animator:Cocytus+1","animator:HiiragiShinya"],"picked":"animator:GuildGirl","floor":8.0},{"not_picked":["animator:Mikaela+1","animator:Guren"],"picked":"animator:KrulTepes+1","floor":12},{"not_picked":["animator:Ara+1","animator:MamiTomoe+1"],"picked":"animator:Darkness","floor":14},{"not_picked":["animator:Albedo+1","animator:Eris"],"picked":"animator:AcuraShin+1","floor":16},{"not_picked":["animator:Verdia","animator:Priestess"],"picked":"animator:KyokoSakura+1","floor":18},{"not_picked":["animator:Hitei","animator:Aisha+1"],"picked":"animator:Entoma+1","floor":20},{"not_picked":["animator:Spearman+1","animator:HighElfArcher+1"],"picked":"animator:CowGirl","floor":22},{"not_picked":["animator:MadokaKaname","animator:Hitei"],"picked":"animator:GazelDwargon","floor":23}],"player_experience":443348,"relics_obtained":[{"floor":6.0,"key":"Molten Egg 2"},{"floor":9.0,"key":"Gambling Chip"},{"floor":16,"key":"Blood Vial"},{"floor":23,"key":"Bottled Flame"}],"event_choices":[{"cards_removed":["animator:Strike"],"damage_healed":0.0,"max_hp_gain":0.0,"max_hp_loss":0.0,"gold_gain":0.0,"event_name":"The Cleric","player_choice":"Card Removal","floor":2.0,"gold_loss":50.0,"damage_taken":0.0},{"damage_healed":0.0,"max_hp_gain":0.0,"max_hp_loss":0.0,"gold_gain":0.0,"event_name":"Scrap Ooze","player_choice":"Success","floor":3.0,"gold_loss":0.0,"damage_taken":12.0,"relics_obtained":["MawBank"]},{"damage_healed":0.0,"max_hp_gain":0.0,"max_hp_loss":0.0,"gold_gain":75.0,"event_name":"World of Goop","player_choice":"Gather Gold","floor":5.0,"gold_loss":0.0,"damage_taken":11.0},{"damage_healed":0.0,"max_hp_gain":0.0,"max_hp_loss":5.0,"gold_gain":0.0,"event_name":"Golden Idol","player_choice":"Lose Max HP","floor":7.0,"gold_loss":0.0,"damage_taken":0.0,"relics_obtained":["Golden Idol"]},{"damage_healed":0,"gold_gain":0,"player_choice":"Donut","damage_taken":0,"max_hp_gain":5,"max_hp_loss":0,"event_name":"Big Fish","floor":10,"gold_loss":0},{"cards_removed":["animator:Strike"],"damage_healed":0,"gold_gain":0,"player_choice":"Card Removal","damage_taken":7,"max_hp_gain":0,"max_hp_loss":0,"event_name":"Golden Wing","floor":13,"gold_loss":0},{"damage_healed":0,"gold_gain":0,"player_choice":"Ignored","damage_taken":0,"max_hp_gain":0,"max_hp_loss":0,"event_name":"N\u0027loth","floor":19,"gold_loss":0},{"damage_healed":0,"gold_gain":0,"player_choice":"Fought Bandits","damage_taken":0,"max_hp_gain":0,"max_hp_loss":0,"event_name":"Masked Bandits","floor":24,"gold_loss":0}],"is_beta":false,"boss_relics":[{"not_picked":["Empty Cage","animator:CursedBlade"],"picked":"animator:RacePiece"}],"items_purged_floors":[],"is_endless":false,"potions_floor_spawned":[1,12,14,16,22,23],"killed_by":"Masked Bandits","ascension_level":0}}