{"host":"lq2h7q9ca6uwu60x","time":1612416745,"event":{"mods":["Act Like it!","BaseMod","Gensokyo","Minty Spire (QoL Compilation)","StSLib","The Animator"],"gold_per_floor":[114,130,142,142,155,155,200,53,53,73,90,90,100,100,100,100,100],"floor_reached":16,"language":"ZHS","playtime":408,"items_purged":[],"score":107,"play_id":"fd30a18a-138f-4c61-aa8d-99a672abf8ee","local_time":"20210204133225","is_ascension_mode":true,"campfire_choices":[{"data":"animator:MamiTomoe","floor":15,"key":"SMITH"}],"circlet_count":0,"master_deck":["animator:Strike_TenSura","animator:Defend_TenSura","animator:Strike","animator:Strike","animator:Strike","animator:Defend","animator:Defend","animator:Defend","animator:Benimaru","animator:Shuna","animator:MamiTomoe+1","Pain","Clumsy","animator:HighElfArcher","animator:Sonic","Injury"],"relics":["animator:LivingPicture","animator:TheMissingPiece","NeowsBlessing","Gensokyo:LunaticRedEyes","Gensokyo:NagashiBinaDoll","Matryoshka","Sling","Happy Flower","InkBottle","Calipers","Gensokyo:OccultBall"],"acts_visited":["Exordium"],"potions_floor_usage":[],"damage_taken":[{"damage":0.0,"enemies":"Gensokyo:2_Kodama","floor":1.0,"turns":1.0},{"damage":0.0,"enemies":"Gensokyo:Python","floor":2.0,"turns":1.0},{"damage":0.0,"enemies":"Gensokyo:Gryphon","floor":5.0,"turns":1.0},{"damage":21.0,"enemies":"Gensokyo:Mamizou","floor":7.0,"turns":6.0},{"damage":0,"enemies":"Gensokyo:Kitsune","floor":10,"turns":2},{"damage":0,"enemies":"Gensokyo:LivingMonolith","floor":11,"turns":3},{"damage":10,"enemies":"Gensokyo:Python_and_Kodama","floor":13,"turns":4},{"damage":0,"enemies":"Gensokyo:Yukari","floor":16,"turns":1}],"seed_played":"-4951195912141782671","potions_obtained":[{"floor":11,"key":"Fruit Juice"}],"is_trial":false,"path_per_floor":["M","M","?","?","M","?","E","$","T","M","M","?","M","?","R","B"],"character_chosen":"THE_ANIMATOR","items_purchased":["Sling"],"campfire_rested":0,"item_purchase_floors":[8],"current_hp_per_floor":[66,66,66,66,66,66,45,45,45,45,45,45,35,35,35,35,35],"gold":100,"neow_bonus":"THREE_ENEMY_KILL","is_daily":false,"chose_seed":false,"campfire_upgraded":1,"win_rate":0.0,"timestamp":1612416745,"path_taken":["M","M","?","?","?","?","E","?","T","?","M","?","M","?","R","BOSS"],"items_purchased_type":["Relic"],"build_version":"2020-12-22","purchased_purges":0,"victory":false,"max_hp_per_floor":[66,66,66,66,66,66,66,66,66,66,66,66,66,66,66,66,66],"card_choices":[{"not_picked":["animator:Gillette","animator:YuiTsuruno","animator:Hakurou"],"picked":"SKIP","floor":1.0},{"not_picked":["animator:Spearman","animator:Gillette","animator:Entoma"],"picked":"SKIP","floor":2.0},{"not_picked":["animator:YuiTsuruno","animator:Spearman"],"picked":"animator:Rimuru","floor":3.0},{"not_picked":["animator:ElricAlphonse","animator:Millim"],"picked":"animator:MamiTomoe","floor":3.0},{"not_picked":["animator:Sloth","animator:AcuraAkari","animator:Priestess"],"picked":"SKIP","floor":5.0},{"not_picked":["animator:DwarfShaman","animator:Spearman"],"picked":"animator:HighElfArcher","floor":7},{"not_picked":["animator:GazelDwargon","animator:MumenRider","animator:CowGirl"],"picked":"SKIP","floor":10},{"not_picked":["animator:HighElfArcher","animator:Sebas"],"picked":"animator:Sonic","floor":11},{"not_picked":["animator:MumenRider","animator:HighElfArcher","animator:Shalltear"],"picked":"SKIP","floor":13}],"player_experience":796702,"relics_obtained":[{"floor":7,"key":"Matryoshka"},{"floor":9,"key":"Happy Flower"},{"floor":9,"key":"InkBottle"}],"event_choices":[],"is_beta":false,"boss_relics":[],"items_purged_floors":[],"is_endless":false,"potions_floor_spawned":[11],"killed_by":"Gensokyo:Yukari","ascension_level":1}}