{"host":"fuszjwm6fqgjjp4d","time":1612418836,"event":{"mods":["BaseMod","Bestiary","Colored Map","Minty Spire (QoL Compilation)","Permanent Neow","Relic Sorter","Relic Stats","StSLib"],"gold_per_floor":[116,116,3,3,14,45,45,70,123,157,157,157,171,183,183,254,254,268,268,279,279,290,290,324,324,324],"floor_reached":25,"language":"ENG","playtime":710,"items_purged":[],"score":478,"play_id":"a8d774d2-962a-467e-93a2-dd8cb00bc42a","local_time":"20210204000716","is_ascension_mode":true,"campfire_choices":[{"floor":7,"key":"REST"},{"data":"Blade Dance","floor":12,"key":"SMITH"},{"data":"Cloak And Dagger","floor":15,"key":"SMITH"},{"floor":23,"key":"REST"}],"circlet_count":0,"master_deck":["AscendersBane","Survivor","Neutralize","Masterful Stab","Quick Slash","All Out Attack","Cloak And Dagger+1","Footwork+1","Blade Dance+1","Flying Knee","After Image","Burst","Terror","Reflex","Outmaneuver","A Thousand Cuts","Dagger Throw","Calculated Gamble","Slice","Blur","Quick Slash","Expertise","Blade Dance","Crippling Poison+1","Blade Dance"],"relics":["SlaversCollar","Snake Skull","Bronze Scales","Dream Catcher","Happy Flower","Oddly Smooth Stone","Nloth\u0027s Gift","Frozen Egg 2"],"acts_visited":["Exordium","TheCity"],"potions_floor_usage":[8,16,22],"damage_taken":[{"damage":2,"enemies":"2 Louse","floor":1,"turns":3},{"damage":0,"enemies":"Cultist","floor":5,"turns":3},{"damage":42,"enemies":"Lagavulin","floor":6,"turns":8},{"damage":13,"enemies":"Gremlin Nob","floor":8,"turns":5},{"damage":7,"enemies":"Lagavulin","floor":10,"turns":8},{"damage":0,"enemies":"Jaw Worm","floor":13,"turns":3},{"damage":0,"enemies":"3 Louse","floor":14,"turns":3},{"damage":16,"enemies":"Hexaghost","floor":16,"turns":10},{"damage":6,"enemies":"Spheric Guardian","floor":18,"turns":4},{"damage":14,"enemies":"Shell Parasite","floor":20,"turns":4},{"damage":30,"enemies":"Snecko","floor":22,"turns":5},{"damage":27,"enemies":"Gremlin Leader","floor":24,"turns":4},{"damage":6,"enemies":"Centurion and Healer","floor":25,"turns":1}],"seed_played":"-1713729044497193987","potions_obtained":[{"floor":6,"key":"Ancient Potion"},{"floor":13,"key":"Regen Potion"},{"floor":16,"key":"Fire Potion"},{"floor":20,"key":"SpeedPotion"},{"floor":24,"key":"FearPotion"}],"is_trial":false,"path_per_floor":["M","?","$","?","M","E","R","E","T","E","?","R","M","M","R","B",null,"M","?","M","?","M","R","E","M"],"character_chosen":"THE_SILENT","items_purchased":["Quick Slash","All Out Attack"],"campfire_rested":2,"item_purchase_floors":[3,3],"current_hp_per_floor":[57,52,52,57,57,15,36,23,23,16,16,16,16,16,16,15,57,51,51,37,37,7,28,1,0,0],"gold":324,"neow_bonus":"BOSS_RELIC","is_daily":false,"chose_seed":false,"campfire_upgraded":2,"win_rate":0.0,"timestamp":1612418836,"path_taken":["M","?","$","?","M","E","R","E","T","E","?","R","M","M","R","BOSS","M","?","?","?","M","R","E","M"],"items_purchased_type":["Card","Card"],"build_version":"2020-12-22","purchased_purges":0,"victory":false,"max_hp_per_floor":[66,66,66,71,71,71,71,71,71,71,71,71,71,71,71,71,71,71,71,71,71,71,71,71,71,71],"relic_stats":{"Dream Catcher":1,"Happy Flower":[14],"counters":[13,61],"Bronze Scales":[118],"Snake Skull":[0],"Nloth\u0027s Gift":1,"obtain_stats":[{"SlaversCollar":0,"Dream Catcher":8,"Happy Flower":9,"Bronze Scales":6,"Oddly Smooth Stone":10,"Pandora\u0027s Box":17,"Snake Skull":2,"Nloth\u0027s Gift":19,"Frozen Egg 2":24,"Ring of the Snake":0},{"SlaversCollar":0,"Dream Catcher":4,"Happy Flower":4,"Bronze Scales":3,"Oddly Smooth Stone":5,"Pandora\u0027s Box":8,"Snake Skull":1,"Nloth\u0027s Gift":9,"Frozen Egg 2":12,"Ring of the Snake":0},{"SlaversCollar":0,"Dream Catcher":19,"Happy Flower":19,"Bronze Scales":14,"Oddly Smooth Stone":27,"Pandora\u0027s Box":43,"Snake Skull":3,"Nloth\u0027s Gift":47,"Frozen Egg 2":60,"Ring of the Snake":0}]},"card_choices":[{"not_picked":["Prepared","Dodge and Roll"],"picked":"Masterful Stab","floor":1},{"not_picked":["Prepared","Acrobatics"],"picked":"Cloak And Dagger","floor":5},{"not_picked":["Accuracy","Heel Hook"],"picked":"Footwork","floor":6},{"not_picked":["PiercingWail","Tactician"],"picked":"Blade Dance","floor":8},{"not_picked":["Distraction","Skewer"],"picked":"Flying Knee","floor":10},{"not_picked":["Dagger Spray","Prepared","Deadly Poison"],"picked":"SKIP","floor":13},{"not_picked":["Calculated Gamble","Underhanded Strike"],"picked":"After Image","floor":14},{"not_picked":["Die Die Die","Grand Finale"],"picked":"Burst","floor":16},{"not_picked":["All Out Attack+1","Outmaneuver"],"picked":"Blade Dance","floor":18},{"not_picked":["Slice","Sucker Punch","Outmaneuver"],"picked":"SKIP","floor":20},{"not_picked":["Grand Finale","Finisher","Deadly Poison"],"picked":"SKIP","floor":22},{"not_picked":["Prepared","Cloak And Dagger"],"picked":"Crippling Poison+1","floor":23},{"not_picked":["Unload","Die Die Die"],"picked":"Blade Dance","floor":24}],"player_experience":1435441,"relics_obtained":[{"floor":6,"key":"Bronze Scales"},{"floor":8,"key":"Dream Catcher"},{"floor":9,"key":"Happy Flower"},{"floor":10,"key":"Oddly Smooth Stone"},{"floor":24,"key":"Frozen Egg 2"}],"event_choices":[{"damage_healed":0,"gold_gain":0,"player_choice":"Success","damage_taken":5,"relics_obtained":["Snake Skull"],"max_hp_gain":0,"max_hp_loss":0,"event_name":"Scrap Ooze","floor":2,"gold_loss":0},{"damage_healed":0,"gold_gain":0,"player_choice":"Donut","damage_taken":0,"max_hp_gain":5,"max_hp_loss":0,"event_name":"Big Fish","floor":4,"gold_loss":0},{"damage_healed":0,"gold_gain":0,"player_choice":"Forge","damage_taken":0,"max_hp_gain":0,"max_hp_loss":0,"event_name":"Accursed Blacksmith","floor":11,"gold_loss":0,"cards_upgraded":["Footwork"]},{"damage_healed":0,"gold_gain":0,"player_choice":"Traded Relic","damage_taken":0,"relics_obtained":["Nloth\u0027s Gift"],"max_hp_gain":0,"max_hp_loss":0,"event_name":"N\u0027loth","floor":19,"relics_lost":["Pandora\u0027s Box"],"gold_loss":0},{"damage_healed":0,"gold_gain":0,"player_choice":"Ignored","damage_taken":0,"max_hp_gain":0,"max_hp_loss":0,"event_name":"Cursed Tome","floor":21,"gold_loss":0}],"is_beta":false,"boss_relics":[{"not_picked":["Runic Pyramid","Busted Crown"],"picked":"Pandora\u0027s Box"}],"items_purged_floors":[],"is_endless":false,"potions_floor_spawned":[6,13,16,20,24],"killed_by":"Centurion and Healer","ascension_level":20}}