{"host":"bxn2em57qlx5u4i0","time":1612405092,"event":{"mods":["BaseMod","Colored Map","Colored Powertips","Highlight Path","Minty Spire (QoL Compilation)","Random Character Button","Relic Sorter","Relic Stats","StSLib","SuperFastMode"],"gold_per_floor":[111,111,111,111,33,59,93,123,123,143,169,169,180,215,215,294,294,308,308,19,37,56,89,114,141,141,141,167,198,248,280,280,354,354,370,397,408,408,408,440,466,466,493,519,140,171,215,259,271,283,295,307,319,10,39,39],"floor_reached":57,"language":"ENG","playtime":4581,"items_purged":["Writhe","Gash","Beam Cell"],"score":3998,"play_id":"b6d0f9db-bb0f-4036-8369-b8f7b59bd3bd","local_time":"20210203211812","daily_mods":["SealedDeck","Flight"],"is_ascension_mode":true,"campfire_choices":[{"data":"Fission","floor":12,"key":"SMITH"},{"data":"Defragment","floor":15,"key":"SMITH"},{"data":"Amplify","floor":27,"key":"SMITH"},{"data":"Defragment","floor":32,"key":"SMITH"},{"data":"Consume","floor":42,"key":"SMITH"},{"floor":49,"key":"RECALL"},{"data":"Loop","floor":53,"key":"SMITH"}],"circlet_count":0,"master_deck":["AscendersBane","Ball Lightning+1","Conserve Battery","BootSequence+1","Compile Driver","Loop+1","Compile Driver+1","Coolheaded","Ball Lightning","Leap","Defragment+1","Compile Driver","Redo+1","Defragment","Fission+1","Coolheaded+1","Core Surge+1","Recycle","Defragment+1","Steam+1","Amplify+1","Undo+1","Coolheaded","Finesse","Finesse","Chrysalis","Chill","Consume+1","Loop+1","Master of Strategy","Double Energy+1"],"relics":["Cracked Core","Blue Candle","Strawberry","Bag of Preparation","Odd Mushroom","Lantern","Bronze Scales","Inserter","Regal Pillow","Membership Card","War Paint","InkBottle","Girya","Ice Cream","Eternal Feather","Akabeko","Gremlin Horn","Juzu Bracelet","Black Star","Pear","Boot","Singing Bowl","DataDisk","Happy Flower","Ancient Tea Set","Whetstone","Runic Capacitor","PreservedInsect","Turnip","Dream Catcher","MawBank","Smiling Mask","MealTicket","Art of War","Potion Belt","Nunchaku","Orichalcum","Mercury Hourglass","Oddly Smooth Stone"],"acts_visited":["Exordium","TheCity","TheBeyond","TheEnding"],"potions_floor_usage":[8,24,40,55,56,56],"damage_taken":[{"damage":0,"enemies":"Jaw Worm","floor":1,"turns":2},{"damage":1,"enemies":"Gremlin Nob","floor":6,"turns":3},{"damage":18,"enemies":"3 Sentries","floor":7,"turns":6},{"damage":8,"enemies":"Gremlin Nob","floor":8,"turns":3},{"damage":6,"enemies":"The Mushroom Lair","floor":10,"turns":4},{"damage":0,"enemies":"Lagavulin","floor":11,"turns":4},{"damage":0,"enemies":"Small Slimes","floor":13,"turns":2},{"damage":2,"enemies":"3 Sentries","floor":14,"turns":5},{"damage":0,"enemies":"Hexaghost","floor":16,"turns":5},{"damage":10,"enemies":"Shell Parasite","floor":18,"turns":3},{"damage":0,"enemies":"Chosen","floor":21,"turns":3},{"damage":0,"enemies":"Snecko","floor":22,"turns":4},{"damage":1,"enemies":"Slavers","floor":23,"turns":5},{"damage":22,"enemies":"Gremlin Leader","floor":24,"turns":5},{"damage":0,"enemies":"Book of Stabbing","floor":25,"turns":4},{"damage":16,"enemies":"Gremlin Leader","floor":28,"turns":6},{"damage":12,"enemies":"Book of Stabbing","floor":29,"turns":4},{"damage":0,"enemies":"Gremlin Leader","floor":31,"turns":5},{"damage":15,"enemies":"Automaton","floor":33,"turns":9},{"damage":1,"enemies":"Orb Walker","floor":35,"turns":3},{"damage":46,"enemies":"3 Darklings","floor":37,"turns":6},{"damage":19,"enemies":"Reptomancer","floor":40,"turns":7},{"damage":40,"enemies":"Giant Head","floor":41,"turns":8},{"damage":0,"enemies":"Reptomancer","floor":44,"turns":4},{"damage":0,"enemies":"Giant Head","floor":46,"turns":6},{"damage":0,"enemies":"Reptomancer","floor":47,"turns":4},{"damage":0,"enemies":"Nemesis","floor":48,"turns":5},{"damage":0,"enemies":"Donu and Deca","floor":50,"turns":10},{"damage":0,"enemies":"Time Eater","floor":51,"turns":12},{"damage":0,"enemies":"Shield and Spear","floor":55,"turns":8},{"damage":19,"enemies":"The Heart","floor":56,"turns":9}],"seed_played":"780919922696214925","potions_obtained":[{"floor":1,"key":"Swift Potion"},{"floor":6,"key":"LiquidBronze"},{"floor":8,"key":"EssenceOfSteel"},{"floor":13,"key":"FocusPotion"},{"floor":16,"key":"DistilledChaos"},{"floor":24,"key":"CultistPotion"},{"floor":28,"key":"LiquidBronze"},{"floor":41,"key":"DistilledChaos"},{"floor":48,"key":"SkillPotion"}],"is_trial":true,"path_per_floor":["M","?","?","?","$","E","E","E","T","?","E","R","M","E","R","B",null,"M","?","$","M","M","E","E","E","T","R","E","E","?","E","R","B",null,"M","T","M","?","?","E","E","R","T","E","$","E","E","E","R","B","B",null,"R","$","E","B",null],"character_chosen":"DEFECT","items_purchased":["Defragment","Membership Card","War Paint","Runic Capacitor","PreservedInsect","Turnip","Master of Strategy","Nunchaku","Orichalcum"],"campfire_rested":0,"item_purchase_floors":[5,20,20,45,45,45,54,54,54],"current_hp_per_floor":[64,64,43,43,43,42,24,23,23,17,17,17,17,15,15,15,62,52,52,52,52,52,51,29,29,29,41,25,13,13,13,28,13,62,61,61,15,88,78,69,29,47,47,49,49,51,51,53,71,71,71,96,104,104,104,85],"gold":39,"neow_bonus":"","is_daily":false,"chose_seed":false,"campfire_upgraded":6,"win_rate":0.0,"timestamp":1612405092,"path_taken":["M","?","?","?","$","E","E","E","T","?","E","R","M","E","R","BOSS","M","?","?","M","?","E","E","E","T","R","E","E","?","E","R","BOSS","M","?","M","?","?","E","E","R","T","E","$","E","E","E","R","BOSS","BOSS","R","$","E","BOSS"],"items_purchased_type":["Card","Relic","Relic","Relic","Relic","Relic","Card","Relic","Relic"],"build_version":"2020-12-22","purchased_purges":3,"victory":true,"max_hp_per_floor":[71,71,71,71,71,71,71,78,78,78,78,78,78,78,78,78,78,78,78,78,78,78,78,78,78,78,78,78,78,78,78,78,78,78,78,78,78,88,88,98,98,98,98,100,100,102,102,104,104,104,104,104,104,104,104,104],"relic_stats":{"Regal Pillow":0,"Gremlin Horn":[27,28],"Singing Bowl":6,"Bag of Preparation":[54],"Juzu Bracelet":1,"Whetstone":["Compile Driver","Core Surge"],"Boot":[51],"Smiling Mask":13,"Dream Catcher":0,"Nunchaku":[2],"MealTicket":0,"InkBottle":[68],"Inserter":[65],"Happy Flower":[19],"counters":[31,163],"Blue Candle":[0],"Eternal Feather":71,"PreservedInsect":319,"War Paint":["Coolheaded","Redo"],"Orichalcum":[18],"MawBank":96,"Mercury Hourglass":[27],"Bronze Scales":[542],"Turnip":[3],"Black Star":7,"Art of War":[9],"obtain_stats":[{"Ice Cream":25,"Lantern":11,"Regal Pillow":19,"Gremlin Horn":29,"Singing Bowl":41,"Bag of Preparation":9,"Juzu Bracelet":31,"Runic Capacitor":45,"Whetstone":44,"Boot":40,"Ancient Tea Set":44,"Smiling Mask":47,"Dream Catcher":46,"Nunchaku":54,"Strawberry":8,"MealTicket":47,"Cracked Core":0,"InkBottle":23,"Potion Belt":48,"Girya":24,"Inserter":17,"Pear":40,"Happy Flower":43,"Blue Candle":6,"Oddly Smooth Stone":55,"Eternal Feather":26,"PreservedInsect":45,"Odd Mushroom":10,"War Paint":20,"Orichalcum":54,"MawBank":46,"Akabeko":28,"Mercury Hourglass":55,"DataDisk":41,"Bronze Scales":14,"Turnip":45,"Black Star":34,"Art of War":48,"Membership Card":20},{"Ice Cream":15,"Lantern":6,"Regal Pillow":10,"Gremlin Horn":17,"Singing Bowl":23,"Bag of Preparation":4,"Juzu Bracelet":18,"Runic Capacitor":24,"Whetstone":24,"Boot":22,"Ancient Tea Set":24,"Smiling Mask":26,"Dream Catcher":25,"Nunchaku":29,"Strawberry":4,"MealTicket":26,"Cracked Core":0,"InkBottle":13,"Potion Belt":27,"Girya":14,"Inserter":9,"Pear":22,"Happy Flower":23,"Blue Candle":2,"Oddly Smooth Stone":30,"Eternal Feather":15,"PreservedInsect":24,"Odd Mushroom":5,"War Paint":10,"Orichalcum":29,"MawBank":25,"Akabeko":16,"Mercury Hourglass":30,"DataDisk":23,"Bronze Scales":8,"Turnip":24,"Black Star":19,"Art of War":27,"Membership Card":10},{"Ice Cream":58,"Lantern":22,"Regal Pillow":37,"Gremlin Horn":68,"Singing Bowl":106,"Bag of Preparation":14,"Juzu Bracelet":73,"Runic Capacitor":110,"Whetstone":110,"Boot":98,"Ancient Tea Set":110,"Smiling Mask":120,"Dream Catcher":116,"Nunchaku":146,"Strawberry":14,"MealTicket":120,"Cracked Core":0,"InkBottle":49,"Potion Belt":125,"Girya":54,"Inserter":34,"Pear":98,"Happy Flower":106,"Blue Candle":5,"Oddly Smooth Stone":154,"Eternal Feather":58,"PreservedInsect":110,"Odd Mushroom":18,"War Paint":37,"Orichalcum":146,"MawBank":116,"Akabeko":64,"Mercury Hourglass":154,"DataDisk":106,"Bronze Scales":29,"Turnip":110,"Black Star":82,"Art of War":125,"Membership Card":37}]},"card_choices":[{"not_picked":["Self Repair","Stack"],"picked":"Leap","floor":1},{"not_picked":["Barrage","Doom and Gloom"],"picked":"Compile Driver","floor":6},{"not_picked":["Stack","Leap"],"picked":"Redo","floor":7},{"not_picked":["Hyperbeam","Compile Driver","Heatsinks"],"picked":"SKIP","floor":8},{"not_picked":["Coolheaded","Static Discharge"],"picked":"Defragment","floor":10},{"not_picked":["FTL","Barrage"],"picked":"Fission","floor":11},{"not_picked":["Cold Snap","Streamline"],"picked":"Coolheaded","floor":13},{"not_picked":["Conserve Battery","Steam Power","Sunder"],"picked":"SKIP","floor":14},{"not_picked":["Amplify","Reboot"],"picked":"Core Surge","floor":16},{"not_picked":["BootSequence","Skim"],"picked":"Recycle","floor":18},{"not_picked":["Leap","FTL+1"],"picked":"Defragment","floor":21},{"not_picked":["Leap","Storm","Barrage"],"picked":"SKIP","floor":22},{"not_picked":["Go for the Eyes","Redo"],"picked":"Steam+1","floor":23},{"not_picked":["Hologram","Compile Driver","Coolheaded"],"picked":"SKIP","floor":24},{"not_picked":["Loop","Barrage"],"picked":"Amplify","floor":25},{"not_picked":["Cold Snap","Buffer"],"picked":"Undo+1","floor":28},{"not_picked":["Steam","Stack"],"picked":"Coolheaded","floor":29},{"not_picked":["Steam Power","Storm","Lockon"],"picked":"SKIP","floor":31},{"not_picked":["Seek","Machine Learning"],"picked":"Creative AI","floor":33},{"not_picked":["Chaos","Streamline","Compile Driver"],"picked":"SKIP","floor":35},{"not_picked":["Turbo","Rebound","Streamline"],"picked":"SKIP","floor":37},{"not_picked":["Flash of Steel","Trip"],"picked":"Finesse","floor":39},{"not_picked":["Mind Blast","Thinking Ahead"],"picked":"Finesse","floor":39},{"not_picked":["Trip","Discovery"],"picked":"Chrysalis","floor":39},{"not_picked":["Chaos","Go for the Eyes"],"picked":"Chill","floor":40},{"not_picked":["Gash+1","Turbo"],"picked":"Consume","floor":41},{"not_picked":["Go for the Eyes","Steam","Multi-Cast"],"picked":"Singing Bowl","floor":44},{"not_picked":["Auto Shields","Redo+1","Machine Learning"],"picked":"Singing Bowl","floor":46},{"not_picked":["Barrage","Redo"],"picked":"Loop","floor":47},{"not_picked":["Recycle","Cold Snap","Leap+1"],"picked":"Singing Bowl","floor":48},{"not_picked":["Darkness","Sunder"],"picked":"Double Energy+1","floor":55}],"player_experience":3004155,"relics_obtained":[{"floor":6,"key":"Blue Candle"},{"floor":8,"key":"Strawberry"},{"floor":9,"key":"Bag of Preparation"},{"floor":10,"key":"Odd Mushroom"},{"floor":11,"key":"Lantern"},{"floor":14,"key":"Bronze Scales"},{"floor":23,"key":"InkBottle"},{"floor":24,"key":"Girya"},{"floor":25,"key":"Ice Cream"},{"floor":26,"key":"Eternal Feather"},{"floor":28,"key":"Akabeko"},{"floor":29,"key":"Gremlin Horn"},{"floor":31,"key":"Juzu Bracelet"},{"floor":40,"key":"Pear"},{"floor":40,"key":"Boot"},{"floor":41,"key":"Singing Bowl"},{"floor":41,"key":"DataDisk"},{"floor":43,"key":"Happy Flower"},{"floor":44,"key":"Ancient Tea Set"},{"floor":44,"key":"Whetstone"},{"floor":46,"key":"Dream Catcher"},{"floor":46,"key":"MawBank"},{"floor":47,"key":"Smiling Mask"},{"floor":47,"key":"MealTicket"},{"floor":48,"key":"Art of War"},{"floor":48,"key":"Potion Belt"},{"floor":55,"key":"Mercury Hourglass"},{"floor":55,"key":"Oddly Smooth Stone"}],"event_choices":[{"damage_healed":0,"gold_gain":0,"player_choice":"Grow","damage_taken":0,"max_hp_gain":0,"max_hp_loss":0,"event_name":"Living Wall","floor":2,"gold_loss":0,"cards_upgraded":["Loop"]},{"damage_healed":0,"gold_gain":0,"player_choice":"Entered Light","damage_taken":21,"max_hp_gain":0,"max_hp_loss":0,"event_name":"Shining Light","floor":3,"gold_loss":0,"cards_upgraded":["Ball Lightning","BootSequence"]},{"damage_healed":0,"gold_gain":0,"player_choice":"Ignored","damage_taken":0,"max_hp_gain":0,"max_hp_loss":0,"event_name":"Liars Game","floor":4,"gold_loss":0},{"damage_healed":0,"gold_gain":0,"player_choice":"Fought Mushrooms","damage_taken":0,"max_hp_gain":0,"max_hp_loss":0,"event_name":"Mushrooms","floor":10,"gold_loss":0},{"damage_healed":0,"gold_gain":0,"player_choice":"Opened","damage_taken":0,"relics_obtained":["Regal Pillow"],"max_hp_gain":0,"max_hp_loss":0,"event_name":"The Mausoleum","floor":19,"gold_loss":0,"cards_obtained":["Writhe"]},{"damage_healed":0,"gold_gain":100,"player_choice":"Bet on Murderer","damage_taken":0,"max_hp_gain":0,"max_hp_loss":0,"event_name":"The Joust","floor":30,"gold_loss":50},{"cards_removed":["Creative AI"],"damage_healed":63,"gold_gain":0,"player_choice":"Offered Rare","damage_taken":0,"max_hp_gain":10,"max_hp_loss":0,"event_name":"Bonfire Elementals","floor":38,"gold_loss":0},{"damage_healed":0,"gold_gain":0,"player_choice":"Memory 3","damage_taken":10,"max_hp_gain":0,"max_hp_loss":0,"event_name":"SensoryStone","floor":39,"gold_loss":0}],"is_beta":false,"boss_relics":[{"not_picked":["Nuclear Battery","SacredBark"],"picked":"Inserter"},{"not_picked":["Coffee Dripper","Sozu"],"picked":"Black Star"}],"items_purged_floors":[20,45,54],"is_endless":false,"potions_floor_spawned":[1,6,8,13,16,23,24,28,31,33,37,41,47,48],"ascension_level":20}}