{"host":"syozzdlzcqop4jia","time":1612398344,"event":{"mods":["BaseMod","Colored Map","Colored Powertips","Minty Spire (QoL Compilation)","Quick Restart"],"gold_per_floor":[115,115,132,152,172,201,201,201,201],"floor_reached":8,"language":"ENG","playtime":1006,"items_purged":[],"score":98,"play_id":"e7d26499-2d66-42d3-91e1-1ff54ac9fbd9","local_time":"20210204012544","is_ascension_mode":true,"campfire_choices":[],"circlet_count":0,"master_deck":["Strike_R","Strike_R","Strike_R","Strike_R","Strike_R","Defend_R","Defend_R","Defend_R","Bash","Pommel Strike","Pommel Strike","Cleave","Shrug It Off","Flex+1"],"relics":["Burning Blood","Self Forming Clay"],"acts_visited":["Exordium"],"potions_floor_usage":[],"damage_taken":[{"damage":6,"enemies":"2 Louse","floor":1,"turns":3},{"damage":1,"enemies":"Cultist","floor":3,"turns":3},{"damage":2,"enemies":"Jaw Worm","floor":4,"turns":3},{"damage":18,"enemies":"Large Slime","floor":5,"turns":4},{"damage":32,"enemies":"3 Sentries","floor":6,"turns":6},{"damage":43,"enemies":"Gremlin Nob","floor":8,"turns":4}],"seed_played":"-1871020314105501160","potions_obtained":[{"floor":1,"key":"Weak Potion"},{"floor":4,"key":"EssenceOfSteel"}],"is_trial":false,"path_per_floor":["M","?","M","M","M","E","?","E"],"character_chosen":"IRONCLAD","items_purchased":[],"campfire_rested":0,"item_purchase_floors":[],"current_hp_per_floor":[72,72,77,81,69,43,43,0,0],"gold":201,"neow_bonus":"TWENTY_PERCENT_HP_BONUS","is_daily":false,"chose_seed":false,"campfire_upgraded":0,"win_rate":0.0,"timestamp":1612398344,"path_taken":["M","?","M","?","M","E","?","E"],"items_purchased_type":[],"build_version":"2020-12-22","purchased_purges":0,"victory":false,"max_hp_per_floor":[96,96,96,96,96,96,96,96,96],"card_choices":[{"not_picked":["Seeing Red","Clash"],"picked":"Pommel Strike","floor":1},{"not_picked":["Cleave","Thunderclap"],"picked":"Pommel Strike","floor":3},{"not_picked":["True Grit","Armaments"],"picked":"Cleave","floor":4},{"not_picked":["Sword Boomerang","Clash"],"picked":"Shrug It Off","floor":5},{"not_picked":["Bludgeon","Brutality"],"picked":"Flex","floor":6}],"player_experience":527350,"relics_obtained":[{"floor":6,"key":"Self Forming Clay"}],"event_choices":[{"cards_removed":["Defend_R"],"damage_healed":0,"gold_gain":0,"player_choice":"Offered Basic","damage_taken":0,"max_hp_gain":0,"max_hp_loss":0,"event_name":"Bonfire Elementals","floor":2,"gold_loss":0},{"damage_healed":0,"gold_gain":0,"player_choice":"Upgraded","damage_taken":0,"max_hp_gain":0,"max_hp_loss":0,"event_name":"Upgrade Shrine","floor":7,"gold_loss":0,"cards_upgraded":["Flex"]}],"is_beta":false,"boss_relics":[],"items_purged_floors":[],"is_endless":false,"potions_floor_spawned":[1,4],"killed_by":"Gremlin Nob","ascension_level":5}}