{"host":"5dhwd44u3dydylwe","time":1612434173,"event":{"mods":["AchievementEnabler","BaseMod","BetterRewards","Dota2Spire","Downfall","Hubris","Minty Spire (QoL Compilation)","Shop Mod","StSLib","Wandering Minibosses"],"gold_per_floor":[99,111,124,124,124,238,238,266,266,266,284,284,284,300,325,478,577,577,477,494,678,678,32,32,32,32,32,65,22,48,185,185,202,214,310,310,310,330,230,230,255,305,321,346,416,441,451,351,363,390,410,424,443,443],"floor_reached":55,"language":"ENG","playtime":3694,"items_purged":["Writhe","Slimebound:Tackle+1"],"score":1134,"play_id":"6c3e6a83-89f2-4d8b-a80b-a998083fb6dc","local_time":"20210204182253","is_ascension_mode":true,"campfire_choices":[{"data":"Slimebound:FirmFortitude","floor":1.0,"key":"SMITH"},{"floor":10,"key":"REST"},{"floor":13,"key":"RECALL"},{"data":"Slimebound:SamplingLick","floor":19,"key":"SMITH"},{"data":"Slimebound:Defend_Slimebound","floor":27,"key":"SMITH"},{"data":"Slimebound:LevelUp","floor":37,"key":"SMITH"},{"floor":48,"key":"REST"}],"circlet_count":0,"master_deck":["Slimebound:Defend_Slimebound","Slimebound:Defend_Slimebound","Slimebound:Defend_Slimebound+1","Slimebound:Split+1","Slimebound:CorrosiveSpit+1","Slimebound:FirmFortitude+1","Slimebound:DuplicatedForm+1","Slimebound:WasteNot+1","Slimebound:SplitBruiser+1","Slimebound:GoopSpray+1","Slimebound:LivingWall+1","Slimebound:Teamwork+1","Slimebound:SlimeSpikes+1","Slimebound:Tackle+1","Slimebound:Tackle+1","Slimebound:LevelUp+1","Slimebound:OozeBath+1","Slimebound:DouseInSlime+1","Slimebound:SpikyOuterGoop","Slimebound:PressTheAttack+1","Slimebound:ViciousTackle","Slimebound:Repurpose+1"],"relics":["Slimebound:AbsorbEndCombat","hubris:Icosahedron","Toxic Egg 2","hubris:OldNail","Potion Belt","Velvet Choker","downfall:HeartBlessingRed","Vajra","Dota2Spire:ArcaneBoots","Sling","HornCleat","hubris:CuriousFeather","Incense Burner","Smiling Mask","wanderingMiniBosses:LockLocket","OrangePellets","hubris:ToyBattleship","hubris:EmptyBottle","Singing Bowl","Black Star","Dota2Spire:UrnOfShadows","hubris:FunFungus","Omamori","Dota2Spire:MagicBottle","Mummified Hand","downfall:HeartBlessingBlue","Ice Cream","hubris:Potato"],"acts_visited":["Exordium","TheCity","TheBeyond"],"potions_floor_usage":[8,20,31,31,46,50,54,54,54],"damage_taken":[{"damage":4.0,"enemies":"Jaw Worm","floor":2.0,"turns":5.0},{"damage":3.0,"enemies":"Small Slimes","floor":3.0,"turns":4.0},{"damage":54.0,"enemies":"downfall:Heads","floor":6.0,"turns":8.0},{"damage":47,"enemies":"Gremlin Nob","floor":8,"turns":5},{"damage":25,"enemies":"2 Louse","floor":11,"turns":4},{"damage":2,"enemies":"Large Slime","floor":14,"turns":4},{"damage":30,"enemies":"Exordium Wildlife","floor":16,"turns":6},{"damage":0,"enemies":"SI_SHIV_ARCHETYPE","floor":17,"turns":6},{"damage":5,"enemies":"Spheric Guardian","floor":20,"turns":4},{"damage":3,"enemies":"Shell Parasite","floor":21,"turns":7},{"damage":21,"enemies":"downfall:FleeingMerchant","floor":23,"turns":4},{"damage":2,"enemies":"Book of Stabbing","floor":28,"turns":5},{"damage":18,"enemies":"downfall:FleeingMerchant","floor":29,"turns":6},{"damage":8,"enemies":"Gremlin Leader","floor":30,"turns":6},{"damage":1,"enemies":"downfall:FleeingMerchant","floor":31,"turns":4},{"damage":0,"enemies":"3 Cultists","floor":33,"turns":5},{"damage":0,"enemies":"Snake Plant","floor":34,"turns":5},{"damage":37,"enemies":"DF_ARCHETYPE_CLAW","floor":35,"turns":7},{"damage":0,"enemies":"Orb Walker","floor":38,"turns":3},{"damage":9,"enemies":"Orb Walker","floor":42,"turns":5},{"damage":8,"enemies":"3 Shapes","floor":43,"turns":6},{"damage":39,"enemies":"Reptomancer","floor":46,"turns":5},{"damage":15,"enemies":"Maw","floor":47,"turns":4},{"damage":15,"enemies":"Writhing Mass","floor":49,"turns":3},{"damage":40,"enemies":"Nemesis","floor":50,"turns":9},{"damage":3,"enemies":"Transient","floor":51,"turns":5},{"damage":0,"enemies":"4 Shapes","floor":52,"turns":6},{"damage":0,"enemies":"Maw","floor":53,"turns":4},{"damage":0,"enemies":"IC_BLOCK_ARCHETYPE","floor":54,"turns":5}],"seed_played":"-7377250138151595892","potions_obtained":[{"floor":2.0,"key":"Guardian:BlockOnCardUsePotion"},{"floor":6.0,"key":"EssenceOfSteel"},{"floor":17,"key":"SneckoOil"},{"floor":21,"key":"AttackPotion"},{"floor":28,"key":"Fire Potion"},{"floor":30,"key":"Swift Potion"},{"floor":33,"key":"Slimebound:SlimedPotion"},{"floor":43,"key":"DistilledChaos"},{"floor":46,"key":"GamblersBrew"},{"floor":47,"key":"BlessingOfTheForge"},{"floor":50,"key":"sneckomod:MuddlingPotion"}],"is_trial":false,"path_per_floor":["R","M","M","?","?","?","T","E","?","R","M","?","R","M","T","M","B",null,"R","M","M","?","$","?","T","T","R","E","$","E","$","T","M","M","B",null,"R","M","NS","?","?","?","M","T","T","E","M","R","M","E","M","M","M","B",null],"character_chosen":"SLIMEBOUND","items_purchased":["Dota2Spire:ArcaneBoots","Sling","HornCleat","OrangePellets","hubris:EmptyBottle"],"campfire_rested":2,"item_purchase_floors":[23,23,23,29,31],"current_hp_per_floor":[65,64,64,69,69,15,15,38,38,59,51,51,51,53,53,46,54,70,70,69,70,70,66,66,66,66,66,70,70,64,70,70,72,74,59,74,74,74,74,74,74,71,69,69,69,36,49,86,94,83,96,96,96,96],"gold":443,"neow_bonus":"ONE_RANDOM_RARE_CARD","is_daily":false,"chose_seed":false,"campfire_upgraded":4,"win_rate":0.0,"timestamp":1612434173,"path_taken":["R","M","M","?","?","?","T","E","?","R","?","?","R","?","?","M","BOSS","R","M","M","?","$","?","T","T","R","E","?","E","$","?","M","M","BOSS","R","M","NS","?","?","?","?","T","T","E","M","R","M","E","M","M","M","BOSS"],"items_purchased_type":["Relic","Relic","Relic","Relic","Relic"],"build_version":"2020-12-22","purchased_purges":2,"victory":true,"max_hp_per_floor":[65,65,65,70,70,70,70,70,70,70,70,70,70,70,70,70,70,70,70,70,70,70,70,70,70,70,70,70,70,70,70,70,72,74,74,74,74,74,74,74,74,76,78,78,78,80,82,92,94,96,96,96,96,96],"card_choices":[{"not_picked":["Slimebound:FormOfPuddle","Slimebound:HauntingLick","Slimebound:SlimeBrawl"],"picked":"SKIP","floor":2.0},{"not_picked":["Slimebound:Grow","Slimebound:HauntingLick","Slimebound:ComboTackle"],"picked":"SKIP","floor":3.0},{"not_picked":["Slimebound:Grow","Slimebound:Schlurp"],"picked":"Slimebound:SamplingLick","floor":6.0},{"not_picked":["Slimebound:SamplingLick+1","Slimebound:Grow"],"picked":"Slimebound:WasteNot+1","floor":8},{"not_picked":["Slimebound:SpikyOuterGoop","Slimebound:GoopTackle"],"picked":"Slimebound:SplitBruiser+1","floor":11},{"not_picked":["Slimebound:Equalize","Slimebound:SplitMire+1"],"picked":"Slimebound:GoopSpray+1","floor":14},{"not_picked":["Slimebound:SlimeSpikes+1","Slimebound:Grow"],"picked":"Slimebound:LivingWall+1","floor":16},{"not_picked":["Slimebound:Overexert","Slimebound:DuplicatedForm"],"picked":"Slimebound:Teamwork+1","floor":17},{"not_picked":["Slimebound:LeadByExample","Slimebound:Prepare+1","Slimebound:GoopSpray+1"],"picked":"SKIP","floor":20},{"not_picked":["Slimebound:PressTheAttack","Slimebound:ComboTackle","Slimebound:FinishingTackle"],"picked":"SKIP","floor":21},{"not_picked":["Slimebound:Prepare+1","Slimebound:RollThrough+1"],"picked":"Slimebound:SlimeSpikes+1","floor":23},{"not_picked":["Slimebound:SplitBruiser+1","Slimebound:Prepare+1","Slimebound:SplitMire+1"],"picked":"SKIP","floor":28},{"not_picked":["Slimebound:Dissolve+1","Slimebound:ProtectTheBoss"],"picked":"Slimebound:LevelUp","floor":29},{"not_picked":["Slimebound:Grow","Slimebound:Nibble","Slimebound:SamplingLick+1"],"picked":"SKIP","floor":30},{"not_picked":["Slimebound:ViciousTackle","Slimebound:LeechingTouch"],"picked":"Slimebound:OozeBath+1","floor":31},{"not_picked":["Slimebound:Schlurp+1","Slimebound:TongueLash","Slimebound:GoopSpray+1"],"picked":"Singing Bowl","floor":33},{"not_picked":["Slimebound:RejuvenatingLick+1","Slimebound:PressTheAttack","Slimebound:DisruptingSlam"],"picked":"Singing Bowl","floor":34},{"not_picked":["Slimebound:SelfFormingGoo","Slimebound:OneTwoCombo"],"picked":"Slimebound:DouseInSlime+1","floor":35},{"not_picked":["Slimebound:SplitLeeching+1","Slimebound:ComboTackle"],"picked":"Slimebound:SpikyOuterGoop","floor":38},{"not_picked":["Slimebound:SlimeSpikes+1","Slimebound:SplitBruiser+1","Slimebound:GoopSpray+1"],"picked":"Singing Bowl","floor":42},{"not_picked":["Slimebound:Grow+1","Slimebound:Gluttony","Slimebound:Schlurp+1"],"picked":"Singing Bowl","floor":43},{"not_picked":["Slimebound:SplitBruiser+1","Slimebound:FormOfPuddle+1","Slimebound:OozeBath+1"],"picked":"Singing Bowl","floor":46},{"not_picked":["Slimebound:SplitAcid+1","Slimebound:PressTheAttack","Slimebound:LivingWall+1"],"picked":"Singing Bowl","floor":47},{"not_picked":["Slimebound:LeechingTouch+1","Slimebound:RejuvenatingLick+1","Slimebound:GoopTackle+1"],"picked":"Singing Bowl","floor":49},{"not_picked":["Slimebound:LeechEnergy","Slimebound:Prepare+1","Slimebound:ItLooksTasty+1"],"picked":"Singing Bowl","floor":50},{"not_picked":["Slimebound:SlimeSpikes+1","Slimebound:RollThrough+1"],"picked":"Slimebound:PressTheAttack+1","floor":51},{"not_picked":["Slimebound:HauntingLick+1","Slimebound:SplitBruiser+1"],"picked":"Slimebound:ViciousTackle","floor":52},{"not_picked":["Slimebound:ServeAndProtect+1","Slimebound:FlameTackle+1"],"picked":"Slimebound:Repurpose+1","floor":53}],"player_experience":200479,"relics_obtained":[{"floor":7.0,"key":"Toxic Egg 2"},{"floor":8,"key":"hubris:OldNail"},{"floor":15,"key":"Potion Belt"},{"floor":25,"key":"hubris:CuriousFeather"},{"floor":26,"key":"Incense Burner"},{"floor":28,"key":"Smiling Mask"},{"floor":29,"key":"wanderingMiniBosses:LockLocket"},{"floor":30,"key":"hubris:ToyBattleship"},{"floor":32,"key":"Singing Bowl"},{"floor":41,"key":"Dota2Spire:UrnOfShadows"},{"floor":42,"key":"hubris:FunFungus"},{"floor":44,"key":"Omamori"},{"floor":46,"key":"Dota2Spire:MagicBottle"},{"floor":46,"key":"Mummified Hand"},{"floor":50,"key":"Ice Cream"},{"floor":50,"key":"hubris:Potato"}],"event_choices":[{"damage_healed":0.0,"max_hp_gain":5.0,"max_hp_loss":0.0,"gold_gain":0.0,"event_name":"Big Fish","player_choice":"Donut","floor":4.0,"gold_loss":0.0,"damage_taken":0.0},{"cards_removed":["downfall:Malfunctioning"],"damage_healed":0,"gold_gain":0,"player_choice":"Card Removal","damage_taken":0,"max_hp_gain":0,"max_hp_loss":0,"event_name":"Wheel of Change","floor":12,"gold_loss":0}],"is_beta":false,"boss_relics":[{"not_picked":["SacredBark","Astrolabe"],"picked":"Velvet Choker"},{"not_picked":["Slimebound:TarBlob","bronze:MakeshiftBattery"],"picked":"Black Star"}],"items_purged_floors":[23,31],"is_endless":false,"potions_floor_spawned":[2,6,17,21,28,30,33,43,46,47,50],"ascension_level":1}}