{"host":"ul3z8ex5o8l5j7mh","time":1612467407,"event":{"mods":["AchievementEnabler","BaseMod","Colored Map","Colored Powertips","DeckTracker","Minty Spire (QoL Compilation)","SuperFastMode"],"gold_per_floor":[114,114,129,54,67,95,6,32,78,108,125,300,300,300,300,300,300],"floor_reached":16,"language":"ENG","playtime":446,"items_purged":["Writhe"],"score":130,"play_id":"260cc058-0f77-4820-9518-8bccb8244e5b","local_time":"20210204203647","is_ascension_mode":true,"campfire_choices":[{"floor":13.0,"key":"REST"},{"floor":15.0,"key":"REST"}],"circlet_count":0,"master_deck":["Strike_R","Strike_R","Strike_R","Strike_R+1","Strike_R","Defend_R+1","Defend_R","Defend_R","Defend_R","Bash","Sadistic Nature+1","Clothesline","Dropkick","Clothesline","Shrug It Off","Enlightenment","Clothesline","Anger","Sword Boomerang","Doubt"],"relics":["Burning Blood","Gremlin Horn","Vajra","Anchor","Blood Vial"],"acts_visited":["Exordium"],"potions_floor_usage":[],"damage_taken":[{"damage":7.0,"enemies":"2 Louse","floor":1.0,"turns":3.0},{"damage":7.0,"enemies":"Jaw Worm","floor":3.0,"turns":3.0},{"damage":0.0,"enemies":"Small Slimes","floor":5.0,"turns":3.0},{"damage":42.0,"enemies":"Lagavulin","floor":6.0,"turns":6.0},{"damage":23.0,"enemies":"3 Sentries","floor":8.0,"turns":9.0},{"damage":12.0,"enemies":"Gremlin Nob","floor":10.0,"turns":5.0},{"damage":2.0,"enemies":"Gremlin Gang","floor":11.0,"turns":4.0},{"damage":0,"enemies":"The Guardian","floor":16,"turns":1}],"seed_played":"2618952773398260915","potions_obtained":[{"floor":1.0,"key":"PowerPotion"},{"floor":8.0,"key":"Dexterity Potion"},{"floor":11.0,"key":"BlessingOfTheForge"}],"is_trial":false,"path_per_floor":["M","?","M","$","M","E","$","E","T","E","M","?","R","?","R","B"],"character_chosen":"IRONCLAD","items_purchased":["Enlightenment"],"campfire_rested":2,"item_purchase_floors":[7],"current_hp_per_floor":[79,63,62,62,68,32,32,15,15,9,15,15,39,39,63,65,65],"gold":300,"neow_bonus":"RANDOM_COLORLESS_2","is_daily":false,"chose_seed":false,"campfire_upgraded":0,"win_rate":0.0,"timestamp":1612467407,"path_taken":["M","?","M","$","M","E","$","E","T","E","M","?","R","?","R","BOSS"],"items_purchased_type":["Card"],"build_version":"2020-12-22","purchased_purges":1,"victory":false,"max_hp_per_floor":[80,80,80,80,80,80,80,80,80,80,80,80,80,80,80,80,80],"card_choices":[{"not_picked":["Metamorphosis","Apotheosis"],"picked":"Sadistic Nature","floor":0.0},{"not_picked":["Second Wind","Armaments"],"picked":"Clothesline","floor":1.0},{"not_picked":["Cleave","Shrug It Off"],"picked":"Dropkick","floor":3.0},{"not_picked":["Second Wind","Warcry"],"picked":"Clothesline","floor":5.0},{"not_picked":["Warcry","Juggernaut"],"picked":"Shrug It Off","floor":6.0},{"not_picked":["Sentinel","Headbutt"],"picked":"Clothesline","floor":8.0},{"not_picked":["Sentinel","Disarm"],"picked":"Anger","floor":10.0},{"not_picked":["Wild Strike","Dark Embrace"],"picked":"Sword Boomerang","floor":11.0}],"player_experience":313274,"relics_obtained":[{"floor":6.0,"key":"Gremlin Horn"},{"floor":8.0,"key":"Vajra"},{"floor":9.0,"key":"Anchor"},{"floor":10.0,"key":"Blood Vial"}],"event_choices":[{"damage_healed":0.0,"max_hp_gain":0.0,"max_hp_loss":0.0,"gold_gain":0.0,"event_name":"Shining Light","player_choice":"Entered Light","floor":2.0,"gold_loss":0.0,"damage_taken":16.0,"cards_upgraded":["Defend_R","Strike_R"]},{"damage_healed":0.0,"max_hp_gain":0.0,"max_hp_loss":0.0,"gold_gain":175.0,"event_name":"Liars Game","player_choice":"AGREE","floor":12.0,"gold_loss":0.0,"damage_taken":0.0,"cards_obtained":["Doubt"]},{"damage_healed":0.0,"max_hp_gain":0.0,"max_hp_loss":0.0,"gold_gain":0.0,"event_name":"Upgrade Shrine","player_choice":"Upgraded","floor":14.0,"gold_loss":0.0,"damage_taken":0.0,"cards_upgraded":["Sadistic Nature"]}],"is_beta":false,"boss_relics":[],"items_purged_floors":[4],"is_endless":false,"potions_floor_spawned":[1,8,11],"killed_by":"The Guardian","ascension_level":2}}