{"host":"0s8kyghz8ihx2r41","time":1612472651,"event":{"mods":["2.2 Compatiblity","Act Like it!","Bard","BaseMod","CapriCore","Chen","Conspire","Downfall","Friendly Minions","GungeonMod","Hermit","HololiveMod","Hubris","Koishi","Lobotomy","LobotomyExtend","Marisa（霧雨　魔理沙）","Minty Spire (QoL Compilation)","Morshu Shopkeeper - ENHANCED","Onozuka Komachi Mod","Prisma Mod","READ ME - Snecko Mod","Reimu（博??梦）","Replay The Spire","Spire Birthday Party","StSLib","The Administrix","The Alterego","The Clintock","The Construct","The Cursed","The Disciple","The Druid","The Gatherer","The Immortal","The Marked","The Mystic","The Servant 0.9.4","TheVacant","Waifu the Spire","Yakumo Yukari mod","Yuyuko","everything is the same but u backflip on backflip","slay the spire mod where everything is the same but ironclad has a cowboy hat"],"gold_per_floor":[121,144,169,169,189,223,223,223,293,317,317,355,391,194,194,200,200],"floor_reached":16,"language":"ENG","playtime":602,"items_purged":[],"score":160,"play_id":"0e34774d-1a09-4586-b684-5195873e76fd","local_time":"20210204160411","is_ascension_mode":false,"campfire_choices":[{"floor":8,"key":"REST"},{"floor":15,"key":"REST"}],"circlet_count":0,"master_deck":["theMarked:Strike","theMarked:Strike","theMarked:Strike","theMarked:Strike","theMarked:Strike","theMarked:Defend","theMarked:Defend","theMarked:Defend","theMarked:Defend","theMarked:SoldierOfQuellstein","theMarked:ChainLightning","theMarked:BanishingWave+1","theMarked:Heritage","theMarked:Memento","theMarked:Seal","theMarked:Memento","theMarked:Aftermath","theMarked:Toughness","theMarked:Frustration"],"relics":["theMarked:ArtifactOfAir","Replay:Bandana","Replay:Wax Seal","Gremlin Horn","Odd Mushroom","Replay:Accelerometer"],"acts_visited":["Exordium"],"potions_floor_usage":[6,16,16],"damage_taken":[{"damage":3,"enemies":"2 Louse","floor":1,"turns":3},{"damage":0,"enemies":"Cultist","floor":2,"turns":4},{"damage":0,"enemies":"Small Slimes","floor":3,"turns":3},{"damage":9,"enemies":"Exordium Thugs","floor":5,"turns":4},{"damage":15,"enemies":"Gremlin Nob","floor":6,"turns":4},{"damage":14,"enemies":"Looter","floor":10,"turns":3},{"damage":8,"enemies":"The Mushroom Lair","floor":12,"turns":2},{"damage":21,"enemies":"Lagavulin","floor":13,"turns":7}],"seed_played":"4181943660260280362","potions_obtained":[{"floor":3,"key":"Fire Potion"},{"floor":6,"key":"hexamod:SoulburnPotion"},{"floor":13,"key":"Strength Potion"}],"is_trial":false,"path_per_floor":["M","M","M","?","M","E","$","R","T","M","?","?","E","$","R","B"],"character_chosen":"THE_DEFAULT","items_purchased":["theMarked:Toughness","theMarked:Frustration"],"campfire_rested":2,"item_purchase_floors":[14,14],"current_hp_per_floor":[67,67,67,67,58,43,43,64,64,50,50,42,21,21,42,0,0],"gold":200,"neow_bonus":"RANDOM_COMMON_RELIC","is_daily":false,"chose_seed":false,"campfire_upgraded":0,"win_rate":0.0,"timestamp":1612472651,"path_taken":["M","M","M","?","M","E","?","R","T","?","?","?","E","$","R","BOSS"],"items_purchased_type":["Card","Card"],"build_version":"2020-12-22","purchased_purges":0,"victory":false,"max_hp_per_floor":[70,70,70,70,70,70,70,70,70,70,70,70,70,70,70,70,70],"card_choices":[{"not_picked":["theMarked:Memento","theMarked:TwofoldDefense"],"picked":"theMarked:ChainLightning","floor":1},{"not_picked":["theMarked:Frustration","theMarked:TwofoldDefense"],"picked":"theMarked:BanishingWave","floor":2},{"not_picked":["theMarked:Electrocute","theMarked:Parkour"],"picked":"theMarked:Heritage","floor":3},{"not_picked":["theMarked:Reabsorb","theMarked:Polarize"],"picked":"theMarked:Memento","floor":5},{"not_picked":["theMarked:Memento","theMarked:ChannelForce"],"picked":"theMarked:Seal","floor":6},{"not_picked":["theMarked:SuspiciousRaven","theMarked:Overcharge"],"picked":"theMarked:Memento","floor":10},{"not_picked":["theMarked:Memento","theMarked:WastefulAttack"],"picked":"theMarked:Aftermath","floor":12},{"not_picked":["theMarked:Panic","theMarked:BanishingWave","theMarked:Memento"],"picked":"SKIP","floor":13}],"player_experience":334099,"relics_obtained":[{"floor":6,"key":"Replay:Wax Seal"},{"floor":9,"key":"Gremlin Horn"},{"floor":12,"key":"Odd Mushroom"},{"floor":13,"key":"Replay:Accelerometer"}],"event_choices":[{"damage_healed":0,"gold_gain":0,"player_choice":"Upgraded","damage_taken":0,"max_hp_gain":0,"max_hp_loss":0,"event_name":"Upgrade Shrine","floor":4,"gold_loss":0,"cards_upgraded":["theMarked:BanishingWave"]},{"damage_healed":0,"gold_gain":0,"player_choice":"Leave","damage_taken":0,"max_hp_gain":0,"max_hp_loss":0,"event_name":"conspire:Investor","floor":11,"gold_loss":0},{"damage_healed":0,"gold_gain":0,"player_choice":"Fought Mushrooms","damage_taken":0,"max_hp_gain":0,"max_hp_loss":0,"event_name":"Mushrooms","floor":12,"gold_loss":0}],"is_beta":false,"boss_relics":[],"items_purged_floors":[],"is_endless":false,"potions_floor_spawned":[3,6,13],"killed_by":"The Guardian","ascension_level":0}}