{"host":"tk5pyv01hxoi3ka3","time":1612433881,"event":{"mods":["100% Spire Juice","2.2 Compatiblity","Abigail Mod","Arknights","BaseMod","Better Note","Card Forge","Colored Map","Gold Saver","GungeonMod","Hermit","Koishi","Lobotomy","Marisa£¨Ùöéë¡¡Øª×âÞÞ£©","Minty Spire (QoL Compilation)","Prisma Mod","READ ME - Guardian Mod","Shop Mod","StSLib","The Administrix","The Gatherer","The Jungle","Waifu the Spire"],"gold_per_floor":[1377,796,139,158,178,178,208,208,256,289,364,38,52,52,52,173,173,196,196,111,75,93,93,116,116,143,143,160,194,205,130,130,233,233,244,66,118,128,148,158,8,21,21,68,79,79,97,114,114,114,114,114,114,18,45,45],"floor_reached":57,"language":"KOR","playtime":3178,"items_purged":["Moonworks:Strike","Moonworks:Strike","Moonworks:Strike","Injury"],"score":1211,"play_id":"d463729e-ada2-4be6-b0f1-ab1eb5f197de","local_time":"20210204191801","is_ascension_mode":false,"campfire_choices":[{"data":"Moonworks:EvilSpyWorkPreparation","floor":6,"key":"SMITH"},{"data":"Moonworks:CloudOfSeagulls","floor":8,"key":"SMITH"},{"floor":15,"key":"REST"},{"data":"Moonworks:SinkOrSwim","floor":23,"key":"SMITH"},{"data":"Moonworks:HolyNight","floor":25,"key":"SMITH"},{"floor":32,"key":"REST"},{"floor":46,"key":"RECALL"},{"floor":49,"key":"REST"},{"data":"Moonworks:EvilSpyWorkPreparation","floor":53,"key":"SMITH"}],"circlet_count":0,"master_deck":["Moonworks:Defend","Moonworks:Defend","Moonworks:Defend","Moonworks:Defend","Moonworks:Ambush","Moonworks:LongDistanceShot","Moonworks:NicePresent","Moonworks:CloudOfSeagulls+1","Moonworks:EvilSpyWorkPreparation+1","Moonworks:SakisCookie","Moonworks:JonathanRush","Moonworks:Assault","Moonworks:SinkOrSwim+1","Moonworks:CloudOfSeagulls","Moonworks:JonathanRush","Moonworks:SakisCookie+1","Moonworks:HolyNight+1","Moonworks:CloudOfSeagulls","Moonworks:ShieldCounter","Moonworks:JonathanRush+1","Moonworks:EvilSpyWorkPreparation+1","Moonworks:LulusLuckyEgg","Moonworks:Dash","Moonworks:LulusLuckyEgg+1","Moonworks:BindingChains"],"relics":["Moonworks:BrokenBomb","Moonworks:Homemark","Hammer of Thor","Seething Fire","Anvil of the Gods","MerchantsRug","TheAbacus","DemoMod:GreenGuonStone","Gremlin Horn","DemoMod:MeltedRock","Bloody Idol","DemoMod:RiddleOfLead","Calipers","Busted Crown","CatCart","Unceasing Top","DemoMod:Antibody"],"acts_visited":["Exordium","TheCity","TheBeyond","TheEnding"],"potions_floor_usage":[16,30,47,50],"damage_taken":[{"damage":1,"enemies":"Jaw Worm","floor":1,"turns":3},{"damage":6,"enemies":"Small Slimes","floor":2,"turns":3},{"damage":0,"enemies":"2 Louse","floor":4,"turns":2},{"damage":21,"enemies":"Exordium Thugs","floor":5,"turns":4},{"damage":20,"enemies":"Gremlin Nob","floor":7,"turns":3},{"damage":3,"enemies":"3 Sentries","floor":10,"turns":6},{"damage":3,"enemies":"Blue Slaver","floor":13,"turns":3},{"damage":2,"enemies":"Slime Boss","floor":16,"turns":8},{"damage":23,"enemies":"Spheric Guardian","floor":18,"turns":4},{"damage":28,"enemies":"2 Thieves","floor":22,"turns":3},{"damage":16,"enemies":"Cultist and Chosen","floor":24,"turns":5},{"damage":21,"enemies":"Shelled Parasite and Fungi","floor":28,"turns":3},{"damage":18,"enemies":"Gremlin Leader","floor":29,"turns":4},{"damage":11,"enemies":"Snecko","floor":30,"turns":6},{"damage":58,"enemies":"Collector","floor":33,"turns":7},{"damage":54,"enemies":"3 Shapes","floor":35,"turns":3},{"damage":42,"enemies":"Orin","floor":37,"turns":7},{"damage":2,"enemies":"Orb Walker","floor":38,"turns":4},{"damage":0,"enemies":"Maw","floor":39,"turns":6},{"damage":41,"enemies":"Sphere and 2 Shapes","floor":40,"turns":3},{"damage":9,"enemies":"Transient","floor":42,"turns":5},{"damage":12,"enemies":"Writhing Mass","floor":45,"turns":6},{"damage":0,"enemies":"Spire Growth","floor":47,"turns":4},{"damage":11,"enemies":"Sphere and 2 Shapes","floor":48,"turns":3},{"damage":57,"enemies":"Donu and Deca","floor":50,"turns":7},{"damage":105,"enemies":"Shield and Spear","floor":55,"turns":7},{"damage":234,"enemies":"The Heart","floor":56,"turns":9}],"seed_played":"-2589609905531502613","potions_obtained":[{"floor":2,"key":"FearPotion"},{"floor":7,"key":"Fire Potion"},{"floor":10,"key":"Strength Potion"},{"floor":13,"key":"BlessingOfTheForge"},{"floor":22,"key":"SpeedPotion"},{"floor":29,"key":"Swift Potion"},{"floor":35,"key":"SpeedPotion"},{"floor":37,"key":"Fire Potion"},{"floor":47,"key":"BlessingOfTheForge"}],"is_trial":false,"path_per_floor":["M","M","$","M","M","R","E","R","T","E","?","$","M","?","R","B",null,"M","?","?","$","M","R","M","R","T","?","M","E","M","?","R","B",null,"M","$","?","M","M","M","$","M","T","T","M","R","M","M","R","B",null,null,"R","$","E","B",null],"character_chosen":"THE_STARBREAKER","items_purchased":["MerchantsRug","TheAbacus","DemoMod:GreenGuonStone","Moonworks:JonathanRush","DemoMod:MeltedRock","Moonworks:JonathanRush","Moonworks:EvilSpyWorkPreparation","Unceasing Top"],"campfire_rested":3,"item_purchase_floors":[3,3,3,12,12,21,36,54],"current_hp_per_floor":[53,47,47,47,32,32,18,18,25,22,11,11,10,10,33,33,89,66,66,66,66,44,44,39,39,39,39,34,36,35,35,61,13,89,42,42,14,20,30,10,10,9,16,21,17,17,27,24,52,4,4,96,96,96,22,19],"gold":45,"neow_bonus":"TWENTY_PERCENT_HP_BONUS","is_daily":false,"chose_seed":false,"campfire_upgraded":5,"win_rate":0.0,"timestamp":1612433881,"path_taken":["M","M","$","M","M","R","E","R","T","E","?","$","M","?","R","BOSS","M","?","?","$","M","R","M","R","T","?","M","E","M","?","R","BOSS","M","$","?","M","M","M","$","M","T","?","M","R","M","M","R","BOSS","R","$","E","BOSS"],"items_purchased_type":["Relic","Relic","Relic","Card","Relic","Card","Card","Relic"],"build_version":"2020-12-22","purchased_purges":4,"victory":true,"max_hp_per_floor":[72,72,72,72,72,72,72,72,79,79,79,79,79,79,79,79,89,89,89,89,89,89,89,89,89,89,89,89,89,89,89,89,89,89,89,89,89,89,89,89,89,89,96,96,96,96,96,96,96,96,96,96,96,96,96,96],"card_choices":[{"not_picked":["Moonworks:JonathanRush","Moonworks:CompletionReward"],"picked":"Moonworks:NicePresent","floor":1},{"not_picked":["Moonworks:BigMagnum","Moonworks:CompletionReward"],"picked":"Moonworks:CloudOfSeagulls","floor":2},{"not_picked":["Moonworks:IndiscriminateFireSupport","Moonworks:StiffCrystal"],"picked":"Moonworks:EvilSpyWorkPreparation","floor":4},{"not_picked":["Moonworks:BigMagnum","Moonworks:IndiscriminateFireSupport","Moonworks:BigBangBell"],"picked":"SKIP","floor":5},{"not_picked":["Moonworks:ImOnFire","Moonworks:ScrambledEve","Moonworks:CastOff"],"picked":"SKIP","floor":7},{"not_picked":["Moonworks:Dinner","Moonworks:BigMagnum"],"picked":"Moonworks:SakisCookie","floor":10},{"not_picked":["Moonworks:AngelHand","Moonworks:NicePresent"],"picked":"Moonworks:Assault","floor":13},{"not_picked":["Moonworks:AccelHyper","Moonworks:Encore"],"picked":"Moonworks:SinkOrSwim","floor":16},{"not_picked":["Moonworks:StiffCrystal","Moonworks:UnluckyCharm"],"picked":"Moonworks:CloudOfSeagulls","floor":18},{"not_picked":["Moonworks:BigMagnum","Moonworks:LulusLuckyEgg","Moonworks:NicePresent"],"picked":"Moonworks:SakisCookie+1","floor":22},{"not_picked":["Moonworks:DeployBits+1","Moonworks:BigMagnum+1","Moonworks:SakisCookie+1"],"picked":"Moonworks:HolyNight","floor":24},{"not_picked":["Moonworks:Dinner","Moonworks:Assault+1","Moonworks:LulusLuckyEgg","Moonworks:NicePresent"],"picked":"SKIP","floor":28},{"not_picked":["Moonworks:RedAndBlue","Moonworks:SakisCookie","Moonworks:ImOnFire","Moonworks:BigMagnum"],"picked":"SKIP","floor":29},{"not_picked":["Moonworks:ScrambledEve+1","Moonworks:Dinner","Moonworks:DeployBits+1"],"picked":"Moonworks:CloudOfSeagulls","floor":30},{"not_picked":["Moonworks:SinkOrSwim","Moonworks:EvilMastermind","Moonworks:FinalBattle"],"picked":"Moonworks:ShieldCounter","floor":33},{"not_picked":["Moonworks:LulusLuckyEgg+1"],"picked":"Moonworks:JonathanRush+1","floor":35},{"not_picked":["Moonworks:BigMagnum"],"picked":"Moonworks:LulusLuckyEgg","floor":37},{"not_picked":["Moonworks:CookingTime"],"picked":"Moonworks:Dash","floor":38},{"not_picked":["Moonworks:CloudOfSeagulls","Moonworks:Gamble"],"picked":"SKIP","floor":39},{"not_picked":["Moonworks:SakisCookie"],"picked":"Moonworks:LulusLuckyEgg+1","floor":40},{"not_picked":["Moonworks:NicePresent+1"],"picked":"Moonworks:BindingChains","floor":42},{"not_picked":["Moonworks:Heat300Percent","Moonworks:AwakeningOfTalent+1"],"picked":"SKIP","floor":45},{"not_picked":["Moonworks:UnluckyCharm+1","Moonworks:BindingChains+1"],"picked":"SKIP","floor":47},{"not_picked":["Moonworks:NicePresent","Moonworks:DeployBits+1"],"picked":"SKIP","floor":48},{"not_picked":["Moonworks:LeapThroughSpace"],"picked":"SKIP","floor":55}],"player_experience":256969,"relics_obtained":[{"floor":7,"key":"Orichalcum"},{"floor":9,"key":"Strawberry"},{"floor":10,"key":"Gremlin Horn"},{"floor":29,"key":"Calipers"},{"floor":37,"key":"CatCart"},{"floor":43,"key":"DemoMod:MonsterBlood"},{"floor":44,"key":"Omamori"},{"floor":55,"key":"DemoMod:Antibody"}],"event_choices":[{"damage_healed":0,"gold_gain":75,"player_choice":"Gather Gold","damage_taken":11,"max_hp_gain":0,"max_hp_loss":0,"event_name":"World of Goop","floor":11,"gold_loss":0},{"damage_healed":0,"gold_gain":0,"player_choice":"Take Wound","damage_taken":0,"relics_obtained":["Golden Idol"],"max_hp_gain":0,"max_hp_loss":0,"event_name":"Golden Idol","floor":14,"gold_loss":0,"cards_obtained":["Injury"]},{"damage_healed":0,"gold_gain":0,"player_choice":"Ignored","damage_taken":0,"max_hp_gain":0,"max_hp_loss":0,"event_name":"betterNote:BetterNote","floor":19,"gold_loss":0,"cards_obtained":["UniverseFragment"]},{"damage_healed":0,"gold_gain":0,"player_choice":"Obtained Relic","damage_taken":0,"relics_obtained":["Question Card"],"max_hp_gain":0,"max_hp_loss":0,"event_name":"Addict","floor":20,"gold_loss":85},{"damage_healed":0,"gold_gain":0,"player_choice":"Gave Idol","damage_taken":0,"relics_obtained":["Bloody Idol"],"max_hp_gain":0,"max_hp_loss":0,"event_name":"Forgotten Altar","floor":27,"relics_lost":["Golden Idol"],"gold_loss":0},{"cards_removed":["Moonworks:Strike"],"damage_healed":0,"gold_gain":0,"player_choice":"Gave Gold","damage_taken":0,"max_hp_gain":0,"max_hp_loss":0,"event_name":"Beggar","floor":31,"gold_loss":75},{"damage_healed":0,"gold_gain":0,"player_choice":"Fight","damage_taken":0,"max_hp_gain":0,"max_hp_loss":0,"event_name":"OrinTheCat","floor":37,"gold_loss":0}],"is_beta":false,"boss_relics":[{"not_picked":["Tiny House","Snecko Eye"],"picked":"DemoMod:RiddleOfLead"},{"not_picked":["Philosopher\u0027s Stone","Runic Pyramid"],"picked":"Busted Crown"}],"items_purged_floors":[3,12,36,41],"is_endless":false,"potions_floor_spawned":[2,7,10,13,22,29,35,37,39,47],"ascension_level":0}}