{"host":"reugk9pd1uotrglt","time":1612449556,"event":{"mods":["AchievementEnabler","BaseMod","BetterRewards","Colored Map","Custom Start","DeckTracker","Minty Spire (QoL Compilation)","Permanent Neow","Quick Restart","SuperFastMode"],"gold_per_floor":[119,138,138,155,175,200,200,234,234,264,282,282,303,303,303,383,383,400,199,208,208,208,245,272,299,299,325,347,386,386,396,396,481,481,508,508,536,318,344,371,403,415,452,491,523,535,565,917,929,941,953,965,977,539,578,578],"floor_reached":57,"language":"ENG","playtime":2051,"items_purged":["Strike_R","Writhe","Strike_R"],"score":3891,"play_id":"f089c163-c8c9-4ba0-baf0-50b814b5715a","local_time":"20210204153916","is_ascension_mode":true,"campfire_choices":[{"data":"Apotheosis","floor":7.0,"key":"SMITH"},{"data":"1","floor":15.0,"key":"LIFT"},{"data":"2","floor":30,"key":"LIFT"},{"data":"3","floor":32,"key":"LIFT"},{"floor":42,"key":"RECALL"},{"data":"Madness","floor":49,"key":"SMITH"},{"data":"Madness","floor":53,"key":"SMITH"}],"circlet_count":0,"master_deck":["AscendersBane","Strike_R","Strike_R","Defend_R+1","Defend_R+1","Defend_R","Defend_R","Bash","Dramatic Entrance+1","Whirlwind+1","Twin Strike+1","Whirlwind+1","Whirlwind+1","Inflame","Dramatic Entrance+1","Apotheosis+1","Pommel Strike+1","Shrug It Off","Limit Break+1","Pommel Strike+1","Juggernaut","Ghostly Armor+1","Flame Barrier","Metallicize","Brutality","Shrug It Off","Whirlwind+1","Uppercut+1","Inflame+1","Madness+1","Madness+1","Sword Boomerang+1","Mayhem+1","Dark Embrace+1","Pommel Strike+1","Pummel+1"],"relics":["Burning Blood","Membership Card","Molten Egg 2","Centennial Puzzle","Charon\u0027s Ashes","Chemical X","Shuriken","Tiny Chest","Girya","War Paint","Lantern","Lizard Tail","Blood Vial","Ornamental Fan","Ginger","Singing Bowl","WingedGreaves","Pantograph","Oddly Smooth Stone","CeramicFish","Letter Opener","Bottled Lightning","Coffee Dripper","HornCleat","Akabeko","Darkstone Periapt","Meat on the Bone","Magic Flower","InkBottle","Pear","Juzu Bracelet","Black Star","Frozen Egg 2","MawBank","Du-Vu Doll","Omamori","Thread and Needle","CaptainsWheel","Blue Candle","Old Coin","Anchor","Bag of Preparation","Medical Kit","Gremlin Horn","StrikeDummy"],"acts_visited":["Exordium","TheCity","TheBeyond","TheEnding"],"potions_floor_usage":[29,39,55,56,56],"damage_taken":[{"damage":0.0,"enemies":"Small Slimes","floor":1.0,"turns":1.0},{"damage":0.0,"enemies":"Cultist","floor":2.0,"turns":2.0},{"damage":0.0,"enemies":"Jaw Worm","floor":4.0,"turns":1.0},{"damage":0.0,"enemies":"Blue Slaver","floor":5.0,"turns":1.0},{"damage":4.0,"enemies":"Gremlin Nob","floor":6.0,"turns":3.0},{"damage":10.0,"enemies":"3 Sentries","floor":8.0,"turns":2.0},{"damage":16.0,"enemies":"Lagavulin","floor":10.0,"turns":4.0},{"damage":0.0,"enemies":"3 Louse","floor":11.0,"turns":1.0},{"damage":0.0,"enemies":"Red Slaver","floor":13.0,"turns":2.0},{"damage":5.0,"enemies":"The Guardian","floor":16.0,"turns":4.0},{"damage":0.0,"enemies":"2 Thieves","floor":18.0,"turns":1.0},{"damage":9.0,"enemies":"Gremlin Leader","floor":23.0,"turns":3.0},{"damage":0.0,"enemies":"Book of Stabbing","floor":24.0,"turns":3.0},{"damage":16.0,"enemies":"Slavers","floor":25.0,"turns":2.0},{"damage":14.0,"enemies":"Gremlin Leader","floor":27.0,"turns":2.0},{"damage":0.0,"enemies":"Spheric Guardian","floor":28.0,"turns":2.0},{"damage":0,"enemies":"Slavers","floor":29,"turns":1},{"damage":27,"enemies":"Shelled Parasite and Fungi","floor":31,"turns":2},{"damage":0,"enemies":"Automaton","floor":33,"turns":4},{"damage":2,"enemies":"Orb Walker","floor":35,"turns":2},{"damage":0,"enemies":"3 Shapes","floor":37,"turns":1},{"damage":4,"enemies":"Maw","floor":39,"turns":3},{"damage":8,"enemies":"Nemesis","floor":40,"turns":3},{"damage":0,"enemies":"Sphere and 2 Shapes","floor":41,"turns":1},{"damage":10,"enemies":"Giant Head","floor":44,"turns":4},{"damage":9,"enemies":"Transient","floor":45,"turns":6},{"damage":0,"enemies":"Reptomancer","floor":48,"turns":2},{"damage":17,"enemies":"Donu and Deca","floor":50,"turns":3},{"damage":50,"enemies":"Awakened One","floor":51,"turns":6},{"damage":16,"enemies":"Shield and Spear","floor":55,"turns":2},{"damage":80,"enemies":"The Heart","floor":56,"turns":6}],"seed_played":"-2375091782974054954","potions_obtained":[{"floor":1.0,"key":"DistilledChaos"},{"floor":4.0,"key":"Dexterity Potion"},{"floor":5.0,"key":"Energy Potion"},{"floor":10.0,"key":"PowerPotion"},{"floor":16.0,"key":"Dexterity Potion"},{"floor":23.0,"key":"ElixirPotion"},{"floor":27.0,"key":"SkillPotion"},{"floor":28.0,"key":"SpeedPotion"},{"floor":29,"key":"Fire Potion"},{"floor":35,"key":"DuplicationPotion"},{"floor":39,"key":"Fruit Juice"},{"floor":41,"key":"BloodPotion"},{"floor":55,"key":"GamblersBrew"}],"is_trial":false,"path_per_floor":["M","M","?","M","M","E","R","E","T","E","M","?","M","T","R","B",null,"M","$","?","?","?","E","E","E","T","E","M","E","R","M","R","B",null,"M","T","M","$","M","E","M","R","T","E","M","?","?","E","R","B","B",null,"R","$","E","B",null],"character_chosen":"IRONCLAD","items_purchased":["Membership Card","Molten Egg 2","Centennial Puzzle","Dramatic Entrance+1","Whirlwind+1","Regen Potion","Chemical X","Shuriken","Tiny Chest","Twin Strike+1","War Paint","Lantern","Whirlwind+1","Blood Vial","Ornamental Fan","Whirlwind+1","Inflame","Dramatic Entrance+1","Apotheosis","Singing Bowl","HornCleat","Fruit Juice","Frozen Egg 2","Uppercut+1","Mayhem+1","Anchor","Bag of Preparation","Medical Kit","Dark Embrace+1","Pommel Strike+1"],"campfire_rested":0,"item_purchase_floors":[0,0,0,0,0,0,0,0,0,0,0,0,0,0,0,0,0,0,0,0,19,19,38,38,54,54,54,54,54,54],"current_hp_per_floor":[31,46,46,56,64,68,68,66,66,60,70,70,78,78,78,85,85,87,92,92,92,92,89,94,86,86,96,108,108,108,92,92,110,110,110,110,110,110,115,117,119,119,119,120,123,123,101,113,113,115,82,113,113,113,123,70],"gold":578,"neow_bonus":"","is_daily":false,"chose_seed":false,"campfire_upgraded":3,"win_rate":0.0,"timestamp":1612449556,"path_taken":["M","M","?","M","M","E","R","E","T","E","?","?","M","?","R","BOSS","M","$","?","?","?","E","E","E","T","E","M","E","R","M","R","BOSS","M","?","M","$","M","E","M","R","T","E","M","?","?","E","R","BOSS","BOSS","R","$","E","BOSS"],"items_purchased_type":["Relic","Relic","Relic","Card","Card","Potion","Relic","Relic","Relic","Card","Relic","Relic","Card","Relic","Relic","Card","Card","Card","Card","Relic","Relic","Potion","Relic","Card","Card","Relic","Relic","Relic","Card","Card"],"build_version":"2020-12-22","purchased_purges":3,"victory":true,"max_hp_per_floor":[77,79,79,81,81,81,81,81,81,83,85,85,85,85,85,85,85,87,92,92,92,92,92,94,96,96,108,108,108,108,110,110,110,110,110,110,110,110,115,117,119,119,119,121,123,123,123,123,123,123,123,123,123,123,123,123],"card_choices":[{"not_picked":["Evolve","Power Through","Body Slam+1"],"picked":"Singing Bowl","floor":1.0},{"not_picked":["Reckless Charge+1","Armaments","Wild Strike+1"],"picked":"Singing Bowl","floor":2.0},{"not_picked":["Hemokinesis+1","Twin Strike+1","True Grit"],"picked":"Singing Bowl","floor":4.0},{"not_picked":["Headbutt+1","Body Slam+1"],"picked":"Pommel Strike+1","floor":5.0},{"not_picked":["Second Wind","Iron Wave+1"],"picked":"Shrug It Off","floor":6.0},{"not_picked":["Hemokinesis+1","Combust"],"picked":"Limit Break","floor":8.0},{"not_picked":["Intimidate","Rupture","Rampage+1"],"picked":"Singing Bowl","floor":10.0},{"not_picked":["Spot Weakness","Headbutt+1","Dual Wield"],"picked":"Singing Bowl","floor":11.0},{"not_picked":["Warcry","Ghostly Armor"],"picked":"Pommel Strike+1","floor":13.0},{"not_picked":["Feed+1","Immolate+1"],"picked":"Juggernaut","floor":16.0},{"not_picked":["Havoc","Flex","Perfected Strike+1"],"picked":"Singing Bowl","floor":18.0},{"not_picked":["Seeing Red","Anger+1"],"picked":"Ghostly Armor+1","floor":23.0},{"not_picked":["Battle Trance","Carnage+1","Body Slam+1"],"picked":"Singing Bowl","floor":24.0},{"not_picked":["Clothesline+1","Wild Strike+1","Seeing Red"],"picked":"Singing Bowl","floor":25.0},{"not_picked":["Fire Breathing","Sentinel","Heavy Blade+1"],"picked":"Singing Bowl","floor":27.0},{"not_picked":["Dropkick+1","Cleave+1"],"picked":"Flame Barrier","floor":28.0},{"not_picked":["Brutality","Seeing Red"],"picked":"Metallicize","floor":29},{"not_picked":["Spot Weakness","Havoc","Dark Embrace"],"picked":"Singing Bowl","floor":31},{"not_picked":["Exhume","Reaper+1"],"picked":"Brutality","floor":33},{"not_picked":["Anger+1","Flex"],"picked":"Shrug It Off","floor":35},{"not_picked":["Clash+1","Armaments+1"],"picked":"Whirlwind+1","floor":37},{"not_picked":["Spot Weakness+1","Sword Boomerang+1"],"picked":"Inflame+1","floor":39},{"not_picked":["Wild Strike+1","Exhume","Bloodletting"],"picked":"Singing Bowl","floor":40},{"not_picked":["Armaments","Warcry","Dark Embrace+1"],"picked":"Singing Bowl","floor":41},{"not_picked":["Rupture+1","Disarm+1","Spot Weakness"],"picked":"Singing Bowl","floor":44},{"not_picked":["Clothesline+1","Immolate+1","Hemokinesis+1"],"picked":"Singing Bowl","floor":45},{"not_picked":["Blood for Blood+1","Warcry"],"picked":"Sword Boomerang+1","floor":48},{"not_picked":["Flex","Power Through"],"picked":"Pummel+1","floor":55}],"player_experience":1517155,"relics_obtained":[{"floor":6.0,"key":"Pantograph"},{"floor":8.0,"key":"Oddly Smooth Stone"},{"floor":9.0,"key":"CeramicFish"},{"floor":10.0,"key":"Letter Opener"},{"floor":14.0,"key":"Bottled Lightning"},{"floor":23.0,"key":"Darkstone Periapt"},{"floor":24.0,"key":"Meat on the Bone"},{"floor":25.0,"key":"Magic Flower"},{"floor":26.0,"key":"InkBottle"},{"floor":27.0,"key":"Pear"},{"floor":29,"key":"Juzu Bracelet"},{"floor":40,"key":"MawBank"},{"floor":40,"key":"Du-Vu Doll"},{"floor":43,"key":"Omamori"},{"floor":44,"key":"Thread and Needle"},{"floor":44,"key":"CaptainsWheel"},{"floor":48,"key":"Blue Candle"},{"floor":48,"key":"Old Coin"},{"floor":55,"key":"Gremlin Horn"},{"floor":55,"key":"StrikeDummy"}],"event_choices":[{"cards_removed":["Strike_R"],"damage_healed":0.0,"max_hp_gain":0.0,"max_hp_loss":0.0,"gold_gain":0.0,"event_name":"Wheel of Change","player_choice":"Card Removal","floor":3.0,"gold_loss":0.0,"damage_taken":0.0},{"damage_healed":0.0,"max_hp_gain":0.0,"max_hp_loss":0.0,"gold_gain":0.0,"event_name":"Match and Keep!","player_choice":"0 cards matched","floor":12.0,"gold_loss":0.0,"damage_taken":0.0,"cards_obtained":[]},{"damage_healed":0.0,"max_hp_gain":0.0,"max_hp_loss":0.0,"gold_gain":0.0,"event_name":"The Mausoleum","player_choice":"Opened","floor":20.0,"gold_loss":0.0,"damage_taken":0.0,"relics_obtained":["Akabeko"],"cards_obtained":["Writhe"]},{"damage_healed":0.0,"max_hp_gain":0.0,"max_hp_loss":0.0,"gold_gain":0.0,"event_name":"Ghosts","player_choice":"Ignored","floor":21.0,"gold_loss":0.0,"damage_taken":0.0},{"damage_healed":0.0,"max_hp_gain":0.0,"max_hp_loss":0.0,"gold_gain":0.0,"event_name":"N\u0027loth","player_choice":"Ignored","floor":22.0,"gold_loss":0.0,"damage_taken":0.0},{"damage_healed":0,"gold_gain":0,"player_choice":"Upgraded","damage_taken":0,"max_hp_gain":0,"max_hp_loss":0,"event_name":"Upgrade Shrine","floor":46,"gold_loss":0,"cards_upgraded":["Limit Break"]},{"damage_healed":0,"gold_gain":0,"player_choice":"Embrace Madness","damage_taken":22,"max_hp_gain":0,"max_hp_loss":0,"event_name":"Winding Halls","floor":47,"gold_loss":0,"cards_obtained":["Madness","Madness"]}],"is_beta":false,"boss_relics":[{"not_picked":["Sozu","Runic Dome"],"picked":"Coffee Dripper"},{"not_picked":["Black Blood","Pandora\u0027s Box"],"picked":"Black Star"}],"items_purged_floors":[0,38,54],"is_endless":false,"potions_floor_spawned":[1,4,5,10,16,18,23,27,28,29,33,35,39,41,55],"ascension_level":20}}