{"host":"8d3fefv2347kqkpz","time":1612423120,"event":{"mods":["AchievementEnabler","Act Like it!","Aspiration","BaseMod","Better Vampires","Colored Map","Colored Powertips","Conspire","GifTheSpireLib","Highlight Path","Hubris","Mimic Mod","Minty Spire (QoL Compilation)","Quick Restart","Rare Cards Sparkle","Relic Stats","Replay The Spire","Spicy Shops","StSLib","The Jungle","Waifu the Spire"],"gold_per_floor":[110,8,0,0,0,0,15,15,46,61,75,86,116,126,126,224,224,239,239,257,101,111,139,139,149,149,161,173,191,191,191,191],"floor_reached":31,"language":"ZHS","playtime":1401,"items_purged":["conspire:Purge"],"score":274,"play_id":"9bdedf88-5429-446a-adc6-aa6a6d766494","local_time":"20210204151840","is_ascension_mode":true,"campfire_choices":[{"data":"Heavy Blade","floor":6.0,"key":"SMITH"},{"data":"Armaments","floor":8.0,"key":"SMITH"},{"floor":15.0,"key":"REST"},{"floor":24.0,"key":"REST"}],"circlet_count":0,"master_deck":["Strike_R","Strike_R","Defend_R","Defend_R","Bash","Offering","Seeing Red","Heavy Blade+1","Intimidate+1","Armaments+1","hubris:ReadiedAction+1","Dropkick","Pummel","Rampage","Armaments+1","Flex","Double Energy+1","Rampage"],"relics":["Burning Blood","ReplayFunnel","Unceasing Top","aspiration:DefectSkillbook","conspire:TopHat","Paper Frog"],"acts_visited":["Exordium","TheCity"],"potions_floor_usage":[29],"damage_taken":[{"damage":0.0,"enemies":"Small Slimes","floor":1.0,"turns":3.0},{"damage":2.0,"enemies":"2 Louse","floor":7.0,"turns":3.0},{"damage":6.0,"enemies":"Jaw Worm","floor":9.0,"turns":8.0},{"damage":2.0,"enemies":"Jaw Worm","floor":10.0,"turns":3.0},{"damage":10.0,"enemies":"conspire:2 RoseBushes","floor":11.0,"turns":4.0},{"damage":6.0,"enemies":"Exordium Thugs","floor":12.0,"turns":5.0},{"damage":19.0,"enemies":"Gremlin Nob","floor":13.0,"turns":4.0},{"damage":16.0,"enemies":"Blue Slaver","floor":14.0,"turns":3.0},{"damage":25.0,"enemies":"The Guardian","floor":16.0,"turns":10.0},{"damage":22.0,"enemies":"Shell Parasite","floor":18.0,"turns":5.0},{"damage":18.0,"enemies":"3 Byrds","floor":20.0,"turns":6.0},{"damage":11.0,"enemies":"conspire:HollyBat","floor":22.0,"turns":7.0},{"damage":26.0,"enemies":"Slavers","floor":23.0,"turns":5.0},{"damage":8,"enemies":"Snake Plant","floor":25,"turns":2},{"damage":27,"enemies":"Sentry and Sphere","floor":27,"turns":5},{"damage":29,"enemies":"Shelled Parasite and Fungi","floor":28,"turns":5},{"damage":11,"enemies":"Snecko","floor":29,"turns":6},{"damage":23,"enemies":"Chosen and Byrds","floor":31,"turns":4}],"seed_played":"-3253788091796264442","potions_obtained":[{"floor":1.0,"key":"Fire Potion"},{"floor":10.0,"key":"Weak Potion"},{"floor":12.0,"key":"EssenceOfSteel"},{"floor":13.0,"key":"Strength Potion"},{"floor":22.0,"key":"ColorlessPotion"},{"floor":23.0,"key":"ColorlessPotion"},{"floor":29,"key":"SkillPotion"}],"is_trial":false,"path_per_floor":["M","$","?","?","$","R","M","R","MIM","M","M","M","E","M","R","B",null,"M","?","M","$","M","E","R","M","T","M","M","M","?","M"],"character_chosen":"IRONCLAD","items_purchased":["Heavy Blade","Rampage"],"campfire_rested":2,"item_purchase_floors":[2,21],"current_hp_per_floor":[62,62,62,62,62,62,66,66,66,70,66,66,53,43,67,48,80,64,72,60,60,55,35,59,57,57,36,13,8,8,0,0],"gold":191,"neow_bonus":"THREE_RARE_CARDS","is_daily":false,"chose_seed":false,"campfire_upgraded":2,"win_rate":0.0,"timestamp":1612423120,"path_taken":["M","$","?","?","?","R","M","R","MIM","M","M","M","E","M","R","BOSS","M","?","?","$","M","E","R","M","T","M","M","M","?","M"],"items_purchased_type":["Card","Card"],"build_version":"2020-12-22","purchased_purges":1,"victory":false,"max_hp_per_floor":[80,80,80,80,80,80,80,80,80,80,80,80,80,80,80,80,80,80,80,80,80,80,80,80,80,80,80,80,80,80,80,80],"relic_stats":{"counters":[18,88],"obtain_stats":[{"ReplayFunnel":9,"aspiration:DefectSkillbook":17,"Burning Blood":0,"Unceasing Top":13,"conspire:TopHat":23,"Paper Frog":26},{"ReplayFunnel":3,"aspiration:DefectSkillbook":9,"Burning Blood":0,"Unceasing Top":7,"conspire:TopHat":13,"Paper Frog":14},{"ReplayFunnel":14,"aspiration:DefectSkillbook":43,"Burning Blood":0,"Unceasing Top":30,"conspire:TopHat":66,"Paper Frog":68}],"Burning Blood":102,"Unceasing Top":[2]},"card_choices":[{"not_picked":["Exhume","Replay:Many Hands"],"picked":"Offering","floor":0.0},{"not_picked":["Sentinel","Thunderclap"],"picked":"Seeing Red","floor":1.0},{"not_picked":["Disarm","Shrug It Off"],"picked":"Armaments","floor":7.0},{"not_picked":["Perfected Strike","hubris:CleavingFinish"],"picked":"hubris:ReadiedAction","floor":9.0},{"not_picked":["Infernal Blade","Life Link","hubris:SharpeningStone"],"picked":"SKIP","floor":10.0},{"not_picked":["Headbutt","Iron Wave","Perfected Strike"],"picked":"SKIP","floor":11.0},{"not_picked":["Warcry","Headbutt"],"picked":"conspire:Purge","floor":12.0},{"not_picked":["Headbutt","Battle Trance"],"picked":"Dropkick","floor":13.0},{"not_picked":["Anger","Clash"],"picked":"Pummel","floor":14.0},{"not_picked":["Coolheaded","Stack","Undo","Panic Button"],"picked":"SKIP","floor":18.0},{"not_picked":["ReplayTheSpireMod:Corrosion Curse+1","Compile Driver","Run Through","Steam"],"picked":"SKIP","floor":20.0},{"not_picked":["Redo","BasicCrystalCard","Stack"],"picked":"Armaments+1","floor":22.0},{"not_picked":["Havoc+1","Turbo","Pummel","Ball Lightning"],"picked":"SKIP","floor":23.0},{"not_picked":["Streamline+1","Fusion","Multi-Cast"],"picked":"Flex","floor":25},{"not_picked":["Ghostly Armor","Force Field+1","ReplayTheSpireMod:Calculation Training+1","Warcry"],"picked":"SKIP","floor":27},{"not_picked":["ReplayTheSpireMod:Limb From Limb","Sweeping Beam","Second Wind+1"],"picked":"Double Energy+1","floor":28},{"not_picked":["hubris:ReadiedAction","Shrug It Off","Pummel+1"],"picked":"Rampage","floor":29}],"player_experience":243823,"relics_obtained":[{"floor":9.0,"key":"ReplayFunnel"},{"floor":13.0,"key":"Unceasing Top"},{"floor":23.0,"key":"conspire:TopHat"},{"floor":26,"key":"Paper Frog"}],"event_choices":[{"damage_healed":0.0,"max_hp_gain":0.0,"max_hp_loss":0.0,"gold_gain":0.0,"event_name":"World of Goop","player_choice":"Left Gold","floor":3.0,"gold_loss":8.0,"damage_taken":0.0},{"damage_healed":0,"gold_gain":0,"player_choice":"Forge","damage_taken":0,"max_hp_gain":0,"max_hp_loss":0,"event_name":"Accursed Blacksmith","floor":30,"gold_loss":0,"cards_upgraded":["hubris:ReadiedAction"]}],"is_beta":false,"boss_relics":[{"not_picked":["aspiration:RandomNobGenerator","aspiration:RunicSpoon"],"picked":"aspiration:DefectSkillbook"}],"items_purged_floors":[21],"is_endless":false,"potions_floor_spawned":[1,10,12,13,22,23,29],"killed_by":"Chosen and Byrds","ascension_level":1}}