{"host":"rpu0b34yn88n8zeb","time":1612427947,"event":{"mods":["Act Like it!","BaseMod","CapriCore","Chen","Colored Powertips","Defuse TimeMaze Blight","Koishi","Marisa£¨ìFÓê¡¡Ä§ÀíÉ³£©","Minty Spire (QoL Compilation)","Quick Restart","Reimu£¨²©ÀöÁéÃÎ£©","RumiaBox-Â¶Ã×æ«µÄÉñÃØºÐ×Ó","Shop Mod","Spicy Shops","StSLib","The Immortal","The Servant 0.9.4","Yakumo Yukari mod","Youmu£¨»êÆÇÑýÃÎ£©"],"gold_per_floor":[117,117,132,207,167,167,200,227,227,259,272,272,307,324,324,425,425,416,416,416,376,376,410,410,436,436,455,164,178,178,178,178,274,274,284,269,269,269,176,226,226,236,236,271,271,304,12,57,57,57,57,57,57,89,89],"floor_reached":56,"language":"ZHS","playtime":3743,"items_purged":[],"score":1484,"play_id":"ab694ca6-1039-4057-a5e5-a6559ac156d9","local_time":"20210204013907","is_ascension_mode":true,"campfire_choices":[{"data":"Koishi:SubconsciousSweep","floor":6,"key":"SMITH"},{"data":"Koishi:UnconsciousUrges","floor":15,"key":"SMITH"},{"data":"Koishi:TerrifyingSpectre","floor":24,"key":"SMITH"},{"data":"Koishi:UnseenTerror","floor":30,"key":"SMITH"},{"floor":32,"key":"REST"},{"data":"Koishi:HeartStoppingHorror","floor":45,"key":"SMITH"},{"floor":49,"key":"RECALL"},{"floor":52,"key":"REST"}],"circlet_count":0,"master_deck":["Koishi:BasicStrike+1","Koishi:BasicStrike+1","Koishi:BasicStrike+1","Koishi:BasicStrike+1","Koishi:BasicDefend+1","Koishi:BasicDefend+1","Koishi:BasicDefend+1","Koishi:BasicDefend+1","Koishi:Provoke+1","Koishi:HauntingSlash+1","Koishi:SubconsciousSweep+1","Koishi:RacingHeart+1","Koishi:MentalBreakdown+1","Koishi:PhantomStrike+1","Koishi:PhantomStrike+1","Koishi:UnconsciousUrges+1","Koishi:TremblingHands+1","Koishi:BloodcurdlingScream+1","Koishi:TerrifyingSpectre+1","Koishi:DreadfulBlow+1","Koishi:DNAsFlaw+1","Koishi:UnseenTerror+1","Koishi:Jaunt+1","Koishi:DreadfulBlow+1","Koishi:DreadfulBlow+1","Koishi:SilentAndRestless+1","Koishi:EmbersOfLove+1","Koishi:PhantomStrike+1","Koishi:MassHysteria+1","Koishi:HeartStoppingHorror+1","Koishi:PhantomBarrier+1","Koishi:PredatoryInstincts","Koishi:JumpScare"],"relics":["Koishi:ImaginaryFriend","Baka2","PaintedHorse:ReiMu","Dream Catcher","Bag of Preparation","Prayer Wheel","Tea:ReiMu","FossilizedHelix","SoulBox","Art of War","ZunR:ReiMu","White Beast Statue","InkBottle","SSSystem","Koishi:LettersToReimu","Mango","Enchiridion","Calling Bell","Omamori","Pantograph","Lizard Tail","Pen Nib","WingedGreaves","Du-Vu Doll","Eternal Feather","ChaoDraw","SecretRecord","CatCart","Pear","HornCleat"],"acts_visited":["Exordium","TheCity","TheBeyond","TheEnding"],"potions_floor_usage":[7,16,16,42,42,55,55,55,55],"damage_taken":[{"damage":0,"enemies":"Cultist","floor":1,"turns":5},{"damage":15,"enemies":"Small Slimes","floor":3,"turns":4},{"damage":14,"enemies":"Lagavulin","floor":7,"turns":6},{"damage":0,"enemies":"Gremlin Nob","floor":10,"turns":4},{"damage":0,"enemies":"2 Louse","floor":11,"turns":3},{"damage":36,"enemies":"3 Sentries","floor":13,"turns":2},{"damage":1,"enemies":"Blue Slaver","floor":14,"turns":1},{"damage":46,"enemies":"Hexaghost","floor":16,"turns":7},{"damage":0,"enemies":"3 Byrds","floor":18,"turns":4},{"damage":0,"enemies":"Gremlin Leader","floor":23,"turns":4},{"damage":0,"enemies":"Book of Stabbing","floor":25,"turns":4},{"damage":4,"enemies":"Chosen","floor":27,"turns":3},{"damage":7,"enemies":"Snecko","floor":29,"turns":3},{"damage":7,"enemies":"Collector","floor":33,"turns":9},{"damage":1,"enemies":"3 Shapes","floor":35,"turns":3},{"damage":62,"enemies":"3 Shapes","floor":36,"turns":20},{"damage":1,"enemies":"Orb Walker","floor":39,"turns":3},{"damage":0,"enemies":"Mind Bloom Boss Battle","floor":40,"turns":3},{"damage":0,"enemies":"Maw","floor":42,"turns":5},{"damage":0,"enemies":"Giant Head","floor":44,"turns":8},{"damage":0,"enemies":"Reptomancer","floor":46,"turns":3},{"damage":0,"enemies":"Orin","floor":48,"turns":9},{"damage":2,"enemies":"Awakened One","floor":50,"turns":10},{"damage":0,"enemies":"Shield and Spear","floor":54,"turns":4},{"damage":6,"enemies":"The Heart","floor":55,"turns":8}],"seed_played":"-4602800968058810580","potions_obtained":[{"floor":1,"key":"FearPotion"},{"floor":7,"key":"Swift Potion"},{"floor":14,"key":"PowerPotion"},{"floor":23,"key":"Dexterity Potion"},{"floor":25,"key":"ColorlessPotion"},{"floor":27,"key":"BlessingOfTheForge"},{"floor":35,"key":"PowerPotion"},{"floor":42,"key":"EntropicBrew"},{"floor":44,"key":"ZuzhouPotion:ReiMu"}],"is_trial":false,"path_per_floor":["M","?","M","?","?","R","E","T","T","E","M","?","E","M","R","B",null,"M","?","?","?","T","E","R","E","T","M","$","M","R","?","R","B",null,"M","?","T","?","M","?","T","M","T","E","R","E","$","?","R","B",null,"R","$","E","B",null],"character_chosen":"KOISHI","items_purchased":["Mango","SecretRecord"],"campfire_rested":2,"item_purchase_floors":[28,47],"current_hp_per_floor":[60,60,57,46,46,46,42,42,42,58,58,63,45,44,44,14,63,63,63,52,52,52,54,54,57,57,60,74,74,74,58,82,82,82,82,82,82,78,78,78,78,78,78,78,78,78,78,78,88,88,88,88,88,88,88],"gold":89,"neow_bonus":"UPGRADE_CARD","is_daily":false,"chose_seed":false,"campfire_upgraded":5,"win_rate":0.0,"timestamp":1612427947,"path_taken":["M","?","?","?","?","R","E","?","T","E","M","?","E","M","R","BOSS","M","?","?","?","?","E","R","E","T","M","$","M","R","?","R","BOSS","M","?","?","?","M","?","?","?","T","E","R","E","$","?","R","BOSS","R","$","E","BOSS"],"items_purchased_type":["Relic","Relic"],"build_version":"2020-12-22","purchased_purges":0,"victory":true,"max_hp_per_floor":[60,60,58,58,58,58,58,58,58,58,58,63,63,63,63,63,63,63,63,68,68,68,68,68,68,68,68,82,82,82,82,82,82,82,82,82,82,78,78,78,78,78,78,78,78,78,78,88,88,88,88,88,88,88,88],"card_choices":[{"not_picked":["Koishi:Vanish","Koishi:SprinkleStarAndHeart"],"picked":"Koishi:SubconsciousSweep","floor":1},{"not_picked":["Koishi:SubconsciousSweep","Koishi:CatchAndRose"],"picked":"Koishi:RacingHeart","floor":3},{"not_picked":["Koishi:SpiritedAway","Koishi:SubterraneanRose"],"picked":"Koishi:MentalBreakdown","floor":7},{"not_picked":["Koishi:PhantomBarrier","Koishi:Whimsy"],"picked":"Koishi:PhantomStrike","floor":10},{"not_picked":["Koishi:VengefulSpirit","Koishi:IdleWhim"],"picked":"Koishi:PhantomStrike","floor":11},{"not_picked":["Koishi:FreudianInstinct","Koishi:Jaunt"],"picked":"Koishi:UnconsciousUrges","floor":11},{"not_picked":["Koishi:EmbryosDream","Koishi:RollingInRichesHeart"],"picked":"Koishi:TremblingHands","floor":13},{"not_picked":["Koishi:UnconsciousUprising","Koishi:GhostParty"],"picked":"Koishi:BloodcurdlingScream","floor":14},{"not_picked":["Koishi:PhilosophyOfTheDespised","Koishi:FleetingPhantom","Koishi:CatchAndRose"],"picked":"SKIP","floor":14},{"not_picked":["Koishi:Heartbroken","Koishi:ImGoingToCallYouNow"],"picked":"Koishi:TerrifyingSpectre","floor":16},{"not_picked":["Koishi:Jaunt+1","Koishi:ApparitionsStalkTheNight"],"picked":"Koishi:DreadfulBlow+1","floor":18},{"not_picked":["Koishi:UnansweredLove","Koishi:ReflexRadar+1","Koishi:BloodcurdlingScream"],"picked":"SKIP","floor":18},{"not_picked":["Koishi:MassHysteria","Koishi:Whimsy","Koishi:ApparitionsStalkTheNight+1"],"picked":"SKIP","floor":23},{"not_picked":["Koishi:StingingMind","Koishi:PhantomBarrier"],"picked":"Koishi:DNAsFlaw+1","floor":25},{"not_picked":["Koishi:DNAsFlaw+1","Koishi:MentalBreakdown"],"picked":"Koishi:UnseenTerror","floor":27},{"not_picked":["Koishi:StrangeCloudFist+1","Koishi:Possession","Koishi:PhantomStrike"],"picked":"SKIP","floor":27},{"not_picked":["Koishi:ParalyzingFear","Koishi:Catatonia+1"],"picked":"Koishi:Jaunt+1","floor":29},{"not_picked":["Koishi:Jaunt","Koishi:PhantomStrike","Koishi:Prune+1"],"picked":"SKIP","floor":29},{"not_picked":["Koishi:Jaunt","Koishi:PhantomStrike","Koishi:Prune+1"],"picked":"SKIP","floor":29},{"not_picked":["Koishi:Bloodlust","Koishi:SpiritedAway"],"picked":"Koishi:DreadfulBlow","floor":32},{"not_picked":["Koishi:TerrifyingSpectre","Koishi:RollingInRichesHeart"],"picked":"Koishi:SilentAndRestless","floor":33},{"not_picked":["Koishi:PhantomStrike+1","Koishi:FreudianInstinct+1"],"picked":"Koishi:EmbersOfLove+1","floor":35},{"not_picked":["Koishi:HeartfeltFancy","Koishi:UnconsciousUprising","Koishi:TremblingHands"],"picked":"SKIP","floor":35},{"not_picked":["Koishi:CatchAndRose","Koishi:SubconsciousSweep"],"picked":"Koishi:PhantomStrike+1","floor":36},{"not_picked":["Koishi:CatchAndRose","Koishi:SubconsciousSweep+1"],"picked":"Koishi:MassHysteria+1","floor":39},{"not_picked":["Koishi:ReleaseOfTheId+1","Koishi:UnansweredLove","Koishi:EmbryosDream"],"picked":"SKIP","floor":39},{"not_picked":["Koishi:Jaunt","Koishi:DNAsFlaw"],"picked":"Koishi:HeartStoppingHorror","floor":40},{"not_picked":["Koishi:DreadfulBlow","Koishi:RorschachInDanmaku"],"picked":"Koishi:PhantomBarrier+1","floor":42},{"not_picked":["Koishi:StingingMind","Koishi:EmbryosDream+1","Koishi:GeneticsOfTheUnconscious+1"],"picked":"SKIP","floor":42},{"not_picked":["Koishi:Vanish","Koishi:Bloodlust+1","Koishi:FidgetySnatcher"],"picked":"SKIP","floor":44},{"not_picked":["Koishi:MindNumbingTerror","Koishi:UnseenTerror+1"],"picked":"Koishi:PhantomBarrier+1","floor":46},{"not_picked":["Koishi:Jaunt","Koishi:CatchAndRose"],"picked":"Koishi:PredatoryInstincts","floor":48},{"not_picked":["Koishi:ConfinedInnocent","Koishi:SubterraneanRose"],"picked":"Koishi:JumpScare","floor":52},{"not_picked":["Koishi:FourthEye+1","Koishi:HeartAttack","Koishi:UnansweredLove+1"],"picked":"SKIP","floor":54}],"player_experience":577833,"relics_obtained":[{"floor":1,"key":"Baka"},{"floor":3,"key":"Baka2"},{"floor":7,"key":"Dream Catcher"},{"floor":8,"key":"Bag of Preparation"},{"floor":9,"key":"Prayer Wheel"},{"floor":10,"key":"Tea:ReiMu"},{"floor":13,"key":"FossilizedHelix"},{"floor":18,"key":"Art of War"},{"floor":22,"key":"White Beast Statue"},{"floor":23,"key":"InkBottle"},{"floor":25,"key":"SSSystem"},{"floor":26,"key":"Koishi:LettersToReimu"},{"floor":31,"key":"Enchiridion"},{"floor":34,"key":"Omamori"},{"floor":34,"key":"Pantograph"},{"floor":34,"key":"Lizard Tail"},{"floor":37,"key":"Pen Nib"},{"floor":40,"key":"WingedGreaves"},{"floor":43,"key":"Du-Vu Doll"},{"floor":44,"key":"Eternal Feather"},{"floor":46,"key":"ChaoDraw"},{"floor":48,"key":"CatCart"},{"floor":48,"key":"Pear"},{"floor":54,"key":"HornCleat"}],"event_choices":[{"damage_healed":0,"gold_gain":0,"player_choice":"Ignored","damage_taken":0,"max_hp_gain":0,"max_hp_loss":0,"event_name":"Transmorgrifier","floor":2,"gold_loss":0},{"damage_healed":0,"gold_gain":75,"player_choice":"Gather Gold","damage_taken":11,"max_hp_gain":0,"max_hp_loss":0,"event_name":"World of Goop","floor":4,"gold_loss":0},{"damage_healed":0,"gold_gain":0,"player_choice":"ÈûÇ®","damage_taken":0,"relics_obtained":["PaintedHorse:ReiMu"],"max_hp_gain":0,"max_hp_loss":0,"event_name":"yidonshenshe","floor":5,"gold_loss":40},{"damage_healed":0,"gold_gain":0,"player_choice":"Donut","damage_taken":0,"max_hp_gain":5,"max_hp_loss":0,"event_name":"Big Fish","floor":12,"gold_loss":0},{"damage_healed":0,"gold_gain":0,"player_choice":"Simplicity","damage_taken":0,"max_hp_gain":0,"max_hp_loss":0,"event_name":"Back to Basics","floor":19,"gold_loss":0,"cards_upgraded":["Koishi:BasicStrike","Koishi:BasicStrike","Koishi:BasicStrike","Koishi:BasicStrike","Koishi:BasicDefend","Koishi:BasicDefend","Koishi:BasicDefend","Koishi:BasicDefend"]},{"damage_healed":0,"gold_gain":0,"player_choice":"Shed Blood","damage_taken":16,"max_hp_gain":5,"max_hp_loss":0,"event_name":"Forgotten Altar","floor":20,"gold_loss":0},{"damage_healed":0,"gold_gain":0,"player_choice":"¹ºÂòÉñ¾Æ","damage_taken":0,"relics_obtained":["ZunR:ReiMu"],"max_hp_gain":0,"max_hp_loss":0,"event_name":"ZunEvent","floor":21,"gold_loss":40},{"damage_healed":0,"gold_gain":0,"player_choice":"Obtained Book","damage_taken":16,"max_hp_gain":0,"max_hp_loss":0,"event_name":"Cursed Tome","floor":31,"gold_loss":0},{"damage_healed":0,"gold_gain":0,"player_choice":"Max HP","damage_taken":0,"max_hp_gain":0,"max_hp_loss":4,"event_name":"Winding Halls","floor":38,"gold_loss":0},{"damage_healed":0,"gold_gain":0,"player_choice":"Fight","damage_taken":0,"max_hp_gain":0,"max_hp_loss":0,"event_name":"MindBloom","floor":40,"gold_loss":0},{"damage_healed":0,"gold_gain":0,"player_choice":"Fight","damage_taken":0,"max_hp_gain":0,"max_hp_loss":0,"event_name":"OrinTheCat","floor":48,"gold_loss":0}],"is_beta":false,"boss_relics":[{"not_picked":["Coffee Dripper","Cursed Key"],"picked":"SoulBox"},{"not_picked":["SacredBark","Velvet Choker"],"picked":"Calling Bell"}],"items_purged_floors":[],"is_endless":false,"potions_floor_spawned":[1,7,14,23,25,27,29,33,35,36,39,40,42,44,46,48,54],"ascension_level":1}}