{"host":"mnpd8gh7cwxsn5kh","time":1612446445,"event":{"mods":["BaseMod","Bestiary","Block Reminder","Colored Map","Colored Powertips","Highlight Path","Minty Spire (QoL Compilation)","Relic Sorter","Relic Stats"],"gold_per_floor":[118,0,0,0,0,27,27,43,43,43,43],"floor_reached":10,"language":"ENG","playtime":770,"items_purged":[],"score":90,"play_id":"01b403e2-9aab-421a-b118-a1b00d07cb87","local_time":"20210204144725","is_ascension_mode":true,"campfire_choices":[{"floor":7,"key":"REST"}],"circlet_count":0,"master_deck":["Strike_G","Strike_G","Strike_G","Strike_G","Strike_G","Defend_G","Defend_G","Defend_G","Defend_G","Defend_G","Survivor","Neutralize+1","Leg Sweep","Masterful Stab","PiercingWail"],"relics":["Ring of the Snake","Girya","Vajra","Akabeko","Incense Burner"],"acts_visited":["Exordium"],"potions_floor_usage":[],"damage_taken":[{"damage":0,"enemies":"2 Louse","floor":1,"turns":3},{"damage":45,"enemies":"Gremlin Nob","floor":6,"turns":6},{"damage":0,"enemies":"Cultist","floor":8,"turns":2},{"damage":48,"enemies":"Lagavulin","floor":10,"turns":11}],"seed_played":"-1266979897780063255","potions_obtained":[],"is_trial":false,"path_per_floor":["M","$","?","$","?","E","R","M","T","E"],"character_chosen":"THE_SILENT","items_purchased":["Leg Sweep","Masterful Stab"],"campfire_rested":1,"item_purchase_floors":[2,2],"current_hp_per_floor":[63,63,63,63,63,18,36,36,36,0,0],"gold":43,"neow_bonus":"ONE_RARE_RELIC","is_daily":false,"chose_seed":false,"campfire_upgraded":0,"win_rate":0.0,"timestamp":1612446445,"path_taken":["M","$","?","?","?","E","R","?","T","E"],"items_purchased_type":["Card","Card"],"build_version":"2020-12-22","purchased_purges":0,"victory":false,"max_hp_per_floor":[63,63,63,63,63,63,63,63,63,63,63],"relic_stats":{"counters":[4,22],"obtain_stats":[{"Girya":0,"Vajra":5,"Incense Burner":9,"Akabeko":6,"Ring of the Snake":0},{"Girya":0,"Vajra":1,"Incense Burner":3,"Akabeko":2,"Ring of the Snake":0},{"Girya":0,"Vajra":3,"Incense Burner":11,"Akabeko":9,"Ring of the Snake":0}],"Ring of the Snake":[8]},"card_choices":[{"not_picked":["Backflip","Bane"],"picked":"Dagger Throw","floor":1},{"not_picked":["Catalyst","Prepared","Finisher"],"picked":"SKIP","floor":6},{"not_picked":["Blade Dance","Dodge and Roll"],"picked":"PiercingWail","floor":8}],"player_experience":284419,"relics_obtained":[{"floor":6,"key":"Akabeko"},{"floor":9,"key":"Incense Burner"}],"event_choices":[{"damage_healed":0,"gold_gain":0,"player_choice":"Forge","damage_taken":0,"max_hp_gain":0,"max_hp_loss":0,"event_name":"Accursed Blacksmith","floor":3,"gold_loss":0,"cards_upgraded":["Neutralize"]},{"cards_removed":["Dagger Throw"],"damage_healed":0,"gold_gain":0,"player_choice":"Gave Card","damage_taken":0,"relics_obtained":["Vajra"],"max_hp_gain":0,"max_hp_loss":0,"event_name":"WeMeetAgain","floor":5,"gold_loss":0}],"is_beta":false,"boss_relics":[],"items_purged_floors":[],"is_endless":false,"potions_floor_spawned":[],"killed_by":"Lagavulin","ascension_level":8}}