{"host":"0gq2f9xwdze0ceg1","time":1612414230,"event":{"mods":["BaseMod","Colored Powertips","Hermit","KinomotoSakuraMod(????)","Marisa????????","Minty Spire (QoL Compilation)","Robot Space Explorer","StSLib","The Animator","The Cursed","The Forsaken","The Necromancer","The Runesmith","The Saiyan","The Senshi","The Servant 0.9.4"],"gold_per_floor":[111,123,141,107,121,121,140,27,27,41,71,90,101,129,129,226,226,246,265,265,280,293,293,293],"floor_reached":23,"language":"SPA","playtime":1764,"items_purged":[],"score":209,"play_id":"4e8bfe75-80cf-490d-9036-95093c9e533d","local_time":"20210204015030","is_ascension_mode":false,"campfire_choices":[{"data":"Summon_Undead_Army","floor":6,"key":"SMITH"},{"floor":15,"key":"REST"}],"circlet_count":0,"master_deck":["Strike_W","Strike_W","Strike_W","Defend_W","Defend_W","Defend_W","Negative_Energy_Arrows","Bone_Wall","Summon_Undead_Army+1","Necrotic_Claws","Death_March_Dance","Death_Knell","Death_March_Dance","Blood_Is_Power","Summon_Lich","Skeleton_Dragon","Bone_Shift","Bone_Bullets","Bone_Armor","Grasp_Heart","Hellfire+1","Pandemic+1","Epidemic+1","Negative_Energy_Javelin","Bone_Armor+1","Blood_for_Blood+1","Toxic_Smoke_Screen"],"relics":["Vampire_Amulet","NeowsBlessing","Pantograph","Mercury Hourglass","Kunai","Astrolabe","MutagenicStrength"],"acts_visited":["Exordium","TheCity"],"potions_floor_usage":[11,14,16,22,23,23],"damage_taken":[{"damage":0,"enemies":"Jaw Worm","floor":1,"turns":1},{"damage":0,"enemies":"Small Slimes","floor":2,"turns":1},{"damage":0,"enemies":"2 Louse","floor":3,"turns":1},{"damage":3,"enemies":"Large Slime","floor":5,"turns":5},{"damage":10,"enemies":"Looter","floor":7,"turns":2},{"damage":12,"enemies":"Exordium Thugs","floor":10,"turns":2},{"damage":16,"enemies":"Gremlin Nob","floor":11,"turns":3},{"damage":0,"enemies":"Exordium Wildlife","floor":12,"turns":2},{"damage":13,"enemies":"3 Louse","floor":13,"turns":3},{"damage":27,"enemies":"3 Sentries","floor":14,"turns":4},{"damage":19,"enemies":"Slime Boss","floor":16,"turns":6},{"damage":30,"enemies":"Spheric Guardian","floor":18,"turns":5},{"damage":12,"enemies":"Chosen","floor":19,"turns":3},{"damage":6,"enemies":"Centurion and Healer","floor":21,"turns":5},{"damage":22,"enemies":"Snake Plant","floor":22,"turns":4},{"damage":18,"enemies":"Book of Stabbing","floor":23,"turns":2}],"seed_played":"3799002657259543841","potions_obtained":[{"floor":1,"key":"SpeedPotion"},{"floor":5,"key":"ColorlessPotion"},{"floor":13,"key":"Fire Potion"},{"floor":14,"key":"SkillPotion"},{"floor":16,"key":"DuplicationPotion"},{"floor":18,"key":"AttackPotion"},{"floor":21,"key":"BlessingOfTheForge"}],"is_trial":false,"path_per_floor":["M","M","M","?","M","R","M","$","T","M","E","M","M","E","R","B",null,"M","M","?","M","M","E"],"character_chosen":"NECROMANCER","items_purchased":["Blood_Is_Power","Summon_Lich"],"campfire_rested":1,"item_purchase_floors":[8,8],"current_hp_per_floor":[75,75,75,75,75,75,67,67,67,59,45,49,42,21,43,55,75,47,37,37,35,15,0,0],"gold":293,"neow_bonus":"THREE_ENEMY_KILL","is_daily":false,"chose_seed":false,"campfire_upgraded":1,"win_rate":0.0,"timestamp":1612414230,"path_taken":["M","M","M","?","M","R","M","$","T","M","E","M","M","E","R","BOSS","M","M","?","M","M","E"],"items_purchased_type":["Card","Card"],"build_version":"2020-12-22","purchased_purges":0,"victory":false,"max_hp_per_floor":[75,75,75,75,75,75,75,75,75,75,75,75,75,75,75,75,75,75,75,75,75,75,75,75],"card_choices":[{"not_picked":["Pandemic","Life_Drain"],"picked":"Summon_Undead_Army","floor":1},{"not_picked":["Violent_Necrosis","Exploit"],"picked":"Necrotic_Claws","floor":2},{"not_picked":["Uncharnel","Exploit"],"picked":"Death_March_Dance","floor":3},{"not_picked":["Epidemic","Death_Coil"],"picked":"Death_Knell","floor":5},{"not_picked":["Strike_from_Beyond","Vampiric_Strike"],"picked":"Death_March_Dance","floor":7},{"not_picked":["Vampiric_Strike","Flesh_Made_Foul"],"picked":"Death_March_Dance","floor":10},{"not_picked":["Bone_Bullets","Negative_Energy_Javelin"],"picked":"Skeleton_Dragon","floor":11},{"not_picked":["Bone_Bullets","Summon_Undead"],"picked":"Bone_Shift","floor":12},{"not_picked":["Death_March_Dance","Negative_Energy_Sphere"],"picked":"Bone_Bullets","floor":13},{"not_picked":["Detonate_Bones","Bones_to_Steel"],"picked":"Bone_Armor","floor":14},{"not_picked":["Detonate_Bones","Cloudkill"],"picked":"Grasp_Heart","floor":16},{"not_picked":["Plague_Bolt+1","Consume_Illness"],"picked":"Negative_Energy_Javelin","floor":18},{"not_picked":["Negative_Energy_Javelin","Finger_Of_Death"],"picked":"Bone_Armor+1","floor":19},{"not_picked":["Necromantic_Selection","Negative_Energy_Mist+1"],"picked":"Blood_for_Blood+1","floor":21},{"not_picked":["Blood_Curse","Bone_Armor"],"picked":"Toxic_Smoke_Screen","floor":22}],"player_experience":148979,"relics_obtained":[{"floor":9,"key":"Pantograph"},{"floor":11,"key":"Mercury Hourglass"},{"floor":14,"key":"Kunai"}],"event_choices":[{"damage_healed":0,"gold_gain":0,"player_choice":"Left Gold","damage_taken":0,"max_hp_gain":0,"max_hp_loss":0,"event_name":"World of Goop","floor":4,"gold_loss":34},{"damage_healed":0,"gold_gain":0,"player_choice":"Inject Mutagens","damage_taken":0,"relics_obtained":["MutagenicStrength"],"max_hp_gain":0,"max_hp_loss":0,"event_name":"Drug Dealer","floor":20,"gold_loss":0}],"is_beta":false,"boss_relics":[{"not_picked":["Busted Crown","SlaversCollar"],"picked":"Astrolabe"}],"items_purged_floors":[],"is_endless":false,"potions_floor_spawned":[1,5,13,14,16,18,21],"killed_by":"Book of Stabbing","ascension_level":0}}