{"host":"ec2wu4mdnvke243f","time":1612444141,"event":{"mods":["2.2 Compatiblity","AchievementEnabler","BaseMod","Defuse TimeMaze Blight","Downfall","Hermit","Infinite Spire","Minty Spire (QoL Compilation)","StSLib","The Cursed","The Disciple","The Jungle","The Servant 0.9.4"],"gold_per_floor":[110,285,285,285,285,314,334,304,304,337,377,377,377,234,234,274,274],"floor_reached":16,"language":"POL","playtime":871,"items_purged":[],"score":106,"play_id":"4acdeaad-cdf5-4040-8c11-e978d643a2c3","local_time":"20210204140901","daily_mods":["Colorless Cards","Flight"],"is_ascension_mode":false,"campfire_choices":[{"floor":13,"key":"REST"},{"floor":15,"key":"REST"}],"circlet_count":0,"master_deck":["Strike_S","Strike_S","Strike_S","Strike_S","Defend_S","Defend_S","Defend_S","Defend_S","KidneyShot","Exchange","Ricochet","Jack Of All Trades","Defy","HandOfGreed","Potential"],"relics":["Uniform","Oddly Smooth Stone","Omamori","infinitespire:Joker Card","Girya","Guardian:GemstoneGun","Medical Kit"],"acts_visited":["Exordium"],"potions_floor_usage":[10,16,16,16],"damage_taken":[{"damage":0,"enemies":"Cultist","floor":1,"turns":3},{"damage":21,"enemies":"3 Sentries","floor":6,"turns":7},{"damage":0,"enemies":"2 Louse","floor":7,"turns":2},{"damage":22,"enemies":"Gremlin Nob","floor":10,"turns":6},{"damage":8,"enemies":"Jaw Worm","floor":11,"turns":3},{"damage":47,"enemies":"Slime Boss","floor":16,"turns":13}],"seed_played":"140981718720964726","potions_obtained":[{"floor":6,"key":"GamblersBrew"},{"floor":8,"key":"FearPotion"},{"floor":8,"key":"SpeedPotion"},{"floor":11,"key":"Fire Potion"}],"is_trial":true,"path_per_floor":["M","?","?","?","?","E","M","?","T","E","M","?","R","$","R","B"],"character_chosen":"THE_SERVANT","items_purchased":["Medical Kit"],"campfire_rested":2,"item_purchase_floors":[14],"current_hp_per_floor":[65,65,58,58,58,37,37,37,37,15,7,7,26,26,45,0,0],"gold":274,"neow_bonus":"","is_daily":false,"chose_seed":false,"campfire_upgraded":0,"win_rate":0.0,"timestamp":1612444141,"path_taken":["M","?","?","?","?","E","?","?","T","E","?","?","R","$","R","BOSS"],"items_purchased_type":["Relic"],"build_version":"2020-12-22","purchased_purges":0,"victory":false,"max_hp_per_floor":[65,65,65,65,65,65,65,65,65,65,65,65,65,65,65,65,65],"card_choices":[{"not_picked":["FastForward","Rewind"],"picked":"Ricochet","floor":1},{"not_picked":["Moondial","SurpressingFire"],"picked":"Jack Of All Trades","floor":6},{"not_picked":["FastForward","Unruled"],"picked":"Defy","floor":7},{"not_picked":["Blind","Unruled"],"picked":"HandOfGreed","floor":10},{"not_picked":["FastForward","Shuttle"],"picked":"Potential","floor":11}],"player_experience":581500,"relics_obtained":[{"floor":6,"key":"Omamori"},{"floor":9,"key":"infinitespire:Joker Card"},{"floor":10,"key":"Girya"}],"event_choices":[{"damage_healed":0,"gold_gain":175,"player_choice":"AGREE","damage_taken":0,"max_hp_gain":0,"max_hp_loss":0,"event_name":"Liars Game","floor":2,"gold_loss":0,"cards_obtained":["Doubt"]},{"damage_healed":0,"gold_gain":0,"player_choice":"Success","damage_taken":7,"relics_obtained":["Oddly Smooth Stone"],"max_hp_gain":0,"max_hp_loss":0,"event_name":"Scrap Ooze","floor":3,"gold_loss":0},{"damage_healed":0,"gold_gain":0,"player_choice":"Leave","damage_taken":0,"max_hp_gain":0,"max_hp_loss":0,"event_name":"The Cleric","floor":5,"gold_loss":0},{"damage_healed":0,"gold_gain":0,"player_choice":"Bought 2 Potions","damage_taken":0,"max_hp_gain":0,"max_hp_loss":0,"event_name":"The Woman in Blue","floor":8,"gold_loss":0},{"damage_healed":0,"gold_gain":0,"player_choice":"Searched \u00271\u0027 times","damage_taken":0,"relics_obtained":["Guardian:GemstoneGun"],"max_hp_gain":0,"max_hp_loss":0,"event_name":"Dead Adventurer","floor":12,"gold_loss":0}],"is_beta":false,"boss_relics":[],"items_purged_floors":[],"is_endless":false,"potions_floor_spawned":[6,11],"killed_by":"Slime Boss","ascension_level":0}}