{"host":"ia9e4s524g7bamk7","time":1612449482,"event":{"mods":["AchievementEnabler","BaseMod","Minty Spire (QoL Compilation)","Slay-I"],"gold_per_floor":[113,113,137,156,156,197,197,241,322,338,353,353,367,22,22,148,148,166,179,179,179,179],"floor_reached":21,"language":"ENG","playtime":2072,"items_purged":[],"score":335,"play_id":"7101e71c-fd92-463f-b87c-4c17f9af59c1","local_time":"20210204153802","is_ascension_mode":true,"campfire_choices":[{"data":"Armaments","floor":7,"key":"SMITH"},{"data":"Whirlwind","floor":12,"key":"SMITH"},{"data":"Inflame","floor":15,"key":"SMITH"}],"circlet_count":0,"master_deck":["Strike_R","Strike_R","Strike_R","Strike_R","Strike_R","Defend_R+1","Defend_R","Defend_R","Defend_R+1","Bash","Berserk+1","Whirlwind+1","Wild Strike","Iron Wave","Armaments+1","Shrug It Off","Cleave","Inflame+1","Iron Wave","Clash","Ghostly Armor","Flex","Corruption","Shrug It Off","Metallicize","Anger","Feel No Pain"],"relics":["Burning Blood","Golden Idol","Prayer Wheel","War Paint","White Beast Statue","Sling","Anchor","Coffee Dripper","Nilry\u0027s Codex"],"acts_visited":["Exordium","TheCity"],"potions_floor_usage":[6,8,16,19],"damage_taken":[{"damage":6,"enemies":"Small Slimes","floor":1,"turns":3},{"damage":0,"enemies":"Cultist","floor":3,"turns":4},{"damage":2,"enemies":"Jaw Worm","floor":4,"turns":3},{"damage":30,"enemies":"3 Sentries","floor":6,"turns":5},{"damage":22,"enemies":"Gremlin Nob","floor":8,"turns":4},{"damage":0,"enemies":"2 Fungi Beasts","floor":10,"turns":3},{"damage":2,"enemies":"Exordium Wildlife","floor":11,"turns":3},{"damage":16,"enemies":"Looter","floor":13,"turns":3},{"damage":8,"enemies":"Hexaghost","floor":16,"turns":10},{"damage":24,"enemies":"Chosen","floor":18,"turns":5},{"damage":12,"enemies":"2 Thieves","floor":19,"turns":3},{"damage":43,"enemies":"Centurion and Healer","floor":21,"turns":9}],"seed_played":"7210955469922735689","potions_obtained":[{"floor":3,"key":"ColorlessPotion"},{"floor":4,"key":"DuplicationPotion"},{"floor":10,"key":"BlessingOfTheForge"},{"floor":11,"key":"ColorlessPotion"},{"floor":13,"key":"Dexterity Potion"},{"floor":16,"key":"SteroidPotion"},{"floor":19,"key":"DuplicationPotion"}],"is_trial":false,"path_per_floor":["M","?","M","M","?","E","R","E","T","M","M","R","M","$","R","B",null,"M","M","?","M"],"character_chosen":"IRONCLAD","items_purchased":["Flex","Sling","Anchor"],"campfire_rested":0,"item_purchase_floors":[14,14,14],"current_hp_per_floor":[80,74,74,74,74,50,50,34,34,40,44,44,34,34,34,32,74,56,50,34,0,0],"gold":179,"neow_bonus":"ONE_RANDOM_RARE_CARD","is_daily":false,"chose_seed":false,"campfire_upgraded":3,"win_rate":0.0,"timestamp":1612449482,"path_taken":["M","?","M","M","?","E","R","E","T","?","M","R","M","$","R","BOSS","M","M","?","M"],"items_purchased_type":["Card","Relic","Relic"],"build_version":"2020-12-22","purchased_purges":0,"victory":false,"max_hp_per_floor":[80,74,74,74,74,74,74,74,74,74,74,74,74,74,74,74,74,74,74,74,74,74],"card_choices":[{"not_picked":["Warcry","Shrug It Off"],"picked":"Whirlwind","floor":1},{"not_picked":["Warcry","Body Slam"],"picked":"Wild Strike","floor":3},{"not_picked":["Brutality","Infernal Blade"],"picked":"Iron Wave","floor":4},{"not_picked":["Dual Wield","Metallicize"],"picked":"Armaments","floor":6},{"not_picked":["Shockwave","Cleave"],"picked":"Shrug It Off","floor":8},{"not_picked":["Dual Wield","Perfected Strike"],"picked":"Cleave","floor":10},{"not_picked":["Rage","Thunderclap","Shrug It Off"],"picked":"SKIP","floor":10},{"not_picked":["Pommel Strike","Power Through"],"picked":"Inflame","floor":11},{"not_picked":["Blood for Blood","Twin Strike"],"picked":"Iron Wave","floor":11},{"not_picked":["Clothesline","Thunderclap"],"picked":"Clash","floor":13},{"not_picked":["Feed","Wild Strike"],"picked":"Ghostly Armor","floor":13},{"not_picked":["Bludgeon","Double Tap"],"picked":"Corruption","floor":16},{"not_picked":["Heavy Blade","Wild Strike"],"picked":"Shrug It Off","floor":18},{"not_picked":["True Grit","Thunderclap"],"picked":"Metallicize","floor":18},{"not_picked":["Dropkick","Wild Strike"],"picked":"Anger","floor":19},{"not_picked":["Thunderclap","Disarm"],"picked":"Feel No Pain","floor":19}],"player_experience":233520,"relics_obtained":[{"floor":6,"key":"Prayer Wheel"},{"floor":8,"key":"War Paint"},{"floor":9,"key":"White Beast Statue"},{"floor":20,"key":"Nilry\u0027s Codex"}],"event_choices":[{"damage_healed":0,"gold_gain":0,"player_choice":"Lose Max HP","damage_taken":0,"relics_obtained":["Golden Idol"],"max_hp_gain":0,"max_hp_loss":6,"event_name":"Golden Idol","floor":2,"gold_loss":0},{"damage_healed":0,"gold_gain":0,"player_choice":"Upgraded","damage_taken":0,"max_hp_gain":0,"max_hp_loss":0,"event_name":"Upgrade Shrine","floor":5,"gold_loss":0,"cards_upgraded":["Berserk"]},{"damage_healed":0,"gold_gain":0,"player_choice":"Obtained Book","damage_taken":16,"max_hp_gain":0,"max_hp_loss":0,"event_name":"Cursed Tome","floor":20,"gold_loss":0}],"is_beta":false,"boss_relics":[{"not_picked":["Sozu","Runic Cube"],"picked":"Coffee Dripper"}],"items_purged_floors":[],"is_endless":false,"potions_floor_spawned":[3,4,10,11,13,16,18,19],"killed_by":"Centurion and Healer","ascension_level":3}}