{"host":"6rz02yiipefhcw4r","time":1612409096,"event":{"mods":["2.2 Compatiblity","Arknights","BaseMod","Better Match","Better Third Choice","Better Vampires","BetterRewards","Block Reminder","Colored Map","Curses Come First","DeckTracker","Googly Eyes","Hubris","Minty Spire (QoL Compilation)","Quick Restart","Rare Cards Sparkle","Reliquary","Shade Mod","Spicy Shops","StSLib","The Bladedancer","The Cursed","The Marked","The Necromancer","The Runesmith"],"gold_per_floor":[110,128,128,128,72,87,121,121,145,145,171,221,247,258,258,333,333,349,361,361,371,446,478,493,493,493],"floor_reached":25,"language":"ENG","playtime":1020,"items_purged":[],"score":482,"play_id":"1bce5711-79a7-47c5-9bd2-7b075c772148","local_time":"20210204012456","is_ascension_mode":true,"campfire_choices":[{"data":"Shockwave","floor":8,"key":"SMITH"},{"floor":10,"key":"REST"},{"floor":15,"key":"REST"}],"circlet_count":0,"master_deck":["AscendersBane","Strike_R","Strike_R","Strike_R","Strike_R","Strike_R","Defend_R","Defend_R","Defend_R","Defend_R","Bash","Twin Strike","Cleave","Burn+1","Spot Weakness","Shrug It Off","Shockwave+1","Shrug It Off","Twin Strike","Shrug It Off","Double Tap","Heavy Blade","Flame Barrier","Pommel Strike"],"relics":["Burning Blood","NeowsBlessing","hubris:Towel","hubris:DeckOfHolding","Runesmith:AutoHammer","Pantograph","reliquary:MedicineBall","hubris:GrandSneckoEye","reliquary:TridentHead","Oddly Smooth Stone"],"acts_visited":["Exordium","TheCity"],"potions_floor_usage":[7,16,19,23],"damage_taken":[{"damage":0,"enemies":"2 Louse","floor":1,"turns":1},{"damage":0,"enemies":"Cultist","floor":2,"turns":1},{"damage":0,"enemies":"Jaw Worm","floor":6,"turns":1},{"damage":43,"enemies":"3 Sentries","floor":7,"turns":9},{"damage":17,"enemies":"Lagavulin","floor":11,"turns":5},{"damage":30,"enemies":"3 Sentries","floor":13,"turns":6},{"damage":11,"enemies":"Red Slaver","floor":14,"turns":5},{"damage":44,"enemies":"The Guardian","floor":16,"turns":15},{"damage":20,"enemies":"2 Thieves","floor":18,"turns":3},{"damage":2,"enemies":"3 Byrds","floor":19,"turns":4},{"damage":0,"enemies":"Centurion and Healer","floor":21,"turns":4},{"damage":33,"enemies":"Book of Stabbing","floor":23,"turns":5},{"damage":8,"enemies":"Cultist and Chosen","floor":24,"turns":4},{"damage":22,"enemies":"Slavers","floor":25,"turns":4}],"seed_played":"-65286432524161206","potions_obtained":[{"floor":1,"key":"Fruit Juice"},{"floor":6,"key":"Block Potion"},{"floor":11,"key":"SpeedPotion"},{"floor":16,"key":"Fire Potion"},{"floor":19,"key":"SkillPotion"},{"floor":24,"key":"Dexterity Potion"}],"is_trial":false,"path_per_floor":["M","M","?","?","$","M","E","R","T","R","E","?","E","M","R","B",null,"M","M","?","M","T","E","M","E"],"character_chosen":"IRONCLAD","items_purchased":["Spot Weakness"],"campfire_rested":2,"item_purchase_floors":[5],"current_hp_per_floor":[74,75,75,75,75,75,38,38,38,60,49,49,25,20,42,29,64,50,59,55,61,61,34,32,10,10],"gold":493,"neow_bonus":"THREE_ENEMY_KILL","is_daily":false,"chose_seed":false,"campfire_upgraded":1,"win_rate":0.0,"timestamp":1612409096,"path_taken":["M","M","?","?","$","M","E","R","T","R","E","?","E","M","R","BOSS","M","?","?","?","?","E","M","E"],"items_purchased_type":["Card"],"build_version":"2020-12-22","purchased_purges":0,"victory":false,"max_hp_per_floor":[75,75,75,75,75,75,75,75,75,75,75,75,75,75,75,75,75,75,80,80,80,80,80,80,80,80],"card_choices":[{"not_picked":["Pummel","Searing Blow"],"picked":"Twin Strike","floor":1},{"not_picked":["True Grit","Thunderclap"],"picked":"Cleave","floor":2},{"not_picked":["Ghostly Armor","hubris:ReadiedAction"],"picked":"Shrug It Off","floor":6},{"not_picked":["Feel No Pain","Sever Soul"],"picked":"Shockwave","floor":7},{"not_picked":["Anger","Pommel Strike"],"picked":"Shrug It Off","floor":11},{"not_picked":["Flex","Clash"],"picked":"Twin Strike","floor":13},{"not_picked":["Warcry","Exhume"],"picked":"Shrug It Off","floor":14},{"not_picked":["Offering","Demon Form"],"picked":"Double Tap","floor":16},{"not_picked":["Intimidate","Body Slam+1","Iron Wave"],"picked":"SKIP","floor":18},{"not_picked":["Cleave","Havoc","Heavy Blade"],"picked":"SKIP","floor":19},{"not_picked":["Cleave+1","Twin Strike"],"picked":"Heavy Blade","floor":21},{"not_picked":["Iron Wave","Evolve"],"picked":"Flame Barrier","floor":23},{"not_picked":["Heavy Blade+1","Flex"],"picked":"Pommel Strike","floor":24}],"player_experience":800031,"relics_obtained":[{"floor":7,"key":"hubris:DeckOfHolding"},{"floor":9,"key":"Runesmith:AutoHammer"},{"floor":11,"key":"Pantograph"},{"floor":13,"key":"reliquary:MedicineBall"},{"floor":22,"key":"reliquary:TridentHead"},{"floor":23,"key":"Oddly Smooth Stone"}],"event_choices":[{"damage_healed":75,"gold_gain":0,"player_choice":"Embrace Burn","damage_taken":0,"max_hp_gain":0,"max_hp_loss":75,"event_name":"betterThird:BetterShining","floor":3,"gold_loss":0},{"damage_healed":0,"gold_gain":50,"player_choice":"Pray","damage_taken":0,"max_hp_gain":0,"max_hp_loss":0,"event_name":"Golden Shrine","floor":12,"gold_loss":0},{"damage_healed":0,"gold_gain":0,"player_choice":"Bought 0 Potions","damage_taken":0,"max_hp_gain":0,"max_hp_loss":0,"event_name":"The Woman in Blue","floor":20,"gold_loss":0}],"is_beta":false,"boss_relics":[{"not_picked":["Runic Cube","Runesmith:UraniumAnvil"],"picked":"hubris:GrandSneckoEye"}],"items_purged_floors":[],"is_endless":false,"potions_floor_spawned":[1,6,11,16,19,24],"killed_by":"Slavers","ascension_level":20}}