{"host":"75zx7uhsgygk98v8","time":1612453473,"event":{"mods":["BaseMod","Colored Map","Colored Powertips","Downfall","Googly Eyes","Highlight Path","Minty Spire (QoL Compilation)","StSLib"],"gold_per_floor":[99,117,131,131,142,169,169,3,23,36,36,46,81,106,132,243,255,67,92,117,129,158,170,263,275,275,275,275],"floor_reached":26,"language":"ENG","playtime":2011,"items_purged":[],"score":222,"play_id":"df25d199-2809-46db-8ee4-cd52f4aba2b1","local_time":"20210204094433","is_ascension_mode":false,"campfire_choices":[{"floor":1.0,"key":"RECALL"},{"data":"bronze:Overheat","floor":11.0,"key":"SMITH"},{"data":"bronze:Mutator","floor":18.0,"key":"SMITH"}],"circlet_count":0,"master_deck":["bronze:Strike","bronze:Strike","bronze:Strike","bronze:Strike","bronze:Defend","bronze:Defend","bronze:Defend","bronze:Defend","bronze:Replicate","bronze:Goto","bronze:WhirlingStrike","bronze:Repair","bronze:Branch","bronze:Turbo","bronze:Deprecate","bronze:ChosenStrike","bronze:MaxOutput","bronze:Overheat+1","bronze:BugBarrage","bronze:CleanCode","bronze:ItsAFeature","bronze:GetLatest","bronze:Fortify","bronze:Mutator+1","bronze:Deprecate","bronze:Philosophize+1","bronze:Shell"],"relics":["bronze:BronzeCore","Shuriken","Philosopher\u0027s Stone","downfall:HeartBlessingGreen","downfall:HeartBlessingRed","Blue Candle","White Beast Statue","downfall:RedIOU"],"acts_visited":["Exordium","TheCity"],"potions_floor_usage":[26],"damage_taken":[{"damage":1.0,"enemies":"Jaw Worm","floor":2.0,"turns":4.0},{"damage":4.0,"enemies":"Cultist","floor":3.0,"turns":4.0},{"damage":0.0,"enemies":"Small Slimes","floor":5.0,"turns":3.0},{"damage":17.0,"enemies":"Lagavulin","floor":6.0,"turns":8.0},{"damage":2.0,"enemies":"downfall:FleeingMerchant","floor":8.0,"turns":4.0},{"damage":1.0,"enemies":"Exordium Wildlife","floor":9.0,"turns":4.0},{"damage":2.0,"enemies":"2 Fungi Beasts","floor":10.0,"turns":4.0},{"damage":0.0,"enemies":"Blue Slaver","floor":12.0,"turns":4.0},{"damage":6.0,"enemies":"Gremlin Nob","floor":13.0,"turns":3.0},{"damage":3.0,"enemies":"Large Slime","floor":14.0,"turns":6.0},{"damage":19.0,"enemies":"Red Slaver","floor":15.0,"turns":5.0},{"damage":29.0,"enemies":"WA_ARCHETYPE_RETAIN","floor":16.0,"turns":5.0},{"damage":0.0,"enemies":"Spheric Guardian","floor":19.0,"turns":3.0},{"damage":0.0,"enemies":"Chosen","floor":20.0,"turns":4.0},{"damage":24.0,"enemies":"Snecko","floor":22.0,"turns":8.0},{"damage":61,"enemies":"Sentry and Sphere","floor":26,"turns":7}],"seed_played":"3114716324689044528","potions_obtained":[{"floor":4.0,"key":"SmokeBomb"},{"floor":4.0,"key":"DistilledChaos"},{"floor":4.0,"key":"Strength Potion"},{"floor":6.0,"key":"Explosive Potion"},{"floor":9.0,"key":"DuplicationPotion"},{"floor":16.0,"key":"AttackPotion"},{"floor":20.0,"key":"BlessingOfTheForge"},{"floor":23.0,"key":"CultistPotion"}],"is_trial":false,"path_per_floor":["R","M","M","?","M","E","T","$","M","M","R","M","E","M","M","B",null,"R","M","M","?","M","?","T","?","M"],"character_chosen":"THE_AUTOMATON","items_purchased":["bronze:ChosenStrike","bronze:MaxOutput"],"campfire_rested":0,"item_purchase_floors":[8,8],"current_hp_per_floor":[77,76,72,72,77,60,60,65,71,76,76,77,71,75,63,41,77,77,77,77,72,55,55,55,55,0,0,0],"gold":275,"neow_bonus":"TEN_PERCENT_HP_BONUS","is_daily":false,"chose_seed":false,"campfire_upgraded":2,"win_rate":0.0,"timestamp":1612453473,"path_taken":["R","M","M","?","?","E","T","?","?","M","R","M","E","?","M","BOSS","R","M","M","?","M","?","T","?","M"],"items_purchased_type":["Card","Card"],"build_version":"2020-12-22","purchased_purges":0,"victory":false,"max_hp_per_floor":[77,77,77,77,77,77,77,77,77,77,77,77,77,77,77,77,77,77,77,77,77,77,77,77,77,77,77,77],"card_choices":[{"not_picked":["bronze:DelayedGuard","bronze:OilSpill"],"picked":"bronze:WhirlingStrike","floor":2.0},{"not_picked":["bronze:Branch","bronze:BuggyMess"],"picked":"bronze:Repair","floor":3.0},{"not_picked":["bronze:Safeguard","bronze:Invalidate"],"picked":"bronze:Branch","floor":5.0},{"not_picked":["bronze:BronzeArmor","bronze:Backtrace"],"picked":"bronze:Turbo","floor":6.0},{"not_picked":["bronze:CutThrough","bronze:BuggyMess"],"picked":"bronze:Deprecate","floor":8.0},{"not_picked":["bronze:BitShift","bronze:DelayedSlice"],"picked":"bronze:Overheat","floor":9.0},{"not_picked":["bronze:BronzeOrb","bronze:Shield"],"picked":"bronze:BugBarrage","floor":10.0},{"not_picked":["bronze:Turbo","bronze:WhirlingStrike"],"picked":"bronze:CleanCode","floor":12.0},{"not_picked":["bronze:CutThrough","bronze:Branch"],"picked":"bronze:ItsAFeature","floor":13.0},{"not_picked":["bronze:DelayedGuard","bronze:Deprecate"],"picked":"bronze:GetLatest","floor":14.0},{"not_picked":["bronze:Allocate","bronze:FineTuning"],"picked":"bronze:Fortify","floor":15.0},{"not_picked":["bronze:FindAndReplace","bronze:RecursiveStrike"],"picked":"bronze:Mutator","floor":16.0},{"not_picked":["bronze:ChosenStrike","bronze:DelayedGuard"],"picked":"bronze:Deprecate","floor":19.0},{"not_picked":["bronze:ChosenStrike","bronze:FineTuning+1"],"picked":"bronze:Philosophize+1","floor":20.0},{"not_picked":["bronze:Turbo","bronze:Iterate"],"picked":"bronze:Shell","floor":22.0}],"player_experience":1328306,"relics_obtained":[{"floor":6.0,"key":"Shuriken"},{"floor":13.0,"key":"MawBank"},{"floor":24.0,"key":"White Beast Statue"}],"event_choices":[{"damage_healed":0.0,"max_hp_gain":0.0,"max_hp_loss":0.0,"gold_gain":0.0,"event_name":"Lab","player_choice":"Got Potions","floor":4.0,"gold_loss":0.0,"damage_taken":0.0}],"is_beta":false,"boss_relics":[{"not_picked":["bronze:PlatinumCore","Runic Pyramid"],"picked":"Philosopher\u0027s Stone"}],"items_purged_floors":[],"is_endless":false,"potions_floor_spawned":[6,9,12,14,15,16,20],"killed_by":"Sentry and Sphere","ascension_level":0}}