{"host":"b5j5iqh78lm4qzv3","time":1612462773,"event":{"mods":["BaseMod","Beaked The Cultist","Clockwork Mod","Colored Powertips","Custom Start","Downfall","FutureSeer","Hermit","Hunter ??","Marisa????????","Minty Spire (QoL Compilation)","SOS???????","StSLib","SuperFastMode","Td1madao Mod","TestMod","The Administrix","The Bug Knight","The Cursed","The Disciple","The Mystic","The Necromancer","The Problem Sleuth","The Senshi","The Servant 0.9.4","The Wild Card"],"gold_per_floor":[99,119,137,147,147,147,170,184,200,200,600,600,618,644,664,767,767,767,782,782,676,691,724,724,739,689,705,705,40,40,40,54,157,157,157,175,188,203,273,300,300,300,300],"floor_reached":42,"language":"ENG","playtime":3230,"items_purged":[],"score":475,"play_id":"945dd41e-fc88-4261-9050-ca0240595e65","local_time":"20210204101933","is_ascension_mode":false,"campfire_choices":[{"data":"HollowMod:FocusHealStart","floor":1,"key":"SMITH"},{"data":"theWildCard:Metatron","floor":6,"key":"SMITH"},{"data":"HollowMod:DesolateDive","floor":10,"key":"SMITH"},{"data":"HollowMod:SoulStrike","floor":12,"key":"SMITH"},{"data":"HollowMod:SlysStrikes","floor":18,"key":"SMITH"},{"data":"expansioncontent:AwakenDeath","floor":28,"key":"SMITH"},{"floor":30,"key":"REST"},{"data":"HollowMod:Weaversong","floor":35,"key":"SMITH"}],"circlet_count":0,"master_deck":["HollowMod:NailStrikeStart","HollowMod:NailStrikeStart","HollowMod:NailStrikeStart","HollowMod:NailStrikeStart","HollowMod:QuickDashStart","HollowMod:QuickDashStart","HollowMod:QuickDashStart","HollowMod:QuickDashStart","HollowMod:FocusHealStart+1","HollowMod:PogoStrike","HollowMod:HeavyBlow","HollowMod:FallenFury","HollowMod:DesolateDive+1","theWildCard:Metatron+1","HollowMod:SoulStrike+1","HollowMod:CycloneSlash","HollowMod:TaintedHusks","HollowMod:SlysStrikes+1","HollowMod:GrimmsGift+1","HollowMod:LifebloodCocoon+1","expansioncontent:AwakenDeath+1","HollowMod:CoiledNail","HollowMod:HowlingWraiths+1","HollowMod:InfectedAttack+1","HollowMod:GreatSlash","expansioncontent:AwakenDeath+1","HollowMod:MothsMistake+1","HollowMod:Weaversong+1","HollowMod:InfectionAssault"],"relics":["HollowMod:VesselMask","testmod-CardMagician","Dream Catcher","Philosopher\u0027s Stone","WingedGreaves","Matryoshka","Shuriken","TheAbacus","beaked:ShinyBauble","beaked:MawFillet","theSenshi:SailorFukuRelic","Frozen Egg 2","Blood Vial","Nunchaku","Mummified Hand"],"acts_visited":["Exordium","TheCity","TheBeyond"],"potions_floor_usage":[16,21,29,33,42,42],"damage_taken":[{"damage":1,"enemies":"Cultist","floor":2,"turns":3},{"damage":3,"enemies":"2 Louse","floor":3,"turns":2},{"damage":0,"enemies":"Small Slimes","floor":4,"turns":2},{"damage":1,"enemies":"2 Fungi Beasts","floor":8,"turns":2},{"damage":12,"enemies":"Large Slime","floor":9,"turns":3},{"damage":0,"enemies":"HollowMod:HuskWarrior","floor":13,"turns":2},{"damage":9,"enemies":"3 Sentries","floor":14,"turns":2},{"damage":9,"enemies":"Red Slaver","floor":15,"turns":2},{"damage":25,"enemies":"IC_STATUS_ARCHETYPE","floor":16,"turns":6},{"damage":37,"enemies":"Spheric Guardian","floor":19,"turns":4},{"damage":6,"enemies":"downfall:FleeingMerchant","floor":21,"turns":4},{"damage":23,"enemies":"Chosen","floor":22,"turns":7},{"damage":42,"enemies":"Slavers","floor":23,"turns":5},{"damage":0,"enemies":"3 Cultists","floor":25,"turns":2},{"damage":22,"enemies":"Shelled Parasite and Fungi","floor":27,"turns":4},{"damage":0,"enemies":"downfall:FleeingMerchant","floor":29,"turns":4},{"damage":45,"enemies":"Snake Plant","floor":32,"turns":3},{"damage":77,"enemies":"DF_ARCHETYPE_CLAW","floor":33,"turns":6},{"damage":20,"enemies":"3 Darklings","floor":36,"turns":2},{"damage":28,"enemies":"3 Shapes","floor":37,"turns":3},{"damage":0,"enemies":"Sphere and 2 Shapes","floor":38,"turns":3},{"damage":43,"enemies":"Nemesis","floor":40,"turns":5},{"damage":13,"enemies":"Jaw Worm Horde","floor":42,"turns":2}],"seed_played":"8365099109894613674","potions_obtained":[{"floor":3,"key":"bronze:BurnAndBuffPotion"},{"floor":13,"key":"Guardian:BlockOnCardUsePotion"},{"floor":16,"key":"Weak Potion"},{"floor":27,"key":"AttackPotion"},{"floor":32,"key":"Energy Potion"},{"floor":36,"key":"Block Potion"},{"floor":37,"key":"sneckomod:MuddlingPotion"}],"is_trial":false,"path_per_floor":["R","M","M","M","?","R","T","M","M","R","?","R","M","E","M","B",null,"R","M","?","$","M","E","T","M","?","M","R","$","R","?","M","B",null,"R","M","M","M","T","E","T","M"],"character_chosen":"THE_BUGKNIGHT","items_purchased":["expansioncontent:AwakenDeath","Shuriken","TheAbacus","beaked:ShinyBauble"],"campfire_rested":1,"item_purchase_floors":[21,29,29,29],"current_hp_per_floor":[82,81,82,82,82,82,82,81,75,75,75,75,75,66,57,38,82,82,48,48,48,31,20,20,20,51,29,29,39,63,63,18,30,82,82,68,40,40,40,3,3,0,0],"gold":300,"neow_bonus":"TEN_PERCENT_HP_BONUS","is_daily":false,"chose_seed":false,"campfire_upgraded":7,"win_rate":0.0,"timestamp":1612462773,"path_taken":["R","M","M","M","?","R","T","M","M","R","?","R","M","E","M","BOSS","R","M","?","$","M","E","T","M","?","M","R","$","R","?","M","BOSS","R","M","M","?","?","E","T","M"],"items_purchased_type":["Card","Relic","Relic","Relic"],"build_version":"2020-12-22","purchased_purges":0,"victory":false,"max_hp_per_floor":[82,82,82,82,82,82,82,82,82,82,82,82,82,82,82,82,82,82,82,82,82,82,82,82,82,82,82,82,82,82,82,82,82,82,82,82,82,82,82,82,82,82,82],"card_choices":[{"not_picked":["HollowMod:VengefulVoid","HollowMod:SharpenedNail"],"picked":"HollowMod:HeavyBlow","floor":2},{"not_picked":["HollowMod:NewLittleFool","HollowMod:NewJinnsSoul"],"picked":"HollowMod:FallenFury","floor":3},{"not_picked":["HollowMod:ShadowDash","HollowMod:SoulShaman"],"picked":"HollowMod:DesolateDive","floor":4},{"not_picked":["HollowMod:SoulVessel","HollowMod:NewLittleFool","HollowMod:SiblingsSouls"],"picked":"SKIP","floor":8},{"not_picked":["HollowMod:ShadowDash","HollowMod:SoulVessel"],"picked":"HollowMod:SoulStrike","floor":9},{"not_picked":["HollowMod:DoubleDash","HollowMod:SoulStrike","HollowMod:DreamGate"],"picked":"SKIP","floor":13},{"not_picked":["HollowMod:SiblingsSouls","HollowMod:ChannelNail"],"picked":"HollowMod:CycloneSlash","floor":14},{"not_picked":["HollowMod:Grubsong","HollowMod:ShapeofUnn"],"picked":"HollowMod:TaintedHusks","floor":15},{"not_picked":["HollowMod:AwokenDreamNail","HollowMod:LifebloodCore"],"picked":"HollowMod:SlysStrikes","floor":16},{"not_picked":["HollowMod:CrystalDash","HollowMod:InfectedAttack"],"picked":"HollowMod:GrimmsGift+1","floor":19},{"not_picked":["HollowMod:SharpenedShadows","HollowMod:GoodIntentions"],"picked":"HollowMod:LifebloodCocoon+1","floor":21},{"not_picked":["HollowMod:BaldurShell","HollowMod:DescendingDark","HollowMod:FastStrike+1"],"picked":"SKIP","floor":22},{"not_picked":["HollowMod:SoulShaman","HollowMod:ElderbugsWisdom"],"picked":"HollowMod:CoiledNail","floor":23},{"not_picked":["HollowMod:PureNailStrike+1","HollowMod:ChannelNail"],"picked":"HollowMod:HowlingWraiths+1","floor":25},{"not_picked":["HollowMod:SoulStrike","HollowMod:HeavyBlow","HollowMod:NewLittleFool"],"picked":"SKIP","floor":27},{"not_picked":["HollowMod:GreatSlash","HollowMod:CycloneSlash"],"picked":"HollowMod:InfectedAttack+1","floor":29},{"not_picked":["HollowMod:CloakDash","HollowMod:HeavyBlow"],"picked":"HollowMod:GreatSlash","floor":30},{"not_picked":["HollowMod:AbyssShriek+1","HollowMod:CrystalDash+1"],"picked":"HollowMod:MothsMistake+1","floor":32},{"not_picked":["HollowMod:AwokenDreamNail","HollowMod:HornetsHelp"],"picked":"HollowMod:Weaversong","floor":33},{"not_picked":["HollowMod:GoodIntentions+1","HollowMod:CloakDash","HollowMod:QuirrelsAssistance"],"picked":"SKIP","floor":36},{"not_picked":["HollowMod:SoulEater","HollowMod:BaldurShell"],"picked":"HollowMod:InfectionAssault","floor":37},{"not_picked":["HollowMod:SiblingsShadow+1","HollowMod:NewJinnsSoul","HollowMod:ShadowDash+1"],"picked":"SKIP","floor":38},{"not_picked":["HollowMod:ShadowDash+1","HollowMod:SoulSplash+1","HollowMod:MawleksShell"],"picked":"SKIP","floor":40}],"player_experience":250522,"relics_obtained":[{"floor":14,"key":"Dream Catcher"},{"floor":23,"key":"WingedGreaves"},{"floor":24,"key":"Matryoshka"},{"floor":39,"key":"theSenshi:SailorFukuRelic"},{"floor":39,"key":"Frozen Egg 2"},{"floor":40,"key":"Blood Vial"},{"floor":41,"key":"Nunchaku"},{"floor":41,"key":"Mummified Hand"}],"event_choices":[{"damage_healed":0,"gold_gain":400,"player_choice":"Sell","damage_taken":0,"max_hp_gain":0,"max_hp_loss":0,"event_name":"Plate Of N\u0027loth","floor":11,"relics_lost":["testmod-TestBox"],"gold_loss":0}],"is_beta":false,"boss_relics":[{"not_picked":["testmod-GoldenSoul","Empty Cage"],"picked":"Philosopher\u0027s Stone"},{"not_picked":["Coffee Dripper","testmod-IncinerationGenerator"],"picked":"beaked:MawFillet"}],"items_purged_floors":[],"is_endless":false,"potions_floor_spawned":[3,13,15,16,23,27,32,36,37],"killed_by":"Jaw Worm Horde","ascension_level":0}}