{"host":"vqgrg90fv56geajp","time":1612446956,"event":{"mods":["BaseMod","Colored Map","Colored Powertips","Minty Spire (QoL Compilation)","Quick Restart","Rare Cards Sparkle","Relic Stats"],"gold_per_floor":[111,126,146,162,173,173,193,208,208,308,319,319,284,314,314,389,389,400,419,438,14,29,55,55,87,87,87,87,122,133,146,146,222,222,234,234,249,262,282,282,315,43,43,43,53,64,64,77,77,77,77,77],"floor_reached":51,"language":"ENG","playtime":4725,"items_purged":[],"score":1544,"play_id":"649cc905-2fa9-4f4d-953a-56a60a3d54c6","local_time":"20210204155556","is_ascension_mode":true,"campfire_choices":[{"floor":6.0,"key":"REST"},{"floor":12.0,"key":"REST"},{"floor":15.0,"key":"REST"},{"floor":24.0,"key":"REST"},{"floor":28.0,"key":"REST"},{"floor":32.0,"key":"REST"},{"floor":40.0,"key":"REST"},{"floor":44.0,"key":"RECALL"},{"floor":49,"key":"REST"}],"circlet_count":0,"master_deck":["AscendersBane","Survivor","Neutralize","Venomology","Bane","Distraction","Footwork","Deadly Poison","Riddle With Holes","Wraith Form v2","Bouncing Flask","Storm of Steel","Choke","Terror","Blur","Dodge and Roll","Infinite Blades","Caltrops","Burst","Leg Sweep","Leg Sweep","Apotheosis","Catalyst","Calculated Gamble","Dodge and Roll","Cloak And Dagger+1","Calculated Gamble+1","Deflect+1","Tools of the Trade","Chrysalis+1","Mind Blast","Masterful Stab","Dash","Dash","The Bomb+1","Crippling Poison+1","PiercingWail+1"],"relics":["Pandora\u0027s Box","Pear","Mercury Hourglass","Snecko Eye","Strange Spoon","Bag of Marbles","Incense Burner","Ancient Tea Set","Toxic Egg 2","Black Star","Turnip","Mummified Hand"],"acts_visited":["Exordium","TheCity","TheBeyond"],"potions_floor_usage":[45,45,46,50,50,50],"damage_taken":[{"damage":1.0,"enemies":"2 Louse","floor":1.0,"turns":3.0},{"damage":1.0,"enemies":"Cultist","floor":2.0,"turns":3.0},{"damage":2.0,"enemies":"Small Slimes","floor":3.0,"turns":4.0},{"damage":9.0,"enemies":"Blue Slaver","floor":4.0,"turns":3.0},{"damage":19.0,"enemies":"Exordium Wildlife","floor":5.0,"turns":4.0},{"damage":12.0,"enemies":"Red Slaver","floor":7.0,"turns":3.0},{"damage":11.0,"enemies":"Looter","floor":8.0,"turns":2.0},{"damage":14.0,"enemies":"2 Fungi Beasts","floor":11.0,"turns":4.0},{"damage":36.0,"enemies":"3 Sentries","floor":14.0,"turns":10.0},{"damage":28.0,"enemies":"Hexaghost","floor":16.0,"turns":9.0},{"damage":8.0,"enemies":"3 Byrds","floor":18.0,"turns":4.0},{"damage":12.0,"enemies":"2 Thieves","floor":19.0,"turns":3.0},{"damage":0.0,"enemies":"Centurion and Healer","floor":20.0,"turns":6.0},{"damage":9.0,"enemies":"Snecko","floor":22.0,"turns":4.0},{"damage":5.0,"enemies":"Book of Stabbing","floor":23.0,"turns":4.0},{"damage":19.0,"enemies":"Slavers","floor":25.0,"turns":6.0},{"damage":18.0,"enemies":"Book of Stabbing","floor":29.0,"turns":5.0},{"damage":15.0,"enemies":"Shelled Parasite and Fungi","floor":30.0,"turns":5.0},{"damage":13.0,"enemies":"Centurion and Healer","floor":31.0,"turns":6.0},{"damage":0.0,"enemies":"Automaton","floor":33.0,"turns":10.0},{"damage":2.0,"enemies":"3 Shapes","floor":35.0,"turns":7.0},{"damage":4.0,"enemies":"3 Darklings","floor":37.0,"turns":11.0},{"damage":43.0,"enemies":"Spire Growth","floor":38.0,"turns":10.0},{"damage":14.0,"enemies":"Sphere and 2 Shapes","floor":39.0,"turns":4.0},{"damage":5.0,"enemies":"Nemesis","floor":41.0,"turns":7.0},{"damage":0,"enemies":"Maw","floor":45,"turns":6},{"damage":2,"enemies":"Jaw Worm Horde","floor":46,"turns":3},{"damage":28,"enemies":"3 Darklings","floor":48,"turns":8},{"damage":46,"enemies":"Donu and Deca","floor":50,"turns":10},{"damage":25,"enemies":"Time Eater","floor":51,"turns":5}],"seed_played":"1328224047477696566","potions_obtained":[{"floor":4.0,"key":"SteroidPotion"},{"floor":5.0,"key":"SpeedPotion"},{"floor":8.0,"key":"FearPotion"},{"floor":16.0,"key":"Swift Potion"},{"floor":22.0,"key":"Poison Potion"},{"floor":23.0,"key":"Weak Potion"},{"floor":30.0,"key":"Fire Potion"},{"floor":31.0,"key":"Fruit Juice"},{"floor":38.0,"key":"SteroidPotion"},{"floor":39.0,"key":"Regen Potion"},{"floor":41.0,"key":"FearPotion"}],"is_trial":false,"path_per_floor":["M","M","M","M","M","R","M","M","T","?","M","R","?","E","R","B",null,"M","M","M","$","M","E","R","E","T","?","R","E","M","M","R","B",null,"M","?","M","M","M","R","E","$","T","R","M","M","T","M","R","B","B"],"character_chosen":"THE_SILENT","items_purchased":["Apotheosis","Catalyst","Strange Spoon","The Bomb+1","Crippling Poison+1"],"campfire_rested":8,"item_purchase_floors":[21,21,21,42,42],"current_hp_per_floor":[58,57,55,46,27,46,34,23,33,33,19,41,60,24,46,18,62,66,54,54,54,45,40,62,43,43,21,45,27,12,23,47,52,78,76,66,62,19,5,30,40,40,40,40,40,38,38,10,35,25,0,0],"gold":77,"neow_bonus":"BOSS_RELIC","is_daily":false,"chose_seed":false,"campfire_upgraded":0,"win_rate":0.0,"timestamp":1612446956,"path_taken":["M","M","M","M","M","R","M","M","T","?","?","R","?","E","R","BOSS","M","M","M","$","M","E","R","E","T","?","R","E","M","M","R","BOSS","M","?","M","M","M","R","E","$","T","R","M","M","?","M","R","BOSS","BOSS"],"items_purchased_type":["Card","Card","Relic","Card","Card"],"build_version":"2020-12-22","purchased_purges":0,"victory":false,"max_hp_per_floor":[66,66,66,66,66,66,66,66,76,76,76,76,76,76,76,76,76,76,76,76,76,76,76,76,76,76,81,81,81,81,81,81,86,86,86,86,86,86,86,86,86,86,86,86,86,86,86,86,86,86,86,86],"relic_stats":{"Strange Spoon":[109],"counters":[30,167],"Mummified Hand":[32],"Snecko Eye":[246,236,219,227],"Pandora\u0027s Box":["Venomology","Bane","Distraction","Footwork","Deadly Poison","Riddle With Holes","Wraith Form v2","Bouncing Flask","Storm of Steel","Choke"],"Turnip":[6],"Black Star":1,"obtain_stats":[{"Pear":9,"Incense Burner":25,"Ancient Tea Set":26,"Mercury Hourglass":14,"Strange Spoon":21,"Mummified Hand":41,"Snecko Eye":17,"Pandora\u0027s Box":0,"Turnip":41,"Bag of Marbles":23,"Black Star":34,"Toxic Egg 2":29,"Ring of the Snake":0},{"Pear":7,"Incense Burner":16,"Ancient Tea Set":16,"Mercury Hourglass":9,"Strange Spoon":13,"Mummified Hand":25,"Snecko Eye":10,"Pandora\u0027s Box":0,"Turnip":25,"Bag of Marbles":15,"Black Star":20,"Toxic Egg 2":17,"Ring of the Snake":0},{"Pear":22,"Incense Burner":72,"Ancient Tea Set":72,"Mercury Hourglass":36,"Strange Spoon":58,"Mummified Hand":135,"Snecko Eye":45,"Pandora\u0027s Box":0,"Turnip":135,"Bag of Marbles":66,"Black Star":98,"Toxic Egg 2":77,"Ring of the Snake":0}],"Mercury Hourglass":[463]},"card_choices":[{"not_picked":["Underhanded Strike","Outmaneuver","Dagger Throw"],"picked":"SKIP","floor":1.0},{"not_picked":["Quick Slash","Reflex","Dagger Throw"],"picked":"SKIP","floor":2.0},{"not_picked":["Slice","Dagger Throw"],"picked":"Terror","floor":3.0},{"not_picked":["Cloak And Dagger","Slice"],"picked":"Blur","floor":4.0},{"not_picked":["Sucker Punch","Eviscerate"],"picked":"Dodge and Roll","floor":5.0},{"not_picked":["Acrobatics","Underhanded Strike","Outmaneuver"],"picked":"SKIP","floor":7.0},{"not_picked":["Backstab","Poisoned Stab","Underhanded Strike"],"picked":"SKIP","floor":8.0},{"not_picked":["Masterful Stab","Reflex"],"picked":"Infinite Blades","floor":11.0},{"not_picked":["Quick Slash","Dagger Spray"],"picked":"Caltrops","floor":14.0},{"not_picked":["Corpse Explosion","Envenom"],"picked":"Burst","floor":16.0},{"not_picked":["Infinite Blades","Backflip"],"picked":"Leg Sweep","floor":18.0},{"not_picked":["Terror","Dodge and Roll"],"picked":"Leg Sweep","floor":19.0},{"not_picked":["Predator","Outmaneuver","Acrobatics"],"picked":"SKIP","floor":20.0},{"not_picked":["Noxious Fumes","Bane","Outmaneuver"],"picked":"SKIP","floor":22.0},{"not_picked":["Backstab","Outmaneuver"],"picked":"Calculated Gamble","floor":23.0},{"not_picked":["Storm of Steel","Deadly Poison"],"picked":"Dodge and Roll","floor":25.0},{"not_picked":["Sucker Punch","Infinite Blades+1"],"picked":"Cloak And Dagger+1","floor":29.0},{"not_picked":["Slice","Dagger Spray"],"picked":"Calculated Gamble+1","floor":30.0},{"not_picked":["Slice","Quick Slash"],"picked":"Deflect+1","floor":31.0},{"not_picked":["A Thousand Cuts","Envenom"],"picked":"Tools of the Trade","floor":33.0},{"not_picked":["Distraction+1","Well Laid Plans","Escape Plan+1"],"picked":"SKIP","floor":35.0},{"not_picked":["Secret Technique+1","Discovery+1"],"picked":"Chrysalis+1","floor":36.0},{"not_picked":["Panacea+1","Finesse+1"],"picked":"Mind Blast","floor":36.0},{"not_picked":["Bane","Blade Dance+1"],"picked":"Masterful Stab","floor":37.0},{"not_picked":["Backflip+1","Dodge and Roll+1"],"picked":"Dash","floor":38.0},{"not_picked":["Acrobatics+1","All Out Attack","Deflect+1"],"picked":"SKIP","floor":39.0},{"not_picked":["Blade Dance+1","Prepared+1"],"picked":"Dash","floor":41.0},{"not_picked":["Endless Agony","Sucker Punch+1","Deadly Poison+1"],"picked":"SKIP","floor":45},{"not_picked":["Backflip+1","Backstab","Poisoned Stab"],"picked":"SKIP","floor":46},{"not_picked":["Dagger Throw","Deadly Poison+1"],"picked":"PiercingWail+1","floor":48}],"player_experience":2546835,"relics_obtained":[{"floor":9.0,"key":"Pear"},{"floor":14.0,"key":"Mercury Hourglass"},{"floor":23.0,"key":"Bag of Marbles"},{"floor":25.0,"key":"Incense Burner"},{"floor":26.0,"key":"Ancient Tea Set"},{"floor":29.0,"key":"Toxic Egg 2"},{"floor":41.0,"key":"Turnip"},{"floor":41.0,"key":"Mummified Hand"}],"event_choices":[{"damage_healed":0.0,"max_hp_gain":0.0,"max_hp_loss":0.0,"gold_gain":100.0,"event_name":"Wheel of Change","player_choice":"Gold","floor":10.0,"gold_loss":0.0,"damage_taken":0.0},{"damage_healed":19.0,"max_hp_gain":0.0,"max_hp_loss":0.0,"gold_gain":0.0,"event_name":"The Cleric","player_choice":"Healed","floor":13.0,"gold_loss":35.0,"damage_taken":0.0},{"damage_healed":0.0,"max_hp_gain":5.0,"max_hp_loss":0.0,"gold_gain":0.0,"event_name":"Forgotten Altar","player_choice":"Shed Blood","floor":27.0,"gold_loss":0.0,"damage_taken":27.0},{"damage_healed":0.0,"max_hp_gain":0.0,"max_hp_loss":0.0,"gold_gain":0.0,"event_name":"SensoryStone","player_choice":"Memory 3","floor":36.0,"gold_loss":0.0,"damage_taken":10.0}],"is_beta":false,"boss_relics":[{"not_picked":["Philosopher\u0027s Stone","SlaversCollar"],"picked":"Snecko Eye"},{"not_picked":["Sozu","Empty Cage"],"picked":"Black Star"}],"items_purged_floors":[],"is_endless":false,"potions_floor_spawned":[3,4,5,8,16,22,23,30,31,33,38,39,41],"killed_by":"Time Eater","ascension_level":20}}