{"host":"p0hktren06injwdf","time":1612401170,"event":{"mods":["AchievementEnabler","BaseMod","Colored Map","DeckTracker","Minty Spire (QoL Compilation)","Permanent Neow","StSLib","SuperFastMode"],"gold_per_floor":[117,117,34,51,68,68,98,98,152,169,169,188,219,232,232,309,309,326,346,120,135,146,146,181,195,195,195,209,220,220,245,245,245,245],"floor_reached":33,"language":"KOR","playtime":617,"items_purged":["Strike_R"],"score":602,"play_id":"3baa5997-8c8b-46ea-a265-ddf85a06d0c5","local_time":"20210204101250","is_ascension_mode":true,"campfire_choices":[{"data":"Wild Strike","floor":6.0,"key":"SMITH"},{"data":"Offering","floor":8.0,"key":"SMITH"},{"data":"Pommel Strike","floor":11.0,"key":"SMITH"},{"data":"Immolate","floor":15.0,"key":"SMITH"},{"data":"Rage","floor":23.0,"key":"SMITH"},{"data":"Impervious","floor":27,"key":"SMITH"},{"data":"Feel No Pain","floor":30,"key":"SMITH"},{"floor":32,"key":"REST"}],"circlet_count":0,"master_deck":["AscendersBane","Strike_R","Strike_R","Strike_R","Strike_R","Defend_R","Defend_R","Defend_R","Defend_R","Bash","Rage+1","Pommel Strike+1","Wild Strike+1","Offering+1","Immolate+1","Shrug It Off","Impervious+1","Sword Boomerang+1","Flex","Offering","Feel No Pain+1","Shrug It Off"],"relics":["Black Blood","Toy Ornithopter","Oddly Smooth Stone","Akabeko","Bronze Scales","Vajra","Bird Faced Urn","Singing Bowl","Pen Nib"],"acts_visited":["Exordium","TheCity"],"potions_floor_usage":[31,31],"damage_taken":[{"damage":2.0,"enemies":"2 Louse","floor":1.0,"turns":4.0},{"damage":9.0,"enemies":"Cultist","floor":4.0,"turns":5.0},{"damage":0.0,"enemies":"Jaw Worm","floor":5.0,"turns":3.0},{"damage":32.0,"enemies":"Gremlin Nob","floor":7.0,"turns":4.0},{"damage":0.0,"enemies":"2 Fungi Beasts","floor":10.0,"turns":3.0},{"damage":5.0,"enemies":"Red Slaver","floor":12.0,"turns":2.0},{"damage":16.0,"enemies":"3 Sentries","floor":13.0,"turns":4.0},{"damage":6.0,"enemies":"Large Slime","floor":14.0,"turns":4.0},{"damage":19.0,"enemies":"Slime Boss","floor":16.0,"turns":7.0},{"damage":32.0,"enemies":"Shell Parasite","floor":18.0,"turns":6.0},{"damage":0.0,"enemies":"Spheric Guardian","floor":19.0,"turns":1.0},{"damage":29.0,"enemies":"Shelled Parasite and Fungi","floor":21.0,"turns":2.0},{"damage":6.0,"enemies":"Centurion and Healer","floor":22.0,"turns":7.0},{"damage":25,"enemies":"Book of Stabbing","floor":24,"turns":4},{"damage":6,"enemies":"Snake Plant","floor":25,"turns":3},{"damage":12,"enemies":"Cultist and Chosen","floor":28,"turns":4},{"damage":18,"enemies":"Centurion and Healer","floor":29,"turns":5},{"damage":24,"enemies":"Slavers","floor":31,"turns":3},{"damage":74,"enemies":"Champ","floor":33,"turns":7}],"seed_played":"-1206981415398957760","potions_obtained":[{"floor":5.0,"key":"Weak Potion"},{"floor":7.0,"key":"Explosive Potion"},{"floor":22.0,"key":"ElixirPotion"},{"floor":25,"key":"LiquidBronze"}],"is_trial":false,"path_per_floor":["M","?","?","M","M","R","E","R","T","M","R","M","E","M","R","B",null,"M","M","$","M","M","R","E","M","T","R","M","M","R","E","R","B"],"character_chosen":"IRONCLAD","items_purchased":["Offering"],"campfire_rested":1,"item_purchase_floors":[20],"current_hp_per_floor":[72,72,72,69,75,75,49,49,49,55,55,56,46,46,46,38,66,46,58,58,46,52,52,39,45,45,45,45,39,39,41,64,0,0],"gold":245,"neow_bonus":"RANDOM_COMMON_RELIC","is_daily":false,"chose_seed":false,"campfire_upgraded":7,"win_rate":0.0,"timestamp":1612401170,"path_taken":["M","?","?","M","M","R","E","R","T","?","R","M","E","M","R","BOSS","M","M","$","M","M","R","E","M","T","R","M","M","R","E","R","BOSS"],"items_purchased_type":["Card"],"build_version":"2020-12-22","purchased_purges":1,"victory":false,"max_hp_per_floor":[75,75,75,75,75,75,75,75,75,75,75,75,75,75,75,75,75,75,75,75,75,75,75,75,75,75,75,75,75,75,77,77,77,77],"card_choices":[{"not_picked":["Twin Strike","True Grit"],"picked":"Rage","floor":1.0},{"not_picked":["Headbutt","Flex"],"picked":"Pommel Strike","floor":4.0},{"not_picked":["Shockwave","Clothesline"],"picked":"Wild Strike","floor":5.0},{"not_picked":["Body Slam","Twin Strike"],"picked":"Offering","floor":7.0},{"not_picked":["Clash","Twin Strike","Iron Wave"],"picked":"SKIP","floor":10.0},{"not_picked":["Shrug It Off","Hemokinesis"],"picked":"Immolate","floor":12.0},{"not_picked":["Iron Wave","Flex","Armaments"],"picked":"SKIP","floor":13.0},{"not_picked":["Twin Strike","Bludgeon"],"picked":"Shrug It Off","floor":14.0},{"not_picked":["Bludgeon","Fiend Fire"],"picked":"Impervious","floor":16.0},{"not_picked":["Shockwave","Flex"],"picked":"Sword Boomerang+1","floor":18.0},{"not_picked":["Sword Boomerang","Pommel Strike"],"picked":"Flex","floor":19.0},{"not_picked":["Perfected Strike+1","Dual Wield+1","Combust"],"picked":"SKIP","floor":21.0},{"not_picked":["Body Slam+1","Ghostly Armor","Twin Strike"],"picked":"SKIP","floor":22.0},{"not_picked":["Heavy Blade","Flex","Twin Strike"],"picked":"SKIP","floor":24},{"not_picked":["True Grit","Heavy Blade","Clothesline"],"picked":"SKIP","floor":25},{"not_picked":["Anger","Offering"],"picked":"Feel No Pain","floor":28},{"not_picked":["Perfected Strike","Seeing Red"],"picked":"Shrug It Off","floor":29},{"not_picked":["Havoc","Bloodletting","Clothesline"],"picked":"Singing Bowl","floor":31}],"player_experience":1010254,"relics_obtained":[{"floor":7.0,"key":"Akabeko"},{"floor":9.0,"key":"Bronze Scales"},{"floor":13.0,"key":"Vajra"},{"floor":24,"key":"Bird Faced Urn"},{"floor":26,"key":"Singing Bowl"},{"floor":31,"key":"Pen Nib"}],"event_choices":[{"damage_healed":0.0,"max_hp_gain":0.0,"max_hp_loss":0.0,"gold_gain":0.0,"event_name":"Shining Light","player_choice":"Ignored","floor":2.0,"gold_loss":0.0,"damage_taken":0.0},{"damage_healed":0.0,"max_hp_gain":0.0,"max_hp_loss":0.0,"gold_gain":0.0,"event_name":"WeMeetAgain","player_choice":"Paid Gold","floor":3.0,"gold_loss":83.0,"damage_taken":0.0,"relics_obtained":["Oddly Smooth Stone"]}],"is_beta":false,"boss_relics":[{"not_picked":["Busted Crown","Calling Bell"],"picked":"Black Blood"}],"items_purged_floors":[20],"is_endless":false,"potions_floor_spawned":[5,7,10,13,14,22,25],"killed_by":"Champ","ascension_level":20}}