{"host":"42xf941fomyavgzy","time":1612451625,"event":{"mods":["Act Like it!","Astrologer","BaseMod","Colored Map","Minty Spire (QoL Compilation)","Shop Mod","StSLib","SuperFastMode","The Cursed"],"gold_per_floor":[117,131,63,63,75,75,110,110,133,133,148,164,197,207,207,306,306,321,341,36,36,46,78,96,96,96,111,111,144,144,173,173,275,275,294,312,312,327,327,327],"floor_reached":39,"language":"JPN","playtime":2410,"items_purged":["Strike_P"],"score":629,"play_id":"e0752fd8-a243-4c01-b906-fa486a9e94fd","local_time":"20210205001345","is_ascension_mode":true,"campfire_choices":[{"data":"SandsOfTime","floor":8,"key":"SMITH"},{"data":"ReachHeaven","floor":10,"key":"SMITH"},{"data":"Devotion","floor":15,"key":"SMITH"},{"data":"BattleHymn","floor":25,"key":"SMITH"},{"data":"Scrawl","floor":28,"key":"SMITH"},{"floor":32,"key":"REST"}],"circlet_count":0,"master_deck":["Strike_P","Strike_P","Defend_P","Defend_P+1","Defend_P","Defend_P","Eruption","Vigilance","Protect+1","Devotion+1","SandsOfTime+1","ReachHeaven+1","Tantrum","Indignation","ThirdEye","Brilliance","ClearTheMind","Scrawl+1","CurseOfTheBell","Prostrate+1","Wallop","BattleHymn+1","Shame","Pray","CutThroughFate+1","LikeWater+1","DevaForm","Vengeance","Establishment+1","InnerPeace","BowlingBash+1"],"relics":["PureWater","NeowsBlessing","War Paint","Boot","Strawberry","Anchor","Calling Bell","Damaru","Eternal Feather","Ice Cream","Sling","Molten Egg 2","Dream Catcher","Ancient Tea Set","Happy Flower","Akabeko","Thread and Needle","Sozu"],"acts_visited":["Exordium","TheCity","TheBeyond"],"potions_floor_usage":[13,16,16,16,24,24,29,29,33],"damage_taken":[{"damage":0,"enemies":"Jaw Worm","floor":1,"turns":1},{"damage":0,"enemies":"Cultist","floor":2,"turns":1},{"damage":0,"enemies":"2 Louse","floor":5,"turns":1},{"damage":12,"enemies":"Gremlin Nob","floor":7,"turns":3},{"damage":1,"enemies":"Exordium Wildlife","floor":11,"turns":3},{"damage":2,"enemies":"Large Slime","floor":12,"turns":3},{"damage":0,"enemies":"Lagavulin","floor":13,"turns":4},{"damage":0,"enemies":"Gremlin Gang","floor":14,"turns":3},{"damage":26,"enemies":"Hexaghost","floor":16,"turns":7},{"damage":0,"enemies":"Spheric Guardian","floor":18,"turns":2},{"damage":2,"enemies":"3 Byrds","floor":19,"turns":4},{"damage":1,"enemies":"Centurion and Healer","floor":22,"turns":4},{"damage":0,"enemies":"Gremlin Leader","floor":23,"turns":5},{"damage":20,"enemies":"Sentry and Sphere","floor":24,"turns":4},{"damage":0,"enemies":"Cultist and Chosen","floor":27,"turns":3},{"damage":13,"enemies":"Slavers","floor":29,"turns":5},{"damage":39,"enemies":"Gremlin Leader","floor":31,"turns":4},{"damage":28,"enemies":"Collector","floor":33,"turns":7},{"damage":9,"enemies":"3 Shapes","floor":35,"turns":6},{"damage":11,"enemies":"Orb Walker","floor":36,"turns":4},{"damage":35,"enemies":"Transient","floor":38,"turns":5},{"damage":19,"enemies":"Jaw Worm Horde","floor":39,"turns":2}],"seed_played":"-5229400080848445088","potions_obtained":[{"floor":5,"key":"SmokeBomb"},{"floor":7,"key":"EntropicBrew"},{"floor":11,"key":"Ancient Potion"},{"floor":12,"key":"StancePotion"},{"floor":18,"key":"PowerPotion"},{"floor":22,"key":"Fire Potion"},{"floor":27,"key":"SteroidPotion"},{"floor":31,"key":"FearPotion"}],"is_trial":false,"path_per_floor":["M","M","$","?","M","?","E","R","T","R","M","M","E","M","R","B",null,"M","M","$","?","M","E","M","R","T","M","R","E","?","E","R","B",null,"M","M","?","M","M"],"character_chosen":"WATCHER","items_purchased":["SandsOfTime","Sling","BattleHymn"],"campfire_rested":1,"item_purchase_floors":[3,20,20],"current_hp_per_floor":[72,72,72,72,72,69,57,57,64,64,63,61,61,61,61,35,68,68,66,66,66,65,65,45,60,60,60,75,62,62,23,61,33,68,59,48,48,13,0,0],"gold":327,"neow_bonus":"THREE_ENEMY_KILL","is_daily":false,"chose_seed":false,"campfire_upgraded":5,"win_rate":0.0,"timestamp":1612451625,"path_taken":["M","M","$","?","?","?","E","R","T","R","M","M","E","M","R","BOSS","M","M","$","?","M","E","M","R","T","M","R","E","?","E","R","BOSS","M","M","?","?","M"],"items_purchased_type":["Card","Relic","Card"],"build_version":"2020-12-22","purchased_purges":1,"victory":false,"max_hp_per_floor":[72,72,72,72,72,72,72,72,79,79,79,79,79,79,79,79,79,79,79,79,79,79,79,79,79,79,79,79,79,79,79,79,79,79,79,79,79,79,79,79],"card_choices":[{"not_picked":["FlyingSleeves","Study"],"picked":"Protect","floor":1},{"not_picked":["ClearTheMind","Prostrate"],"picked":"Devotion","floor":2},{"not_picked":["ClearTheMind","CarveReality"],"picked":"ReachHeaven","floor":5},{"not_picked":["Study","Crescendo"],"picked":"Tantrum","floor":7},{"not_picked":["FlyingSleeves","SashWhip"],"picked":"Indignation","floor":11},{"not_picked":["EmptyFist","CrushJoints"],"picked":"ThirdEye","floor":12},{"not_picked":["EmptyFist","Prostrate"],"picked":"Brilliance","floor":13},{"not_picked":["Prostrate","EmptyFist"],"picked":"ClearTheMind","floor":14},{"not_picked":["Ragnarok","DeusExMachina"],"picked":"Scrawl","floor":16},{"not_picked":["EmptyFist","CutThroughFate"],"picked":"Prostrate+1","floor":18},{"not_picked":["Conclude","ClearTheMind"],"picked":"Wallop","floor":19},{"not_picked":["FlyingSleeves+1","SignatureMove+1","Protect"],"picked":"SKIP","floor":22},{"not_picked":["Fasting2","WreathOfFlame"],"picked":"Pray","floor":23},{"not_picked":["Evaluate","Pray"],"picked":"CutThroughFate+1","floor":24},{"not_picked":["EmptyBody+1","Protect","Crescendo"],"picked":"SKIP","floor":27},{"not_picked":["BattleHymn","Protect+1"],"picked":"LikeWater+1","floor":29},{"not_picked":["ThirdEye+1","FollowUp+1"],"picked":"DevaForm","floor":31},{"not_picked":["FearNoEvil+1","FlyingSleeves+1"],"picked":"Vengeance","floor":32},{"not_picked":["ConjureBlade","Devotion"],"picked":"Establishment","floor":33},{"not_picked":["CutThroughFate+1","ThirdEye+1"],"picked":"InnerPeace","floor":35},{"not_picked":["Study","Sanctity"],"picked":"BowlingBash+1","floor":36},{"not_picked":["FlurryOfBlows+1","Collect","Prostrate+1"],"picked":"SKIP","floor":38}],"player_experience":451378,"relics_obtained":[{"floor":7,"key":"Boot"},{"floor":9,"key":"Strawberry"},{"floor":13,"key":"Anchor"},{"floor":17,"key":"Damaru"},{"floor":17,"key":"Eternal Feather"},{"floor":17,"key":"Ice Cream"},{"floor":23,"key":"Dream Catcher"},{"floor":26,"key":"Ancient Tea Set"},{"floor":29,"key":"Happy Flower"},{"floor":31,"key":"Thread and Needle"}],"event_choices":[{"cards_removed":["Strike_P"],"damage_healed":0,"gold_gain":0,"player_choice":"Offered Basic","damage_taken":0,"max_hp_gain":0,"max_hp_loss":0,"event_name":"Bonfire Elementals","floor":4,"gold_loss":0},{"damage_healed":0,"gold_gain":0,"player_choice":"Success","damage_taken":3,"relics_obtained":["War Paint"],"max_hp_gain":0,"max_hp_loss":0,"event_name":"Scrap Ooze","floor":6,"gold_loss":0},{"damage_healed":0,"gold_gain":0,"player_choice":"Stole Relic","damage_taken":0,"relics_obtained":["Molten Egg 2"],"max_hp_gain":0,"max_hp_loss":0,"event_name":"Addict","floor":21,"gold_loss":0,"cards_obtained":["Shame"]},{"damage_healed":0,"gold_gain":0,"player_choice":"Opened","damage_taken":0,"relics_obtained":["Akabeko"],"max_hp_gain":0,"max_hp_loss":0,"event_name":"The Mausoleum","floor":30,"gold_loss":0},{"damage_healed":0,"gold_gain":0,"player_choice":"Forge","damage_taken":0,"max_hp_gain":0,"max_hp_loss":0,"event_name":"Accursed Blacksmith","floor":37,"gold_loss":0,"cards_upgraded":["Establishment"]}],"is_beta":false,"boss_relics":[{"not_picked":["SacredBark","Busted Crown"],"picked":"Calling Bell"},{"not_picked":["Fusion Hammer","Astrolabe"],"picked":"Sozu"}],"items_purged_floors":[20],"is_endless":false,"potions_floor_spawned":[5,7,11,12,18,22,27,31,35],"killed_by":"Jaw Worm Horde","ascension_level":5}}