{"host":"c35j6tsoy7cxzn43","time":1612400122,"event":{"mods":["BaseMod","Better Third Choice","BetterRewards","Colored Map","Colored Powertips","Conspire","Highlight Path","Hubris","Infinite Spire","Minty Spire (QoL Compilation)","Quick Restart","Replay The Spire","Shop Mod","StSLib"],"gold_per_floor":[118,43,143,154,7,7,42,42,66,97,97,97,16,36,36,133,233,243,261,261,281,181,198,198,225,250,250,261,287,287,247,247,247,247],"floor_reached":33,"language":"ENG","playtime":1291,"items_purged":["Strike_B","Strike_B"],"score":291,"play_id":"7e992c11-cc27-47a3-891a-6d06b76489e5","local_time":"20210204015522","is_ascension_mode":false,"campfire_choices":[{"data":"Electrodynamics","floor":6,"key":"SMITH"},{"data":"Zap","floor":8,"key":"SMITH"},{"data":"Rip and Tear","floor":11,"key":"SMITH"},{"data":"FIFO Queue","floor":15,"key":"SMITH"},{"data":"Sunder","floor":24,"key":"SMITH"},{"data":"Genetic Algorithm","floor":27,"key":"SMITH"},{"floor":32,"key":"DIG"}],"circlet_count":0,"master_deck":["Strike_B","Defend_B+1","Defend_B","Defend_B","Defend_B","Zap+1","Dualcast+1","Defend_R","Defend_G","Electrodynamics+1","Rip and Tear+1","FIFO Queue+1","Echo Form","Auto Shields","Sunder+1","Genetic Algorithm+1","BootSequence+1"],"relics":["Cracked Core","PreservedInsect","Solar Panel","Juzu Bracelet","Orichalcum","Replay:Grab Bag","Coffee Dripper","Replay:Wanted Poster","hubris:ScarierMask","Sundial","Replay:Multitool","conspire:DeflatedDodgeball"],"acts_visited":["Exordium","TheCity"],"potions_floor_usage":[23,33,33],"damage_taken":[{"damage":8,"enemies":"2 Louse","floor":1,"turns":2},{"damage":0,"enemies":"Cultist","floor":4,"turns":3},{"damage":11,"enemies":"3 Sentries","floor":7,"turns":4},{"damage":11,"enemies":"Lagavulin","floor":10,"turns":4},{"damage":5,"enemies":"Small Slimes","floor":14,"turns":2},{"damage":25,"enemies":"Slime Boss","floor":16,"turns":7},{"damage":15,"enemies":"3 Byrds","floor":18,"turns":3},{"damage":10,"enemies":"2 Thieves","floor":19,"turns":3},{"damage":5,"enemies":"Snecko","floor":21,"turns":6},{"damage":31,"enemies":"Snake Plant","floor":23,"turns":5},{"damage":29,"enemies":"Gremlin Leader","floor":25,"turns":6},{"damage":9,"enemies":"Chosen and Byrds","floor":28,"turns":5},{"damage":27,"enemies":"conspire:SneckoGhost","floor":29,"turns":5},{"damage":25,"enemies":"Pondfish","floor":33,"turns":3}],"seed_played":"2669286226040014110","potions_obtained":[{"floor":1,"key":"FocusPotion"},{"floor":4,"key":"SteroidPotion"},{"floor":18,"key":"ColorlessPotion"},{"floor":23,"key":"Weak Potion"},{"floor":28,"key":"AttackPotion"}],"is_trial":false,"path_per_floor":["M","$","?","M","$","R","E","R","T","E","R","?","$","M","R","B",null,"M","M","?","M","$","M","R","E","T","R","M","E","$","?","R","B"],"character_chosen":"DEFECT","items_purchased":["PreservedInsect","FIFO Queue"],"campfire_rested":0,"item_purchase_floors":[5,13],"current_hp_per_floor":[67,67,67,67,67,67,56,56,56,49,49,49,49,48,48,29,75,68,72,72,75,75,50,50,33,33,33,38,25,25,25,25,0,0],"gold":247,"neow_bonus":"THREE_RARE_CARDS","is_daily":false,"chose_seed":false,"campfire_upgraded":6,"win_rate":0.0,"timestamp":1612400122,"path_taken":["M","$","?","?","$","R","E","R","T","E","R","?","?","M","R","BOSS","M","M","?","M","?","M","R","E","T","R","M","E","$","?","R","BOSS"],"items_purchased_type":["Relic","Card"],"build_version":"2020-12-22","purchased_purges":2,"victory":false,"max_hp_per_floor":[75,75,75,75,75,75,75,75,75,75,75,75,75,75,75,75,75,75,75,75,75,75,75,75,75,75,75,75,75,75,75,75,75,75],"card_choices":[{"not_picked":["All For One","Buffer"],"picked":"Electrodynamics","floor":0},{"not_picked":["Hologram","Reinforced Body","Panic Button"],"picked":"SKIP","floor":1},{"not_picked":["Time Bomb","Hologram"],"picked":"Rip and Tear","floor":4},{"not_picked":["ReplaySort","Streamline","Rainbow"],"picked":"SKIP","floor":7},{"not_picked":["Coolheaded","Compile Driver","Turbo"],"picked":"SKIP","floor":10},{"not_picked":["Loop","hubris:Ukulele","Redo"],"picked":"SKIP","floor":14},{"not_picked":["Biased Cognition","hubris:Prefetch"],"picked":"Echo Form","floor":16},{"not_picked":["ReplayTheSpireMod:Dual Polarity+1","Chaos","Sweeping Beam"],"picked":"SKIP","floor":18},{"not_picked":["Leap","Turbo","Gash"],"picked":"SKIP","floor":19},{"not_picked":["Leap","Panic Button"],"picked":"Auto Shields","floor":21},{"not_picked":["Gash+1","Steam"],"picked":"Sunder","floor":23},{"not_picked":["Force Field+1","Electrodynamics"],"picked":"Genetic Algorithm","floor":25},{"not_picked":["Streamline","Hologram+1","ReplayGash"],"picked":"SKIP","floor":28},{"not_picked":["Stack","Glacier"],"picked":"BootSequence+1","floor":29}],"player_experience":453974,"relics_obtained":[{"floor":7,"key":"Solar Panel"},{"floor":9,"key":"Juzu Bracelet"},{"floor":10,"key":"Orichalcum"},{"floor":25,"key":"Sundial"},{"floor":29,"key":"Replay:Multitool"},{"floor":32,"key":"conspire:DeflatedDodgeball"}],"event_choices":[{"damage_healed":0,"gold_gain":100,"player_choice":"Gold","damage_taken":0,"max_hp_gain":0,"max_hp_loss":0,"event_name":"Wheel of Change","floor":3,"gold_loss":0},{"cards_removed":["Strike_B"],"damage_healed":0,"gold_gain":0,"player_choice":"Purged","damage_taken":0,"max_hp_gain":0,"max_hp_loss":0,"event_name":"Purifier","floor":12,"gold_loss":0},{"damage_healed":0,"gold_gain":0,"player_choice":"Ignored","damage_taken":0,"max_hp_gain":0,"max_hp_loss":0,"event_name":"NoteForYourself","floor":20,"gold_loss":0},{"damage_healed":0,"gold_gain":0,"player_choice":"Upgraded Two","damage_taken":0,"max_hp_gain":0,"max_hp_loss":0,"event_name":"Designer","floor":31,"gold_loss":40,"cards_upgraded":["Defend_B","Dualcast"]}],"is_beta":false,"boss_relics":[{"not_picked":["hubris:Stopwatch","hubris:RunicObelisk"],"picked":"Replay:Grab Bag"},{"not_picked":["Ectoplasm","hubris:TerracottaHorce"],"picked":"Coffee Dripper"},{"not_picked":["ReplayTheSpireMod:DimensionalGlitch","conspire:SeveredTorchhead"],"picked":"Replay:Wanted Poster"},{"not_picked":["Calling Bell","ReplayTheSpireMod:SealedPack"],"picked":"hubris:ScarierMask"}],"items_purged_floors":[2,22],"is_endless":false,"potions_floor_spawned":[1,4,18,23,28],"killed_by":"Pondfish","ascension_level":0}}