{"host":"928gv66myv2vlnsd","time":1612405771,"event":{"mods":["BaseMod","Highlight Path","Minty Spire (QoL Compilation)","StSLib"],"gold_per_floor":[118,43,55,72,72,72,101,101,125,151,170,181,181,209,209,287,287,304,319,17,28,48,83,100,100,100,119,148,148,167,167,167,167,167],"floor_reached":33,"language":"ENG","playtime":2083,"items_purged":[],"score":758,"play_id":"892df674-e8ae-483c-94dd-2a59bbeedb01","local_time":"20210203212931","is_ascension_mode":true,"campfire_choices":[{"data":"Inflame","floor":6,"key":"SMITH"},{"floor":13,"key":"REST"},{"floor":15,"key":"REST"},{"floor":25,"key":"REST"},{"floor":32,"key":"REST"}],"circlet_count":0,"master_deck":["AscendersBane","Strike_R","Strike_R","Strike_R","Defend_R","Defend_R","Defend_R","Defend_R+1","Bash","Headbutt","Inflame+1","Cleave+1","Disarm","Offering","Evolve","Thunderclap","Dark Embrace","Limit Break","Shrug It Off","Anger+1","Metallicize","Rupture","Shockwave","True Grit","Shockwave","Shrug It Off"],"relics":["Burning Blood","NeowsBlessing","Centennial Puzzle","Red Skull","Ginger","FossilizedHelix","Mark of Pain","Orichalcum","Lantern","Shuriken","Toy Ornithopter"],"acts_visited":["Exordium","TheCity"],"potions_floor_usage":[11,14,21,23,28,31],"damage_taken":[{"damage":0,"enemies":"Jaw Worm","floor":1,"turns":1},{"damage":0,"enemies":"2 Louse","floor":3,"turns":1},{"damage":0,"enemies":"Cultist","floor":4,"turns":1},{"damage":32,"enemies":"Gremlin Nob","floor":7,"turns":4},{"damage":11,"enemies":"3 Sentries","floor":10,"turns":3},{"damage":11,"enemies":"Red Slaver","floor":11,"turns":4},{"damage":6,"enemies":"3 Louse","floor":12,"turns":1},{"damage":6,"enemies":"Gremlin Nob","floor":14,"turns":2},{"damage":30,"enemies":"Slime Boss","floor":16,"turns":8},{"damage":23,"enemies":"Shell Parasite","floor":18,"turns":5},{"damage":31,"enemies":"Spheric Guardian","floor":19,"turns":6},{"damage":7,"enemies":"3 Cultists","floor":21,"turns":4},{"damage":15,"enemies":"Centurion and Healer","floor":22,"turns":3},{"damage":0,"enemies":"Gremlin Leader","floor":23,"turns":7},{"damage":24,"enemies":"Snake Plant","floor":24,"turns":4},{"damage":14,"enemies":"Sentry and Sphere","floor":27,"turns":5},{"damage":39,"enemies":"Slavers","floor":28,"turns":6},{"damage":7,"enemies":"Shelled Parasite and Fungi","floor":30,"turns":3},{"damage":3,"enemies":"Book of Stabbing","floor":31,"turns":4},{"damage":72,"enemies":"Automaton","floor":33,"turns":6}],"seed_played":"-2704944261812850906","potions_obtained":[{"floor":3,"key":"LiquidMemories"},{"floor":7,"key":"SneckoOil"},{"floor":10,"key":"SmokeBomb"},{"floor":12,"key":"FearPotion"},{"floor":16,"key":"ColorlessPotion"},{"floor":21,"key":"Regen Potion"},{"floor":23,"key":"HeartOfIron"}],"is_trial":false,"path_per_floor":["M","?","M","M","?","R","E","?","T","E","M","M","R","E","R","B",null,"M","M","$","M","M","E","M","R","T","M","E","?","M","E","R","B"],"character_chosen":"IRONCLAD","items_purchased":["Orichalcum","Metallicize","BloodPotion"],"campfire_rested":4,"item_purchase_floors":[20,20,20],"current_hp_per_floor":[74,74,75,75,52,52,26,26,26,21,16,16,38,38,60,36,65,48,23,23,37,28,49,31,53,53,45,12,12,11,19,41,0,0],"gold":167,"neow_bonus":"THREE_ENEMY_KILL","is_daily":false,"chose_seed":false,"campfire_upgraded":1,"win_rate":0.0,"timestamp":1612405771,"path_taken":["M","?","M","M","?","R","E","?","T","E","?","M","R","E","R","BOSS","M","M","$","M","M","E","M","R","T","M","E","?","M","E","R","BOSS"],"items_purchased_type":["Relic","Card","Potion"],"build_version":"2020-12-22","purchased_purges":0,"victory":false,"max_hp_per_floor":[75,75,75,75,75,75,75,75,75,75,75,75,75,75,75,75,75,75,75,75,75,75,75,75,75,75,75,75,75,75,75,75,75,75],"card_choices":[{"not_picked":["Havoc","Flex"],"picked":"Headbutt","floor":1},{"not_picked":["Havoc","Feel No Pain"],"picked":"Inflame","floor":3},{"not_picked":["Heavy Blade","Sword Boomerang"],"picked":"Cleave","floor":4},{"not_picked":["Exhume","Inflame"],"picked":"Disarm","floor":7},{"not_picked":["Perfected Strike","Sentinel"],"picked":"Evolve","floor":10},{"not_picked":["Havoc","Anger"],"picked":"Thunderclap","floor":11},{"not_picked":["Clash","Pummel","Havoc"],"picked":"SKIP","floor":12},{"not_picked":["Sever Soul","Second Wind"],"picked":"Dark Embrace","floor":14},{"not_picked":["Bludgeon","Berserk"],"picked":"Limit Break","floor":16},{"not_picked":["Reckless Charge","True Grit"],"picked":"Shrug It Off","floor":18},{"not_picked":["Twin Strike","Flex"],"picked":"Anger+1","floor":19},{"not_picked":["Bloodletting+1","Second Wind"],"picked":"Rupture","floor":21},{"not_picked":["Second Wind","Rampage+1"],"picked":"Shockwave","floor":22},{"not_picked":["Seeing Red+1","Armaments"],"picked":"True Grit","floor":23},{"not_picked":["Body Slam+1","Anger","Fire Breathing+1"],"picked":"SKIP","floor":24},{"not_picked":["Twin Strike","Thunderclap+1","Rampage"],"picked":"SKIP","floor":27},{"not_picked":["Carnage","Headbutt"],"picked":"Shockwave","floor":28},{"not_picked":["Bludgeon","Searing Blow"],"picked":"Shrug It Off","floor":30}],"player_experience":1442676,"relics_obtained":[{"floor":7,"key":"Centennial Puzzle"},{"floor":9,"key":"Red Skull"},{"floor":10,"key":"Ginger"},{"floor":14,"key":"FossilizedHelix"},{"floor":23,"key":"Lantern"},{"floor":26,"key":"Shuriken"},{"floor":28,"key":"Toy Ornithopter"}],"event_choices":[{"cards_removed":["Strike_R"],"damage_healed":0,"gold_gain":0,"player_choice":"Card Removal","damage_taken":0,"max_hp_gain":0,"max_hp_loss":0,"event_name":"The Cleric","floor":2,"gold_loss":75},{"damage_healed":0,"gold_gain":0,"player_choice":"Entered Light","damage_taken":23,"max_hp_gain":0,"max_hp_loss":0,"event_name":"Shining Light","floor":5,"gold_loss":0,"cards_upgraded":["Defend_R","Cleave"]},{"damage_healed":0,"gold_gain":0,"cards_transformed":["Strike_R"],"player_choice":"Transformed","damage_taken":0,"max_hp_gain":0,"max_hp_loss":0,"event_name":"Transmorgrifier","floor":8,"gold_loss":0,"cards_obtained":["Offering"]},{"damage_healed":0,"gold_gain":0,"player_choice":"Ignored","damage_taken":0,"max_hp_gain":0,"max_hp_loss":0,"event_name":"Cursed Tome","floor":29,"gold_loss":0}],"is_beta":false,"boss_relics":[{"not_picked":["Philosopher\u0027s Stone","Calling Bell"],"picked":"Mark of Pain"}],"items_purged_floors":[],"is_endless":false,"potions_floor_spawned":[3,7,10,12,16,21,22,23,24,27],"killed_by":"Automaton","ascension_level":20}}