{"host":"ko40t1o51xotjt2v","time":1612407208,"event":{"mods":["2.2 Compatiblity","AchievementEnabler","Aspiration","BaseMod","Better Match","Better Third Choice","Better Vampires","Conspire","Downfall","Energized Spire","GifTheSpireLib","Halation","Hubris","Jedi Mod","Minty Spire (QoL Compilation)","MostiFishMod","Spicy Shops","Spikes Relics","StSLib","Stuff the Spire","TestMod","??????REMEMod"],"gold_per_floor":[114,129,164,164,179,214,124,174,174,209,239,239,274,289,289,389,389,404,419,44,59,74,104,104,159,209,209,224,324,339,339,339,339,339],"floor_reached":33,"language":"SPA","playtime":2103,"items_purged":["Strike_R"],"score":380,"play_id":"ecb397ab-5e88-4c02-8b1c-59ea33f21655","local_time":"20210204035328","daily_mods":["Allstar","Green Cards","Terminal"],"is_ascension_mode":false,"campfire_choices":[{"data":"REME_EyeOfCthun","floor":12,"key":"SMITH"},{"data":"REME_GreenPollution","floor":15,"key":"SMITH"},{"data":"StuffTheSpire:Incantation","floor":24,"key":"SMITH"},{"data":"REME_TwoStrings","floor":27,"key":"SMITH"},{"floor":32,"key":"REST"}],"circlet_count":0,"master_deck":["Strike_R","Strike_R","Strike_R","Strike_R","Defend_R","Defend_R","Defend_R","Defend_R","Bash","REME_TwoStrings+1","REME_EyeOfCthun+1","Metamorphosis","HandOfGreed","testmod-LimitFlipper","StuffTheSpire:Incantation+1","All Out Attack","Invigoration","Enlightenment","MostiFishMod:WinterMarkForm","StuffTheSpire:Shiver","REME_GreenPollution+1","MostiFishMod:SpreadingSpore","StuffTheSpire:Shiver","StuffTheSpire:ReptileScales+1","StuffTheSpire:Incantation","Backstab"],"relics":["Burning Blood","DaveBox","testmod-TestBox","REME_ComplimentaryCards","SynthV:TestCard","Dream Catcher","Ornamental Fan","testmod-AssaultLearning","REME_ChargedStone","Vajra","Boot","StuffTheSpire:HeavyRock","aspiration:HiddenCompartment","RollingBoulder"],"acts_visited":["Exordium","TheCity"],"potions_floor_usage":[5,8,8,10,13,18,21,22,31,33],"damage_taken":[{"damage":2,"enemies":"conspire:RoseBush","floor":1,"turns":1},{"damage":0,"enemies":"Cultist","floor":2,"turns":2},{"damage":0,"enemies":"2 Louse","floor":3,"turns":2},{"damage":1,"enemies":"Exordium Thugs","floor":5,"turns":5},{"damage":0,"enemies":"Looter","floor":6,"turns":2},{"damage":0,"enemies":"Lagavulin","floor":8,"turns":5},{"damage":3,"enemies":"conspire:2 RoseBushes","floor":10,"turns":4},{"damage":13,"enemies":"3 Sentries","floor":11,"turns":4},{"damage":0,"enemies":"3 Louse","floor":13,"turns":2},{"damage":6,"enemies":"Large Slime","floor":14,"turns":2},{"damage":0,"enemies":"Slime Boss","floor":16,"turns":3},{"damage":15,"enemies":"2 Thieves","floor":18,"turns":3},{"damage":0,"enemies":"Spheric Guardian","floor":19,"turns":2},{"damage":0,"enemies":"Snake Plant","floor":21,"turns":3},{"damage":25,"enemies":"Chosen and Byrds","floor":22,"turns":5},{"damage":15,"enemies":"conspire:SneckoGhost","floor":23,"turns":4},{"damage":27,"enemies":"Slavers","floor":25,"turns":4},{"damage":13,"enemies":"Sentry and Sphere","floor":28,"turns":4},{"damage":0,"enemies":"Snecko","floor":30,"turns":3},{"damage":0,"enemies":"Snake Plant","floor":31,"turns":1},{"damage":63,"enemies":"Collector","floor":33,"turns":5}],"seed_played":"2514053361250750194","potions_obtained":[{"floor":4,"key":"testmod-TimePotion"},{"floor":4,"key":"SteroidPotion"},{"floor":4,"key":"SmokeBomb"},{"floor":5,"key":"Weak Potion"},{"floor":8,"key":"Dexterity Potion"},{"floor":11,"key":"Fire Potion"},{"floor":13,"key":"champ:CounterPotion"},{"floor":14,"key":"BloodPotion"},{"floor":18,"key":"DistilledChaos"},{"floor":23,"key":"ElixirPotion"},{"floor":30,"key":"jedi:wingpotion"}],"is_trial":false,"path_per_floor":["M","M","M","?","M","M","$","E","T","M","E","R","M","M","R","B",null,"M","M","$","M","M","E","R","E","T","R","M","?","M","M","R","B"],"character_chosen":"IRONCLAD","items_purchased":["Enlightenment","Vajra","Boot"],"campfire_rested":1,"item_purchase_floors":[7,20,20],"current_hp_per_floor":[78,77,76,75,74,73,72,71,70,69,62,62,66,65,64,63,62,53,60,59,58,51,44,44,26,26,26,21,21,27,33,47,0,0],"gold":339,"neow_bonus":"","is_daily":true,"chose_seed":false,"campfire_upgraded":4,"win_rate":0.0,"timestamp":1612407208,"path_taken":["M","M","M","?","M","M","$","E","T","M","E","R","?","M","R","BOSS","M","M","$","?","M","E","R","E","T","R","M","?","M","M","R","BOSS"],"items_purchased_type":["Card","Relic","Relic"],"build_version":"2020-12-22","purchased_purges":1,"victory":false,"max_hp_per_floor":[78,77,76,75,74,73,72,71,70,69,68,67,66,65,64,63,62,61,60,59,58,57,56,55,54,53,52,51,50,49,48,47,47,47],"card_choices":[{"not_picked":["Havoc","Flying Knee","jedi:hate"],"picked":"SKIP","floor":1},{"not_picked":["All Out Attack","Flying Knee","Iron Wave","Shrug It Off"],"picked":"StuffTheSpire:Incantation","floor":2},{"not_picked":["hubris:SlightOfHand","REME_Cut","MostiFishMod:PerfectStrikeMKII","hubris:ReadiedAction"],"picked":"All Out Attack","floor":3},{"not_picked":["Power Through","Flying Knee","Dodge and Roll","Deflect"],"picked":"Invigoration","floor":5},{"not_picked":["Deadly Poison","Carnage","Barricade","Crippling Poison","Flechettes"],"picked":"SKIP","floor":6},{"not_picked":["MostiFishMod:PerfectParry","Power Through","Bane","Shrug It Off","StuffTheSpire:Python"],"picked":"SKIP","floor":8},{"not_picked":["hubris:SlightOfHand","Sword Boomerang","Choke","jedi:acidrain","Poisoned Stab"],"picked":"SKIP","floor":10},{"not_picked":["Cloak And Dagger","Twin Strike","StuffTheSpire:Pyroclast","MostiFishMod:PoisonShield","Metallicize"],"picked":"SKIP","floor":11},{"not_picked":["Leg Sweep","Flying Knee","Headbutt","Infernal Blade"],"picked":"StuffTheSpire:Shiver","floor":13},{"not_picked":["Infinite Blades","Body Slam","Backflip","Pommel Strike"],"picked":"REME_GreenPollution","floor":14},{"not_picked":["Phantasmal Killer","conspire:Purge","MostiFishMod:Mania","Burst"],"picked":"MostiFishMod:SpreadingSpore","floor":16},{"not_picked":["True Grit","Cloak And Dagger+1","Dropkick","StuffTheSpire:BumpUp"],"picked":"StuffTheSpire:Shiver","floor":18},{"not_picked":["Iron Wave","Sucker Punch","Sever Soul+1","Cloak And Dagger+1"],"picked":"StuffTheSpire:ReptileScales+1","floor":19},{"not_picked":["hubris:Counter","Slice+1","Pommel Strike","Cleave+1","Acrobatics+1"],"picked":"SKIP","floor":21},{"not_picked":["Bloodletting+1","Thunderclap+1","Dagger Spray","MostiFishMod:ThornCasing"],"picked":"StuffTheSpire:Incantation","floor":22},{"not_picked":["conspire:ExplosiveBarrier","True Grit","Twin Strike","Headbutt","Bludgeon"],"picked":"SKIP","floor":23},{"not_picked":["Deadly Poison","Seeing Red","Dual Wield","Evolve+1","Acrobatics+1"],"picked":"SKIP","floor":25},{"not_picked":["Terror","Wild Strike+1","Underhanded Strike","Heavy Blade"],"picked":"Backstab","floor":28},{"not_picked":["Cloak And Dagger","Crippling Poison","Setup","jedi:collectorvenom","StuffTheSpire:Slingshot"],"picked":"SKIP","floor":30}],"player_experience":472051,"relics_obtained":[{"floor":1,"key":"SynthV:TestCard"},{"floor":8,"key":"Dream Catcher"},{"floor":9,"key":"Ornamental Fan"},{"floor":11,"key":"testmod-AssaultLearning"},{"floor":23,"key":"StuffTheSpire:HeavyRock"},{"floor":25,"key":"aspiration:HiddenCompartment"},{"floor":26,"key":"RollingBoulder"}],"event_choices":[{"damage_healed":0,"gold_gain":0,"player_choice":"Got Potions","damage_taken":0,"max_hp_gain":0,"max_hp_loss":0,"event_name":"Lab","floor":4,"gold_loss":0},{"damage_healed":0,"gold_gain":100,"player_choice":"Pray","damage_taken":0,"max_hp_gain":0,"max_hp_loss":0,"event_name":"Golden Shrine","floor":29,"gold_loss":0}],"is_beta":false,"boss_relics":[{"not_picked":["Ectoplasm","energizedSpire:EnergizedDie"],"picked":"REME_ChargedStone"}],"items_purged_floors":[20],"is_endless":false,"potions_floor_spawned":[5,8,11,13,14,18,19,23,30,31],"killed_by":"Collector","ascension_level":0}}