{"host":"9kesdg97wkrx2bva","time":1612478335,"event":{"mods":["AchievementEnabler","BaseMod","Colored Map","GifTheSpireLib","Infinite Spire","Minty Spire (QoL Compilation)","Replay The Spire","StSLib"],"gold_per_floor":[111,111,111,127,52,81,81,81,81,81,81,81],"floor_reached":11,"language":"ENG","playtime":189,"items_purged":["Strike_B"],"score":131,"play_id":"a9c7ea9a-e4df-4ed3-b971-4f98f94a5129","local_time":"20210204163855","is_ascension_mode":true,"campfire_choices":[{"floor":8,"key":"REST"}],"circlet_count":0,"master_deck":["AscendersBane","Strike_B","Strike_B","Strike_B","Defend_B","Defend_B","Defend_B","Defend_B","Zap","Dualcast","Machine Learning","Skim","Sweeping Beam","Pot Of Greed","Pot Of Greed","Biased Cognition"],"relics":["Cracked Core","Ring of Hypnosis","Grinning Jar","Golden Egg"],"acts_visited":["Exordium"],"potions_floor_usage":[4,6],"damage_taken":[{"damage":9,"enemies":"Jaw Worm","floor":1,"turns":4},{"damage":0,"enemies":"2 Louse","floor":4,"turns":1},{"damage":45,"enemies":"3 Sentries","floor":6,"turns":8},{"damage":17,"enemies":"Lagavulin","floor":11,"turns":3}],"seed_played":"-831502253824411190","potions_obtained":[{"floor":3,"key":"FearPotion"},{"floor":3,"key":"Explosive Potion"},{"floor":6,"key":"Milkshake"}],"is_trial":false,"path_per_floor":["M","?","?","M","$","E","?","R","T","$","E"],"character_chosen":"DEFECT","items_purchased":[],"campfire_rested":1,"item_purchase_floors":[],"current_hp_per_floor":[55,55,55,55,55,10,10,29,29,29,12,12],"gold":81,"neow_bonus":"THREE_RARE_CARDS","is_daily":false,"chose_seed":false,"campfire_upgraded":0,"win_rate":0.0,"timestamp":1612478335,"path_taken":["M","?","?","?","$","E","?","R","T","$","E"],"items_purchased_type":[],"build_version":"2020-12-22","purchased_purges":1,"victory":false,"max_hp_per_floor":[64,64,64,64,64,64,64,64,64,64,64,64],"card_choices":[{"not_picked":["ReplayTheSpireMod:Fabricate Wheel","Reboot"],"picked":"Machine Learning","floor":0},{"not_picked":["Beam Cell","Steam"],"picked":"Skim","floor":1},{"not_picked":["Coolheaded","Hello World"],"picked":"Sweeping Beam","floor":4},{"not_picked":["Conserve Battery","Beam Cell"],"picked":"Biased Cognition","floor":6}],"player_experience":1009752,"relics_obtained":[{"floor":2,"key":"Ring of Hypnosis"},{"floor":6,"key":"Grinning Jar"},{"floor":9,"key":"Golden Egg"}],"event_choices":[{"damage_healed":0,"gold_gain":0,"player_choice":"Got Potions","damage_taken":0,"max_hp_gain":0,"max_hp_loss":0,"event_name":"Lab","floor":3,"gold_loss":0}],"is_beta":false,"boss_relics":[],"items_purged_floors":[5],"is_endless":false,"potions_floor_spawned":[6],"killed_by":"Lagavulin","ascension_level":18}}