{"host":"pletss163z7s8pvv","time":1612418692,"event":{"mods":["AchievementEnabler","BaseMod","Better Altar","Better Match","Better Note","Better Sensory Stone","Better Skull","Better Third Choice","BetterRewards","CapriCore","ChefMod","Colored Map","Colored Powertips","Conspire","Energized Spire","Evolution","GifTheSpireLib","Hermit","Ironclad Rager","Marked Mod","Minty Spire (QoL Compilation)","Retaliation","Spicy Shops","StS++","StSLib","The Alterego","The Blue Laboratory","The Cursed","The Disciple","The Forsaken"],"gold_per_floor":[113,38,55,55,55,81,81,95,95,8,23,23,37,2,2,102,102,112,112,112,34,48,48,48,60,108,124,11,29,29,29],"floor_reached":30,"language":"ENG","playtime":628,"items_purged":[],"score":380,"play_id":"9241bf44-eac1-4fc1-8177-fac6741eff75","local_time":"20210204000452","is_ascension_mode":false,"campfire_choices":[{"floor":7,"key":"REST"},{"floor":12,"key":"REST"},{"data":"Noxious Fumes","floor":15,"key":"SMITH"},{"floor":23,"key":"RECALL"}],"circlet_count":0,"master_deck":["Poisoned Stab","Poisoned Stab","Poisoned Stab","Poisoned Stab","Poisoned Stab","Dodge and Roll","Defend_G","Defend_G","Defend_G","Survivor","Neutralize","Caltrops","Accuracy","Deadly Poison","Sucker Punch","Poisoned Stab","Noxious Fumes+1","StSpp:PoisonousPunch+1","StSpp:ChainedTrap","Cloak And Dagger","Die Die Die+1","Blade Dance","Venomology","Accuracy","Bane+1","Slice+1","Poisoned Stab+1","Noxious Fumes","Bane+1"],"relics":["EVO:Axolotl","theForsaken:Kindling","Frozen Eye","Paper Crane","Ginger","Molten Egg 2","Fusion Hammer","Nloth\u0027s Gift","theForsaken:Gavel"],"acts_visited":["Exordium","TheCity"],"potions_floor_usage":[22,22,29],"damage_taken":[{"damage":0,"enemies":"Small Slimes","floor":1,"turns":3},{"damage":1,"enemies":"Jaw Worm","floor":3,"turns":2},{"damage":28,"enemies":"3 Sentries","floor":6,"turns":9},{"damage":0,"enemies":"Cultist","floor":8,"turns":3},{"damage":10,"enemies":"3 Louse","floor":11,"turns":2},{"damage":23,"enemies":"Lots of Slimes","floor":13,"turns":4},{"damage":18,"enemies":"Hexaghost","floor":16,"turns":7},{"damage":10,"enemies":"Spheric Guardian","floor":18,"turns":3},{"damage":12,"enemies":"2 Thieves","floor":22,"turns":3},{"damage":12,"enemies":"3 Cultists","floor":25,"turns":5},{"damage":28,"enemies":"Shelled Parasite and Fungi","floor":27,"turns":3},{"damage":7,"enemies":"Snecko","floor":29,"turns":4},{"damage":18,"enemies":"3 Cultists","floor":30,"turns":3}],"seed_played":"2541907510474468387","potions_obtained":[{"floor":8,"key":"DistilledChaos"},{"floor":11,"key":"Fire Potion"},{"floor":18,"key":"Energy Potion"}],"is_trial":false,"path_per_floor":["M","$","M","$","?","E","R","M","T","$","M","R","M","?","R","B",null,"M","?","?","$","M","R","?","M","T","M","$","M","M"],"character_chosen":"THE_SILENT","items_purchased":["Frozen Eye","Paper Crane","Accuracy","Noxious Fumes","StSpp:PoisonousPunch+1","Accuracy","theForsaken:Gavel","Noxious Fumes"],"campfire_rested":2,"item_purchase_floors":[0,0,2,10,10,21,28,28],"current_hp_per_floor":[49,49,48,48,53,25,52,52,52,52,42,71,48,69,69,51,85,75,75,75,75,63,63,63,51,51,23,23,16,0,0],"gold":29,"neow_bonus":"","is_daily":false,"chose_seed":false,"campfire_upgraded":1,"win_rate":0.0,"timestamp":1612418692,"path_taken":["M","$","M","$","?","E","R","M","T","$","M","R","M","?","R","BOSS","M","?","?","$","M","R","?","?","T","M","$","M","M"],"items_purchased_type":["Relic","Relic","Card","Card","Card","Card","Relic","Card"],"build_version":"2020-12-22","purchased_purges":0,"victory":false,"max_hp_per_floor":[70,70,70,70,75,75,80,80,80,80,80,85,85,85,85,85,85,85,85,85,85,85,85,85,85,85,85,85,85,85,85],"card_choices":[{"not_picked":["Blur","Well Laid Plans"],"picked":"Caltrops","floor":1},{"not_picked":["Cloak And Dagger","Leg Sweep"],"picked":"Deadly Poison","floor":3},{"not_picked":["Dodge and Roll","Deadly Poison"],"picked":"Sucker Punch","floor":6},{"not_picked":["Underhanded Strike","Bane"],"picked":"Poisoned Stab","floor":8},{"not_picked":["Finisher+1","Eviscerate+1"],"picked":"StSpp:ChainedTrap","floor":11},{"not_picked":["Tools of the Trade","Dagger Throw+1"],"picked":"Cloak And Dagger","floor":13},{"not_picked":["StSpp:Landslide+1","Corpse Explosion"],"picked":"Die Die Die+1","floor":16},{"not_picked":["Outmaneuver","Quick Slash+1"],"picked":"Blade Dance","floor":18},{"not_picked":["Dash+1","Night Terror"],"picked":"Bane+1","floor":22},{"not_picked":["Acrobatics","Dagger Throw+1"],"picked":"Slice+1","floor":25},{"not_picked":["Deflect","Underhanded Strike+1"],"picked":"Poisoned Stab+1","floor":27},{"not_picked":["Flying Knee+1","Unload+1"],"picked":"Bane+1","floor":29}],"player_experience":493929,"relics_obtained":[{"floor":6,"key":"Ginger"},{"floor":9,"key":"Molten Egg 2"}],"event_choices":[{"damage_healed":0,"gold_gain":0,"player_choice":"Donut","damage_taken":0,"max_hp_gain":5,"max_hp_loss":0,"event_name":"Big Fish","floor":5,"gold_loss":0},{"damage_healed":21,"gold_gain":0,"player_choice":"Healed","damage_taken":0,"max_hp_gain":0,"max_hp_loss":0,"event_name":"The Cleric","floor":14,"gold_loss":35},{"damage_healed":0,"gold_gain":0,"player_choice":"Traded Relic","damage_taken":0,"relics_obtained":["Nloth\u0027s Gift"],"max_hp_gain":0,"max_hp_loss":0,"event_name":"N\u0027loth","floor":19,"relics_lost":["Ring of the Snake"],"gold_loss":0},{"cards_removed":["Die Die Die"],"damage_healed":0,"gold_gain":0,"player_choice":"Take \u0026 Give","damage_taken":0,"max_hp_gain":0,"max_hp_loss":0,"event_name":"betterNote:BetterNote","floor":20,"gold_loss":0,"cards_obtained":["Venomology"]},{"cards_removed":["Defend_G"],"damage_healed":0,"gold_gain":0,"player_choice":"Purged","damage_taken":0,"max_hp_gain":0,"max_hp_loss":0,"event_name":"Purifier","floor":24,"gold_loss":0}],"is_beta":false,"boss_relics":[{"not_picked":["Ectoplasm","conspire:SeveredTorchhead"],"picked":"Fusion Hammer"}],"items_purged_floors":[],"is_endless":false,"potions_floor_spawned":[8,11,18,27,29],"killed_by":"3 Cultists","ascension_level":0}}