{"host":"x000krxjblg8jdg4","time":1612470998,"event":{"mods":["BaseMod","Downfall","Hermit","Minty Spire (QoL Compilation)","StSLib","The Runesmith","The Servant 0.9.4"],"gold_per_floor":[114,6,66,141,141,169,169,194,194,20,33,45,58,77,77,177,177,164,176,176,191,210,210,210],"floor_reached":23,"language":"ENG","playtime":966,"items_purged":[],"score":253,"play_id":"33d73d74-7e96-4e8f-838d-c70499005e38","local_time":"20210204183638","is_ascension_mode":false,"campfire_choices":[{"floor":7,"key":"REST"},{"floor":15,"key":"REST"}],"circlet_count":0,"master_deck":["Strike_G","Strike_G","Strike_G","Strike_G","Strike_G","Defend_G","Defend_G","Defend_G","Defend_G","Defend_G","Survivor","Neutralize","Quick Slash","Dash","Caltrops","Storm of Steel","Cloak And Dagger","Slice","Blade Dance","Poisoned Stab","Blade Dance","Leg Sweep","After Image","Cloak And Dagger+1","Blade Dance","Acrobatics+1","Noxious Fumes"],"relics":["Ring of the Snake","NeowsBlessing","Strawberry","Boot","Orichalcum","Lantern","Membership Card"],"acts_visited":["Exordium","TheCity"],"potions_floor_usage":[16,16,16,23,23],"damage_taken":[{"damage":0,"enemies":"Jaw Worm","floor":1,"turns":1},{"damage":0,"enemies":"Gremlin Nob","floor":6,"turns":1},{"damage":0,"enemies":"3 Sentries","floor":8,"turns":1},{"damage":0,"enemies":"2 Louse","floor":11,"turns":2},{"damage":4,"enemies":"Small Slimes","floor":12,"turns":3},{"damage":4,"enemies":"Gremlin Gang","floor":13,"turns":3},{"damage":0,"enemies":"Red Slaver","floor":14,"turns":2},{"damage":64,"enemies":"The Guardian","floor":16,"turns":8},{"damage":24,"enemies":"2 Thieves","floor":18,"turns":4},{"damage":0,"enemies":"Chosen","floor":19,"turns":6},{"damage":15,"enemies":"Snecko","floor":21,"turns":5},{"damage":19,"enemies":"Chosen and Byrds","floor":22,"turns":6},{"damage":21,"enemies":"Gremlin Leader","floor":23,"turns":8}],"seed_played":"2765254346302738550","potions_obtained":[{"floor":6,"key":"Weak Potion"},{"floor":11,"key":"Poison Potion"},{"floor":13,"key":"Block Potion"},{"floor":18,"key":"Energy Potion"},{"floor":21,"key":"sneckomod:MuddlingPotion"},{"floor":22,"key":"BlessingOfTheForge"}],"is_trial":false,"path_per_floor":["M","$","?","?","?","E","R","E","T","$","M","M","M","M","R","B",null,"M","M","?","M","M","E"],"character_chosen":"THE_SILENT","items_purchased":["Dash","Caltrops","Membership Card","Slice"],"campfire_rested":2,"item_purchase_floors":[2,2,10,10],"current_hp_per_floor":[70,70,70,59,48,48,71,71,71,71,71,67,63,63,77,13,77,53,53,53,38,19,0,0],"gold":210,"neow_bonus":"THREE_ENEMY_KILL","is_daily":false,"chose_seed":false,"campfire_upgraded":0,"win_rate":0.0,"timestamp":1612470998,"path_taken":["M","$","?","?","?","E","R","E","T","$","M","M","M","M","R","BOSS","M","M","?","M","?","E"],"items_purchased_type":["Card","Card","Relic","Card"],"build_version":"2020-12-22","purchased_purges":0,"victory":false,"max_hp_per_floor":[70,70,70,70,77,77,77,77,77,77,77,77,77,77,77,77,77,77,77,77,77,77,77,77],"card_choices":[{"not_picked":["Backflip","Poisoned Stab"],"picked":"Quick Slash","floor":1},{"not_picked":["Expertise","Noxious Fumes"],"picked":"Storm of Steel","floor":6},{"not_picked":["Blur","PiercingWail"],"picked":"Cloak And Dagger","floor":8},{"not_picked":["Outmaneuver","Caltrops"],"picked":"Blade Dance","floor":11},{"not_picked":["Terror","Caltrops"],"picked":"Poisoned Stab","floor":12},{"not_picked":["Blur","Dash"],"picked":"Blade Dance","floor":13},{"not_picked":["Dash","Bouncing Flask"],"picked":"Leg Sweep","floor":14},{"not_picked":["Envenom","Adrenaline"],"picked":"After Image","floor":16},{"not_picked":["Blur","Deadly Poison+1"],"picked":"Cloak And Dagger+1","floor":18},{"not_picked":["Crippling Poison+1","Dagger Throw"],"picked":"Blade Dance","floor":19},{"not_picked":["Expertise","Predator"],"picked":"Acrobatics+1","floor":21},{"not_picked":["Sucker Punch","Escape Plan"],"picked":"Noxious Fumes","floor":22}],"player_experience":35655,"relics_obtained":[{"floor":6,"key":"Boot"},{"floor":8,"key":"Orichalcum"},{"floor":9,"key":"Lantern"}],"event_choices":[{"damage_healed":0,"gold_gain":60,"player_choice":"Gained Gold","damage_taken":0,"max_hp_gain":0,"max_hp_loss":0,"event_name":"Golden Wing","floor":3,"gold_loss":0},{"damage_healed":0,"gold_gain":75,"player_choice":"Gather Gold","damage_taken":11,"max_hp_gain":0,"max_hp_loss":0,"event_name":"World of Goop","floor":4,"gold_loss":0},{"damage_healed":0,"gold_gain":0,"player_choice":"Success","damage_taken":18,"relics_obtained":["Strawberry"],"max_hp_gain":0,"max_hp_loss":0,"event_name":"Scrap Ooze","floor":5,"gold_loss":0},{"damage_healed":0,"gold_gain":0,"player_choice":"Leave","damage_taken":0,"max_hp_gain":0,"max_hp_loss":0,"event_name":"FaceTrader","floor":20,"gold_loss":0}],"is_beta":false,"boss_relics":[{"not_picked":["Coffee Dripper","Runic Pyramid","Runic Dome"]}],"items_purged_floors":[],"is_endless":false,"potions_floor_spawned":[6,11,13,18,21,22],"killed_by":"Gremlin Leader","ascension_level":0}}