{"host":"gc6vr5n3q8f0hswe","time":1612455665,"event":{"mods":["Act Like it!","Aspiration","BaseMod","Better Altar","Better Sensory Stone","Better Third Choice","Block Reminder","Conspire","Fox Events","Gensokyo","Hallownest","Highlight Path","Hubris","Infinite Spire","Jedi Mod","Lobotomy","LobotomyExtend","MarisaÅiñ∂âJÅ@ñÇóùçπÅj","Minty Spire (QoL Compilation)","Pale of the Ancients","Relic Stats","Reliquary","Replay The Spire","Somnambulant","StSLib","The Alterego","The Blue Laboratory","The Bug Knight","The Jungle","The Poker Player","The Wild Card","Uncapped","Wandering Minibosses"],"gold_per_floor":[113,124,124,155,43,43,74,74,101,101,120,120,136,367,466,466,466],"floor_reached":16,"language":"ENG","playtime":692,"items_purged":[],"score":108,"play_id":"fa705bd8-5cc9-4338-8070-71656bded266","local_time":"20210204162105","is_ascension_mode":false,"campfire_choices":[{"data":"Vigilance","floor":6.0,"key":"SMITH"},{"data":"Judgement","floor":8.0,"key":"SMITH"},{"data":"EmptyBody","floor":10.0,"key":"SMITH"},{"floor":12.0,"key":"REST"}],"circlet_count":0,"master_deck":["Strike_P","Strike_P","Strike_P","Strike_P","Defend_P","Defend_P","Defend_P","Defend_P","Eruption","Vigilance+1","EmptyBody+1","Adaptation","Replay:Battleflow","Gensokyo:BlemishedSteel","Judgement+1","CutThroughFate"],"relics":["PureWater","aspiration:Nostalgia","Cracked Core","LetterFromLob","Gensokyo:PortableGap","Strawberry","jedi:matchstick","MealTicket","reliquary:MudwinsCradle"],"acts_visited":["Exordium"],"potions_floor_usage":[16],"damage_taken":[{"damage":3.0,"enemies":"Gensokyo:Python","floor":1.0,"turns":3.0},{"damage":0.0,"enemies":"Gensokyo:Gryphon","floor":2.0,"turns":2.0},{"damage":18.0,"enemies":"conspire:MimicChest","floor":4.0,"turns":3.0},{"damage":21.0,"enemies":"Gensokyo:Aya","floor":7.0,"turns":6.0},{"damage":0.0,"enemies":"Gensokyo:2_Kodama","floor":11.0,"turns":2.0},{"damage":15.0,"enemies":"Gensokyo:5_Fairies","floor":13.0,"turns":6.0},{"damage":8.0,"enemies":"Gensokyo:Mamizou","floor":14.0,"turns":5.0},{"damage":92,"enemies":"Gensokyo:Reimu","floor":16,"turns":12}],"seed_played":"2393396675789272806","potions_obtained":[{"floor":1.0,"key":"Death Potion"},{"floor":2.0,"key":"FairyPotion"},{"floor":11.0,"key":"blueLaboratory:PyrophylliteBrew"},{"floor":14.0,"key":"AttackPotion"}],"is_trial":false,"path_per_floor":["M","M","?","?","COS","R","E","R","T","R","M","R","M","E","R","B"],"character_chosen":"WATCHER","items_purchased":[],"campfire_rested":1,"item_purchase_floors":[],"current_hp_per_floor":[69,69,65,54,54,54,33,33,33,33,33,54,39,31,31,0,0],"gold":466,"neow_bonus":"NOSTALGIA","is_daily":false,"chose_seed":false,"campfire_upgraded":3,"win_rate":0.0,"timestamp":1612455665,"path_taken":["M","M","?","?","COS","R","E","R","T","R","M","R","M","E","R","BOSS"],"items_purchased_type":[],"build_version":"2020-12-22","purchased_purges":0,"victory":false,"max_hp_per_floor":[72,72,65,72,72,72,72,72,72,72,72,72,72,72,72,72,72],"relic_stats":{"counters":[8,39],"MealTicket":0,"obtain_stats":[{"aspiration:Nostalgia":0,"Strawberry":4,"jedi:matchstick":7,"MealTicket":9,"LetterFromLob":1,"PureWater":0,"reliquary:MudwinsCradle":14,"Cracked Core":0,"Gensokyo:PortableGap":3},{"aspiration:Nostalgia":0,"Strawberry":3,"jedi:matchstick":4,"MealTicket":4,"LetterFromLob":1,"PureWater":0,"reliquary:MudwinsCradle":7,"Cracked Core":0,"Gensokyo:PortableGap":2},{"aspiration:Nostalgia":0,"Strawberry":8,"jedi:matchstick":14,"MealTicket":14,"LetterFromLob":3,"PureWater":0,"reliquary:MudwinsCradle":27,"Cracked Core":0,"Gensokyo:PortableGap":5}]},"card_choices":[{"not_picked":["BowlingBash","Evaluate"],"picked":"EmptyBody","floor":1.0},{"not_picked":["FlyingSleeves","JustLucky"],"picked":"Adaptation","floor":2.0},{"not_picked":["Replay:BluntJabs","FlyingSleeves"],"picked":"Replay:Battleflow","floor":4.0},{"not_picked":["Replay:Cycle","ClearTheMind"],"picked":"Judgement","floor":7.0},{"not_picked":["Evaluate","FlyingSleeves","FearNoEvil"],"picked":"SKIP","floor":11.0},{"not_picked":["CrushJoints","ClearTheMind","WreathOfFlame"],"picked":"SKIP","floor":13.0},{"not_picked":["Crescendo","Replay:BluntJabs"],"picked":"CutThroughFate","floor":14.0}],"player_experience":462107,"relics_obtained":[{"floor":1.0,"key":"LetterFromLob"},{"floor":4.0,"key":"Strawberry"},{"floor":7.0,"key":"jedi:matchstick"},{"floor":9.0,"key":"MealTicket"},{"floor":14.0,"key":"reliquary:MudwinsCradle"}],"event_choices":[],"is_beta":false,"boss_relics":[],"items_purged_floors":[],"is_endless":false,"potions_floor_spawned":[1,2,11,14],"killed_by":"Gensokyo:Reimu","ascension_level":0}}