{"host":"2zjdcgw4be5n15ja","time":1612445685,"event":{"mods":["2.2 Compatiblity","AchievementEnabler","BaseMod","Bestiary","Better Skull","Better Third Choice","BetterRewards","Colored Powertips","Downfall","Hermit","Marisa????????","Marked Mod","Minty Spire (QoL Compilation)","Quick Restart","Rare Cards Sparkle","Reimu??????","Relic Stats","Reliquary","StSLib","The Bug Knight","The Problem Sleuth","The Runesmith"],"gold_per_floor":[109,129,129,0,0,0,0,30,30,30,30,42,59,86,86,86,86],"floor_reached":16,"language":"ENG","playtime":844,"items_purged":[],"score":113,"play_id":"70cd7330-0f13-4105-9440-bc90079511d5","local_time":"20210205023445","is_ascension_mode":true,"campfire_choices":[{"floor":6.0,"key":"RECALL"},{"floor":11,"key":"REST"},{"floor":15,"key":"REST"}],"circlet_count":0,"master_deck":["Strike_G","Strike_G","Strike_G","Strike_G","Strike_G","Defend_G","Defend_G","Defend_G","Defend_G","Defend_G","Survivor","Neutralize","Dagger Spray","Crippling Poison","Enlightenment","Parasite","Endless Agony","A Thousand Cuts","PiercingWail","Poisoned Stab"],"relics":["Ring of the Snake","HollowMod:QueensCombRelic","reliquary:PorcupineQuills","HollowMod:StagPassRelic"],"acts_visited":["Exordium"],"potions_floor_usage":[14,14,16],"damage_taken":[{"damage":0.0,"enemies":"Small Slimes","floor":1.0,"turns":4.0},{"damage":7.0,"enemies":"Jaw Worm","floor":2.0,"turns":4.0},{"damage":27.0,"enemies":"Lagavulin","floor":8.0,"turns":8.0},{"damage":3,"enemies":"2 Louse","floor":12,"turns":2},{"damage":0,"enemies":"2 Fungi Beasts","floor":13,"turns":4},{"damage":32,"enemies":"3 Sentries","floor":14,"turns":7},{"damage":38,"enemies":"The Guardian","floor":16,"turns":8}],"seed_played":"-8215708632186660552","potions_obtained":[{"floor":2.0,"key":"Strength Potion"},{"floor":8.0,"key":"BlessingOfTheForge"},{"floor":12,"key":"BlessingOfTheForge"},{"floor":13,"key":"Guardian:BlockOnCardUsePotion"}],"is_trial":false,"path_per_floor":["M","M","?","?","?","R","?","E","T","$","R","M","M","E","R","B"],"character_chosen":"THE_SILENT","items_purchased":[],"campfire_rested":2,"item_purchase_floors":[],"current_hp_per_floor":[42,35,35,41,41,41,48,21,21,21,35,36,48,16,30,0,0],"gold":86,"neow_bonus":"ONE_RARE_RELIC","is_daily":false,"chose_seed":false,"campfire_upgraded":0,"win_rate":0.0,"timestamp":1612445685,"path_taken":["M","M","?","?","?","R","?","E","T","$","R","M","M","E","R","BOSS"],"items_purchased_type":[],"build_version":"2020-12-22","purchased_purges":0,"victory":false,"max_hp_per_floor":[42,42,42,48,48,48,48,48,48,48,48,48,48,48,48,48,48],"relic_stats":{"counters":[7,37],"obtain_stats":[{"HollowMod:QueensCombRelic":0,"reliquary:PorcupineQuills":8,"HollowMod:StagPassRelic":14,"Ring of the Snake":0},{"HollowMod:QueensCombRelic":0,"reliquary:PorcupineQuills":3,"HollowMod:StagPassRelic":6,"Ring of the Snake":0},{"HollowMod:QueensCombRelic":0,"reliquary:PorcupineQuills":16,"HollowMod:StagPassRelic":29,"Ring of the Snake":0}],"Ring of the Snake":[15]},"card_choices":[{"not_picked":["Quick Slash","Backflip"],"picked":"Dagger Spray","floor":1.0},{"not_picked":["Backflip","Calculated Gamble"],"picked":"Escape Plan","floor":2.0},{"not_picked":["Dodge and Roll","Choke"],"picked":"Endless Agony","floor":8.0},{"not_picked":["Poisoned Stab","Slice"],"picked":"A Thousand Cuts","floor":12},{"not_picked":["Acrobatics","Dodge and Roll"],"picked":"PiercingWail","floor":13},{"not_picked":["Sucker Punch","Dagger Throw"],"picked":"Poisoned Stab","floor":14}],"player_experience":395784,"relics_obtained":[{"floor":8.0,"key":"reliquary:PorcupineQuills"},{"floor":14,"key":"HollowMod:StagPassRelic"}],"event_choices":[{"damage_healed":0.0,"max_hp_gain":0.0,"max_hp_loss":0.0,"gold_gain":0.0,"cards_transformed":["Escape Plan"],"event_name":"Living Wall","player_choice":"Change","floor":3.0,"gold_loss":0.0,"damage_taken":0.0,"cards_obtained":["Crippling Poison"]},{"damage_healed":0.0,"max_hp_gain":0.0,"max_hp_loss":0.0,"gold_gain":0.0,"event_name":"betterThird:BetterSerpent","player_choice":"RENOUNCE","floor":4.0,"gold_loss":129.0,"damage_taken":129.0,"cards_obtained":["Enlightenment"]},{"damage_healed":12.0,"max_hp_gain":0.0,"max_hp_loss":0.0,"gold_gain":0.0,"event_name":"Mushrooms","player_choice":"Healed and dodged fight","floor":7.0,"gold_loss":0.0,"damage_taken":0.0,"cards_obtained":["Parasite"]}],"is_beta":false,"boss_relics":[],"items_purged_floors":[],"is_endless":false,"potions_floor_spawned":[2,8,12,13],"killed_by":"The Guardian","ascension_level":1}}