{"host":"pgm1p3lvdjflie30","time":1612414298,"event":{"mods":["ATMod(阿瑾Mod)","AchievementEnabler","Aspiration","BaseMod","Colored Map","Colored Powertips","Conspire","Dota2Spire","Downfall","Energized Spire","GungeonMod","Hermit","Highlight Path","HornydragonMod","Minty Spire (QoL Compilation)","MostiFishMod","Quarter Circle Forward PUNCH!","Quick Restart","Reimu（博???）","Robot Space Explorer","Spicy Shops","StSLib","TestMod","The Blackbeard","The Bug Knight","The Cursed","The Hayseed","The IronCluck","The Jungle","The Runesmith","Waifu the Spire","Yakumo Yukari mod","【?物卡牌】REMEMod","篝火指南"],"gold_per_floor":[118,21,21,21,50,12,33,74,74,74,109,109,293,320,320,426,426,448,475,475,475,504,541,22,72,146,164,196,196,232,264,264,385,385,414,441,447,447,467,475,519,519,545,571,571,571],"floor_reached":45,"language":"ZHS","playtime":1885,"items_purged":["Clumsy","Doubt","Doubt"],"score":725,"play_id":"25ac0b80-3780-4fcd-abc7-d7ef4f94a208","local_time":"20210204125138","is_ascension_mode":true,"campfire_choices":[{"floor":10,"key":"RECALL"},{"data":"Perfected Strike","floor":12,"key":"SMITH"},{"data":"Sunder","floor":15,"key":"SMITH"},{"data":"Immolate","floor":29,"key":"SMITH"},{"data":"Mind Blast","floor":32,"key":"SMITH"}],"circlet_count":0,"master_deck":["Strike_R","Strike_R","Strike_R","Strike_R","Strike_R","Defend_R","Bash","Sunder+1","AT_FamilyPortrait","Twin Strike","Flex","Perfected Strike+1","Thunderclap","Armaments+1","Terror+1","Dodge and Roll+1","Crippling Poison+1","Immolate+1","Inflame","Shockwave+1","Pummel","Anger+1","Mind Blast+1","EmptyMind+1","Wild Strike","Bash","Flex+1","Creative AI","Rage+1","FTL","REME_TheLastStrike","Crescendo+1","Offering+1","MostiFishMod:ReadyAimFire+1","MostiFishMod:RainCloud","Perfected Strike+1","Poor:ReiMu","downfall:Bewildered","Writhe","Infernal Blade+1","Pommel Strike","Whirlwind","Pommel Strike","Twin Strike"],"relics":["Burning Blood","AT_ATBox","REME_ComplimentaryCards","DaveBox","testmod-TestBox","Membership Card","testmod-RealStoneCalender","NeowsBlessing","SynthV:TestCard","CeramicFish","Medical Kit","aspiration:AnachronicSnailShell","GremlinMask","testmod-HeartOfStrike","Toxic Egg 2","conspire:BottledYoYo","SacredBark","qcfpunch:School_Backpack","HandDrill","Letter Opener","Tiny Chest","Dota2Spire:PowerTreads","conspire:TreasureMap","DemoMod:GreenGuonStone","testmod-IntensifyImprint","DemoMod:DecoyRelic","ChiXiaoBlade","testmod-Laevatain","aspiration:SneckoTail","Dota2Spire:MonkeyKingBar"],"acts_visited":["Exordium","Exordium","TheBeyond"],"potions_floor_usage":[8],"damage_taken":[{"damage":0,"enemies":"Small Slimes","floor":1,"turns":1},{"damage":0,"enemies":"Cultist","floor":5,"turns":1},{"damage":0,"enemies":"2 Louse","floor":7,"turns":1},{"damage":0,"enemies":"Lagavulin","floor":8,"turns":2},{"damage":0,"enemies":"Gremlin Nob","floor":11,"turns":2},{"damage":12,"enemies":"The Guardian","floor":16,"turns":4},{"damage":8,"enemies":"theJungle:MUSHROOMGANG","floor":18,"turns":3},{"damage":35,"enemies":"theJungle:5_Spyders","floor":19,"turns":5},{"damage":11,"enemies":"theJungle:SlimyTreeVines","floor":22,"turns":3},{"damage":12,"enemies":"theJungle:Cassacara","floor":23,"turns":4},{"damage":11,"enemies":"theJungle:2_Phrogs","floor":25,"turns":4},{"damage":9,"enemies":"theJungle:2_Flameangoes","floor":28,"turns":3},{"damage":12,"enemies":"theJungle:2_Snecko_Cultists","floor":30,"turns":3},{"damage":4,"enemies":"theJungle:SlimyTreeVines","floor":31,"turns":3},{"damage":10,"enemies":"theJungle:QueenSpyder","floor":33,"turns":3},{"damage":0,"enemies":"Orb Walker","floor":35,"turns":1},{"damage":35,"enemies":"3 Shapes","floor":37,"turns":3},{"damage":6,"enemies":"3 Darklings","floor":39,"turns":1},{"damage":24,"enemies":"4 Shapes","floor":40,"turns":2},{"damage":17,"enemies":"Giant Head","floor":41,"turns":4},{"damage":13,"enemies":"Writhing Mass","floor":44,"turns":2},{"damage":16,"enemies":"Nemesis","floor":45,"turns":3}],"seed_played":"1865248548124913683","potions_obtained":[{"floor":5,"key":"LiquidMemories"},{"floor":23,"key":"Energy Potion"}],"is_trial":false,"path_per_floor":["M","$","?","$","M","$","M","E","T","R","E","R","?","?","R","B",null,"M","M","?","?","M","E","$","E","T","?","M","R","M","M","R","B",null,"M","T","M","?","M","M","E","?","T","M","E"],"character_chosen":"IRONCLAD","items_purchased":["CeramicFish","Medical Kit","aspiration:AnachronicSnailShell","testmod-HeartOfStrike","HandDrill","Letter Opener","Tiny Chest","Dota2Spire:PowerTreads","conspire:TreasureMap","DemoMod:GreenGuonStone","Mind Blast"],"campfire_rested":0,"item_purchase_floors":[2,2,2,4,24,24,24,24,24,24,24],"current_hp_per_floor":[80,80,80,80,80,80,80,80,80,80,80,80,80,80,80,74,80,78,49,49,49,47,41,41,42,42,42,39,39,39,41,41,43,80,80,64,35,35,35,17,16,16,16,15,0,0],"gold":571,"neow_bonus":"THREE_ENEMY_KILL","is_daily":false,"chose_seed":false,"campfire_upgraded":4,"win_rate":0.0,"timestamp":1612414298,"path_taken":["M","$","?","$","M","?","M","E","T","R","E","R","?","?","R","BOSS","M","M","?","?","M","E","$","E","T","?","?","R","?","M","R","BOSS","M","?","M","?","M","M","E","?","T","?","E"],"items_purchased_type":["Relic","Relic","Relic","Relic","Relic","Relic","Relic","Relic","Relic","Relic","Card"],"build_version":"2020-12-22","purchased_purges":3,"victory":false,"max_hp_per_floor":[80,80,80,80,80,80,80,80,80,80,80,80,80,80,80,80,80,80,80,80,80,80,80,80,80,80,80,80,80,80,80,80,80,80,80,64,64,64,64,64,64,64,64,64,64,64],"card_choices":[{"not_picked":["Anger","Thunderclap"],"picked":"Twin Strike","floor":1},{"not_picked":["Sentinel","Warcry","Body Slam","Shrug It Off"],"picked":"Flex","floor":5},{"not_picked":["Flex","Heavy Blade","Thunderclap","Havoc"],"picked":"Perfected Strike","floor":7},{"not_picked":["AT_ManFootWork+1","Flame Barrier+1","Combust","MostiFishMod:NewArrival+1"],"picked":"Thunderclap","floor":8},{"not_picked":["AT_GerminateFire+1","AT_IchimonjiDouble","Clash","Dual Wield+1"],"picked":"Armaments+1","floor":11},{"not_picked":["conspire:HitWhereItHurts","Brutality","MostiFishMod:NewArrival+1","Reaper"],"picked":"Immolate","floor":16},{"not_picked":["Battle Trance+1","Pommel Strike","Clash","Sentinel+1"],"picked":"Inflame","floor":18},{"not_picked":["Entrench+1","MostiFishMod:BrandingRite+1","AT_BodySlamDance+1","Shrug It Off+1"],"picked":"Shockwave+1","floor":19},{"not_picked":["AT_IchimonjiDouble","conspire:Charge","AT_BodySlamDance+1","Clash"],"picked":"Pummel","floor":22},{"not_picked":["True Grit+1","Warcry+1","Headbutt","AT_DiedThrough+1"],"picked":"Anger+1","floor":23},{"not_picked":["MostiFishMod:Nomercy","LikeWater"],"picked":"EmptyMind+1","floor":25},{"not_picked":["Iron Wave","Offering+1","Uppercut","REME_Cut"],"picked":"Wild Strike","floor":25},{"not_picked":["Stack+1","Rebound"],"picked":"Creative AI","floor":28},{"not_picked":["Dropkick","Spot Weakness+1","Bloodletting+1","Armaments+1"],"picked":"Rage+1","floor":28},{"not_picked":["Redo+1","Compile Driver"],"picked":"FTL","floor":30},{"not_picked":["Whirlwind","Armaments+1","AT_ManFootWork+1","Cleave"],"picked":"REME_TheLastStrike","floor":30},{"not_picked":["Evaluate+1","Sanctity+1"],"picked":"Crescendo+1","floor":31},{"not_picked":["Armaments+1","AT_IchimonjiDouble","Clothesline","Shrug It Off+1"],"picked":"Offering+1","floor":31},{"not_picked":["AT_RightCognition","Seek+1"],"picked":"MostiFishMod:ReadyAimFire+1","floor":33},{"not_picked":["MostiFishMod:HellRitual+1","Exhume+1","Immolate","MostiFishMod:Chiaki+1"],"picked":"MostiFishMod:RainCloud","floor":33},{"not_picked":["Shrug It Off+1","Twin Strike","conspire:Charge+1","True Grit+1"],"picked":"Perfected Strike+1","floor":35},{"not_picked":["Body Slam","Iron Wave","Battle Trance+1","AT_IchimonjiDouble"],"picked":"Infernal Blade+1","floor":37},{"not_picked":["MostiFishMod:DoubleSword+1","Dropkick+1","Headbutt","Shockwave+1"],"picked":"Pommel Strike","floor":39},{"not_picked":["Shrug It Off+1","MostiFishMod:DoubleSword+1","AT_IchimonjiDouble","Clash+1"],"picked":"Whirlwind","floor":40},{"not_picked":["REME_SingleHolding+1","Iron Wave","Body Slam+1","Clothesline"],"picked":"Pommel Strike","floor":41},{"not_picked":["Sword Boomerang","AT_BodySlamDance+1","Headbutt+1","Iron Wave"],"picked":"Twin Strike","floor":44}],"player_experience":387994,"relics_obtained":[{"floor":1,"key":"SynthV:TestCard"},{"floor":8,"key":"Toxic Egg 2"},{"floor":11,"key":"conspire:BottledYoYo"},{"floor":23,"key":"qcfpunch:School_Backpack"},{"floor":25,"key":"testmod-IntensifyImprint"},{"floor":26,"key":"DemoMod:DecoyRelic"},{"floor":36,"key":"testmod-Laevatain"},{"floor":41,"key":"aspiration:SneckoTail"},{"floor":43,"key":"Dota2Spire:MonkeyKingBar"}],"event_choices":[{"damage_healed":0,"gold_gain":0,"player_choice":"Trade","damage_taken":0,"relics_obtained":["GremlinMask"],"max_hp_gain":0,"max_hp_loss":0,"event_name":"FaceTrader","floor":3,"gold_loss":0},{"damage_healed":0,"gold_gain":175,"player_choice":"AGREE","damage_taken":0,"max_hp_gain":0,"max_hp_loss":0,"event_name":"Liars Game","floor":13,"gold_loss":0,"cards_obtained":["Doubt"]},{"damage_healed":0,"gold_gain":0,"player_choice":"Leave","damage_taken":0,"max_hp_gain":0,"max_hp_loss":0,"event_name":"conspire:Investor","floor":20,"gold_loss":0},{"damage_healed":0,"gold_gain":0,"player_choice":"2 cards matched","damage_taken":0,"max_hp_gain":0,"max_hp_loss":0,"event_name":"Match and Keep!","floor":27,"gold_loss":0,"cards_obtained":["Bash","Flex"]},{"damage_healed":0,"gold_gain":0,"player_choice":"Ignored","damage_taken":0,"max_hp_gain":0,"max_hp_loss":0,"event_name":"Tomb of Lord Red Mask","floor":38,"gold_loss":0},{"damage_healed":0,"gold_gain":0,"player_choice":"Bought 0 Potions","damage_taken":0,"max_hp_gain":0,"max_hp_loss":0,"event_name":"The Woman in Blue","floor":42,"gold_loss":0}],"is_beta":false,"boss_relics":[{"not_picked":["REME_DuelDisc","aspiration:WatcherSkillbook"],"picked":"SacredBark"},{"not_picked":["energizedSpire:HugeHouse","TimeKeys"],"picked":"ChiXiaoBlade"}],"items_purged_floors":[6,24,24],"is_endless":false,"potions_floor_spawned":[5,7,23,25,30,33,37,39,40,41],"killed_by":"Nemesis","ascension_level":2}}