{"host":"74rphcgmhz43g39u","time":1612426906,"event":{"mods":["Act Like it!","BaseMod","Hallownest","Minty Spire (QoL Compilation)","Quick Restart","StSLib","The Bug Knight"],"gold_per_floor":[117,128,140,160,0,0,33,33,33,60,78,107,237,237,237,309,309,324,324,338,352,352,352,366,394,467,80,111,111,141,195,195,274,574,586,116,132,292,311,311,323,351,351,383,444,444,444,444],"floor_reached":47,"language":"ZHS","playtime":3029,"items_purged":["Strike_P","Defend_P+1"],"score":1351,"play_id":"9f9b1d6e-690b-4474-b3bf-fc60a8f0dcd9","local_time":"20210204162146","is_ascension_mode":true,"campfire_choices":[{"data":"Eruption","floor":6.0,"key":"SMITH"},{"data":"LikeWater","floor":8.0,"key":"SMITH"},{"floor":15.0,"key":"RECALL"},{"floor":23.0,"key":"REST"},{"floor":29.0,"key":"REST"},{"data":"Wallop","floor":32.0,"key":"SMITH"},{"floor":40.0,"key":"REST"}],"circlet_count":0,"master_deck":["AscendersBane","Strike_P+1","Strike_P+1","Strike_P+1","Defend_P+1","Eruption+1","Vigilance+1","CutThroughFate+1","CutThroughFate+1","FearNoEvil+1","LikeWater+1","Wallop+1","BattleHymn+1","LessonLearned+1","Devotion+1","Tantrum+1","MasterReality+1","Pray+1","Study+1","InnerPeace+1","Omniscience+1","Scrawl+1","CurseOfTheBell","TalkToTheHand+1","Adaptation+1","MentalFortress+1","Prostrate+1","TalkToTheHand"],"relics":["PureWater","NeowsBlessing","Orichalcum","CloakClasp","The Courier","Runic Dome","Torii","Darkstone Periapt","Membership Card","Lantern","Mummified Hand","Art of War","HollowMod:StagPassRelic","Vajra","Calling Bell","Bronze Scales","Matryoshka","Old Coin","ClockworkSouvenir","Whetstone","Oddly Smooth Stone","Pantograph","Blue Candle","Hallownest:GodTamersBeastRelic","Boot","Pear","Calipers","Ginger","CaptainsWheel","Hallownest:HeavyBlowRelic"],"acts_visited":["Exordium","Hallownest:Greenpath","Hallownest:CityofTears"],"potions_floor_usage":[],"damage_taken":[{"damage":0.0,"enemies":"Hallownest:2_Baldur","floor":1.0,"turns":1.0},{"damage":0.0,"enemies":"Hallownest:2_Tiktiks_and_1_Crawlid","floor":2.0,"turns":2.0},{"damage":0.0,"enemies":"Hallownest:monsterHuskWarrior","floor":3.0,"turns":1.0},{"damage":13.0,"enemies":"Hallownest:2_Tiktiks_1_Baldur_1_Crawlid","floor":4.0,"turns":6.0},{"damage":1.0,"enemies":"Hallownest:eliteMossKnight","floor":7.0,"turns":6.0},{"damage":0.0,"enemies":"Hallownest:eliteCrystalGuardian","floor":10.0,"turns":5.0},{"damage":4.0,"enemies":"Hallownest:1_Baldur_1_Crawlid_1_Warrior","floor":11.0,"turns":4.0},{"damage":6.0,"enemies":"Hallownest:eliteMossKnight","floor":12.0,"turns":7.0},{"damage":10.0,"enemies":"Hallownest:BossBrokenVessel","floor":16.0,"turns":7.0},{"damage":14.0,"enemies":"Hallownest:2_Mistakes","floor":18.0,"turns":7.0},{"damage":5.0,"enemies":"Hallownest:Guard_and_Sentry","floor":20.0,"turns":4.0},{"damage":25.0,"enemies":"Hallownest:monsterShrumalOgre","floor":21.0,"turns":5.0},{"damage":3.0,"enemies":"Hallownest:2_Husk_Sentries","floor":24.0,"turns":6.0},{"damage":0.0,"enemies":"Hallownest:Nosk","floor":25.0,"turns":8.0},{"damage":9.0,"enemies":"Hallownest:eliteWatcherKnight","floor":28.0,"turns":8.0},{"damage":1.0,"enemies":"Hallownest:eliteSoulWarrior","floor":30.0,"turns":5.0},{"damage":2.0,"enemies":"Hallownest:Glutton_and_Coward","floor":31.0,"turns":3.0},{"damage":15.0,"enemies":"Hallownest:BossMantisLord","floor":33.0,"turns":5.0},{"damage":19.0,"enemies":"Hallownest:2_Littles","floor":35.0,"turns":4.0},{"damage":1.0,"enemies":"Hallownest:3_Siblings","floor":37.0,"turns":4.0},{"damage":1.0,"enemies":"Hallownest:3_Siblings","floor":38.0,"turns":4.0},{"damage":10.0,"enemies":"Hallownest:3_Siblings","floor":38.0,"turns":3.0},{"damage":0.0,"enemies":"Hallownest:3_Siblings","floor":38.0,"turns":2.0},{"damage":0.0,"enemies":"Hallownest:3_Siblings","floor":38.0,"turns":3.0},{"damage":1.0,"enemies":"Hallownest:2_Wandering_and_1_Horned","floor":39.0,"turns":4.0},{"damage":1.0,"enemies":"Hallownest:2_Wing_and_1_Kings","floor":41.0,"turns":3.0},{"damage":0.0,"enemies":"Hallownest:eliteCollector","floor":42.0,"turns":3.0},{"damage":0.0,"enemies":"Hallownest:eliteHiveKnight","floor":44.0,"turns":3.0},{"damage":57.0,"enemies":"Hallownest:2_Primals","floor":45.0,"turns":3.0},{"damage":8,"enemies":"Hallownest:StalkingDevout","floor":47,"turns":1}],"seed_played":"-3542805075518160020","potions_obtained":[{"floor":3.0,"key":"Dexterity Potion"},{"floor":7.0,"key":"SkillPotion"},{"floor":10.0,"key":"EssenceOfSteel"},{"floor":12.0,"key":"Strength Potion"},{"floor":20.0,"key":"FearPotion"},{"floor":33.0,"key":"StancePotion"},{"floor":39.0,"key":"SteroidPotion"},{"floor":42.0,"key":"GamblersBrew"},{"floor":45.0,"key":"Regen Potion"}],"is_trial":false,"path_per_floor":["M","M","M","M","$","R","E","R","T","E","M","E","?","?","R","B",null,"M","?","M","M","?","R","M","E","T","$","E","R","E","M","R","B",null,"M","$","M","?","M","R","M","E","T","E","?","?","E"],"character_chosen":"WATCHER","items_purchased":["Wallop","BattleHymn","Membership Card","Lantern","Mummified Hand","Art of War","TalkToTheHand","ClockworkSouvenir","Whetstone","Oddly Smooth Stone","Pantograph","Blue Candle"],"campfire_rested":3,"item_purchase_floors":[5,5,27,27,27,27,36,36,36,36,36,36],"current_hp_per_floor":[61,61,61,48,48,48,47,47,47,47,43,37,37,37,37,27,58,44,44,39,14,8,28,25,25,25,25,16,36,35,33,33,18,62,43,43,42,31,30,52,51,51,61,61,4,4,0,0],"gold":444,"neow_bonus":"THREE_ENEMY_KILL","is_daily":false,"chose_seed":false,"campfire_upgraded":3,"win_rate":0.0,"timestamp":1612426906,"path_taken":["M","M","?","M","?","R","E","R","T","E","M","E","?","?","R","BOSS","M","?","M","M","?","R","M","E","T","?","E","R","E","M","R","BOSS","M","$","M","?","M","R","M","E","T","E","?","?","E"],"items_purchased_type":["Card","Card","Relic","Relic","Relic","Relic","Card","Relic","Relic","Relic","Relic","Relic"],"build_version":"2020-12-22","purchased_purges":2,"victory":false,"max_hp_per_floor":[68,68,68,68,68,68,68,68,68,68,68,68,68,68,68,68,68,68,68,68,68,68,68,68,68,68,68,68,68,68,68,68,68,74,74,74,74,74,74,74,74,74,84,84,84,84,84,84],"card_choices":[{"not_picked":["Collect","EmptyFist"],"picked":"CutThroughFate","floor":1.0},{"not_picked":["FollowUp","Sanctity"],"picked":"CutThroughFate","floor":2.0},{"not_picked":["CutThroughFate","Prostrate"],"picked":"FearNoEvil","floor":3.0},{"not_picked":["Crescendo","JustLucky"],"picked":"LikeWater","floor":4.0},{"not_picked":["Weave","CrushJoints","ThirdEye"],"picked":"SKIP","floor":7.0},{"not_picked":["JustLucky","CrushJoints"],"picked":"LessonLearned","floor":10.0},{"not_picked":["ReachHeaven","WheelKick","Protect"],"picked":"SKIP","floor":11.0},{"not_picked":["FearNoEvil","Prostrate"],"picked":"Devotion","floor":12.0},{"not_picked":["Omniscience","DeusExMachina"],"picked":"MasterReality","floor":16.0},{"not_picked":["Crescendo","Sanctity","CutThroughFate"],"picked":"SKIP","floor":18.0},{"not_picked":["LikeWater","SashWhip+1"],"picked":"Pray","floor":20.0},{"not_picked":["Crescendo","CutThroughFate"],"picked":"Study","floor":21.0},{"not_picked":["FearNoEvil","ThirdEye","CutThroughFate"],"picked":"SKIP","floor":24.0},{"not_picked":["ThirdEye","WheelKick","Halt"],"picked":"SKIP","floor":25.0},{"not_picked":["Nirvana","Sanctity+1"],"picked":"InnerPeace+1","floor":28.0},{"not_picked":["Evaluate","Swivel"],"picked":"Omniscience","floor":30.0},{"not_picked":["CrushJoints","PathToVictory","ThirdEye"],"picked":"SKIP","floor":31.0},{"not_picked":["Ragnarok","Blasphemy"],"picked":"Scrawl","floor":33.0},{"not_picked":["FlyingSleeves","JustLucky","WaveOfTheHand"],"picked":"SKIP","floor":35.0},{"not_picked":["PathToVictory+1","JustLucky+1","Nirvana"],"picked":"SKIP","floor":37.0},{"not_picked":["FollowUp+1","FlurryOfBlows"],"picked":"Adaptation","floor":39.0},{"not_picked":["InnerPeace+1","Meditate","Halt"],"picked":"SKIP","floor":41.0},{"not_picked":["ReachHeaven+1","FollowUp+1"],"picked":"MentalFortress","floor":42.0},{"not_picked":["WindmillStrike","Evaluate"],"picked":"Prostrate","floor":44.0},{"not_picked":["DeusExMachina","Tantrum"],"picked":"TalkToTheHand","floor":45.0}],"player_experience":656413,"relics_obtained":[{"floor":7.0,"key":"Orichalcum"},{"floor":10.0,"key":"CloakClasp"},{"floor":12.0,"key":"The Courier"},{"floor":25.0,"key":"Torii"},{"floor":26.0,"key":"Darkstone Periapt"},{"floor":28.0,"key":"HollowMod:StagPassRelic"},{"floor":30.0,"key":"Vajra"},{"floor":34.0,"key":"Bronze Scales"},{"floor":34.0,"key":"Matryoshka"},{"floor":34.0,"key":"Old Coin"},{"floor":42.0,"key":"Boot"},{"floor":43.0,"key":"Pear"},{"floor":43.0,"key":"Calipers"},{"floor":44.0,"key":"Ginger"},{"floor":45.0,"key":"CaptainsWheel"}],"event_choices":[],"is_beta":false,"boss_relics":[{"not_picked":["Tiny House","Snecko Eye"],"picked":"Runic Dome"},{"not_picked":["Fusion Hammer","HolyWater"],"picked":"Calling Bell"}],"items_purged_floors":[27,36],"is_endless":false,"potions_floor_spawned":[3,7,10,11,12,20,25,30,33,38,38,38,39,42,45],"killed_by":"Hallownest:StalkingDevout","ascension_level":20}}