{"host":"ko40t1o51xotjt2v","time":1612456564,"event":{"mods":["2.2 Compatiblity","AchievementEnabler","Aspiration","BaseMod","Better Match","Better Third Choice","Better Vampires","Conspire","Downfall","Energized Spire","GifTheSpireLib","Halation","Hubris","Jedi Mod","Minty Spire (QoL Compilation)","MostiFishMod","Reliquary","Spicy Shops","Spikes Relics","StSLib","Stuff the Spire","TestMod","??????REMEMod"],"gold_per_floor":[117,137,137,149,149,183,183,80,80,92,102,116,128,128,128,206,206,220,232,242,242,242,242,242,242],"floor_reached":24,"language":"SPA","playtime":1394,"items_purged":["Injury"],"score":360,"play_id":"611f739f-a550-45c0-9288-129ce38c0c30","local_time":"20210204173604","is_ascension_mode":true,"campfire_choices":[{"floor":7,"key":"RECALL"},{"data":"jedi:controlledanger","floor":15,"key":"SMITH"},{"data":"MostiFishMod:FlyOverUtopia","floor":23,"key":"SMITH"}],"circlet_count":0,"master_deck":["AscendersBane","Strike_R","Strike_R","Strike_R","Strike_R","Strike_R","Defend_R","Defend_R","Defend_R","Defend_R","Bash","Pummel","Anger+1","Pommel Strike+1","jedi:fear","REME_Fury","Pommel Strike+1","Disarm","jedi:controlledanger+1","MostiFishMod:FlyOverUtopia+1","Anger+1"],"relics":["Burning Blood","DaveBox","testmod-TestBox","REME_ComplimentaryCards","aspiration:DSix","SynthV:TestCard","Molten Egg 2","Question Card","halation:PinkAlligatorPlush","StuffTheSpire:HeavyRock"],"acts_visited":["Exordium","TheCity"],"potions_floor_usage":[6,10,12,16,20],"damage_taken":[{"damage":11,"enemies":"Cultist","floor":1,"turns":4},{"damage":3,"enemies":"Small Slimes","floor":2,"turns":4},{"damage":4,"enemies":"2 Louse","floor":4,"turns":3},{"damage":45,"enemies":"3 Sentries","floor":6,"turns":10},{"damage":22,"enemies":"Exordium Thugs","floor":10,"turns":3},{"damage":14,"enemies":"Blue Slaver","floor":11,"turns":4},{"damage":6,"enemies":"Looter","floor":12,"turns":3},{"damage":7,"enemies":"Exordium Thugs","floor":13,"turns":4},{"damage":38,"enemies":"Slime Boss","floor":16,"turns":12},{"damage":33,"enemies":"3 Byrds","floor":18,"turns":6},{"damage":36,"enemies":"Spheric Guardian","floor":19,"turns":4},{"damage":65,"enemies":"Shelled Parasite and Fungi","floor":20,"turns":6},{"damage":17,"enemies":"Book of Stabbing","floor":24,"turns":3}],"seed_played":"2700339958516022159","potions_obtained":[{"floor":4,"key":"BloodPotion"},{"floor":6,"key":"SteroidPotion"},{"floor":11,"key":"Guardian:BlockOnCardUsePotion"},{"floor":16,"key":"testmod-SpacePotion"},{"floor":18,"key":"jedi:tentaclejuice"}],"is_trial":false,"path_per_floor":["M","M","?","M","?","E","R","$","T","M","M","M","M","?","R","B",null,"M","M","M","?","?","R","E"],"character_chosen":"IRONCLAD","items_purchased":["jedi:fear"],"campfire_rested":0,"item_purchase_floors":[8],"current_hp_per_floor":[63,66,66,68,68,44,44,44,44,28,20,20,19,44,44,12,59,32,75,16,16,16,16,0,0],"gold":242,"neow_bonus":"DSIX","is_daily":false,"chose_seed":false,"campfire_upgraded":2,"win_rate":0.0,"timestamp":1612456564,"path_taken":["M","?","?","M","?","E","R","?","T","M","?","M","M","?","R","BOSS","M","M","M","?","?","R","E"],"items_purchased_type":["Card"],"build_version":"2020-12-22","purchased_purges":1,"victory":false,"max_hp_per_floor":[75,75,75,75,75,75,75,75,75,75,75,75,75,75,75,75,75,75,75,75,75,75,75,75,75],"card_choices":[{"not_picked":["Blood for Blood","Heavy Blade"],"picked":"Pummel","floor":1},{"not_picked":["Infernal Blade","Headbutt","Body Slam","Flex","BarbarianYell"],"picked":"SKIP","floor":2},{"not_picked":["StuffTheSpire:RockThrow+1","Flame Barrier","Pommel Strike+1","Twin Strike+1"],"picked":"Anger+1","floor":4},{"not_picked":["Pommel Strike+1","Iron Wave+1","Entrench","Feel No Pain","Second Wind"],"picked":"SKIP","floor":6},{"not_picked":["Iron Wave+1","Entrench","Feel No Pain","Second Wind"],"picked":"Pommel Strike+1","floor":6},{"not_picked":["Thunderclap+1","Flex","Shrug It Off","Perfected Strike+1","REME_SingleHolding"],"picked":"REME_Fury","floor":10},{"not_picked":["Sword Boomerang+1","Body Slam+1","Havoc","Warcry","REME_Scribble"],"picked":"Pommel Strike+1","floor":11},{"not_picked":["Blood for Blood+1","Clash+1","Twin Strike+1","StuffTheSpire:Incineration+1","Shockwave"],"picked":"Disarm","floor":12},{"not_picked":["Battle Trance","Anger+1","Pommel Strike+1","Ghostly Armor","REME_SingleHolding"],"picked":"jedi:controlledanger","floor":13},{"not_picked":["MostiFishMod:DoubleSword","MostiFishMod:Mania","MostiFishMod:NewArrival","MostiFishMod:TemporaryOutbreak","Corruption"],"picked":"MostiFishMod:FlyOverUtopia","floor":16},{"not_picked":["Body Slam+1","StuffTheSpire:RockThrow+1","StuffTheSpire:Resist","StuffTheSpire:Slingshot+1","Dual Wield"],"picked":"Anger+1","floor":18},{"not_picked":["Warcry","Seeing Red","hubris:ReadiedAction","Uppercut+1","jedi:fear","StuffTheSpire:RockThrow+1"],"picked":"SKIP","floor":19},{"not_picked":["Fire Breathing+1","Iron Wave+1","Heavy Blade+1","Armaments","Ghostly Armor","Shrug It Off+1"],"picked":"SKIP","floor":20}],"player_experience":485486,"relics_obtained":[{"floor":1,"key":"SynthV:TestCard"},{"floor":6,"key":"Question Card"},{"floor":22,"key":"StuffTheSpire:HeavyRock"}],"event_choices":[{"damage_healed":0,"gold_gain":0,"player_choice":"Disagree","damage_taken":0,"max_hp_gain":0,"max_hp_loss":0,"event_name":"conspire:LoneGhost","floor":5,"gold_loss":0},{"damage_healed":25,"gold_gain":0,"player_choice":"Banana","damage_taken":0,"max_hp_gain":0,"max_hp_loss":0,"event_name":"Big Fish","floor":14,"gold_loss":0},{"damage_healed":0,"gold_gain":0,"player_choice":"Ignored","damage_taken":0,"max_hp_gain":0,"max_hp_loss":0,"event_name":"Ghosts","floor":21,"gold_loss":0},{"damage_healed":0,"gold_gain":0,"player_choice":"Relic","damage_taken":0,"max_hp_gain":0,"max_hp_loss":0,"event_name":"Wheel of Change","floor":22,"gold_loss":0}],"is_beta":false,"boss_relics":[{"not_picked":["HailfireSword","NightmareShop"],"picked":"halation:PinkAlligatorPlush"}],"items_purged_floors":[8],"is_endless":false,"potions_floor_spawned":[4,6,11,16,18],"killed_by":"Book of Stabbing","ascension_level":16}}