{"host":"q6r63elxu27obe7v","time":1612451174,"event":{"mods":["2.2 Compatiblity","AchievementEnabler","BaseMod","CapriCore","Colored Map","DeckTracker","KOR Keyword Fix","Keyboard Shortcuts","Marisa£¨Ùöéë¡¡Øª×âÞÞ£©","Minty Spire (QoL Compilation)","Permanent Neow","Quick Restart","Replay The Spire","StSLib","SuperFastMode","everything is the same but u backflip on backflip","¡¼?Úª?ø«¡½REMEMod"],"gold_per_floor":[118,193,212,212,228,228,242,277,277,312,331,347,347,380,380,509,509,527,548,548,564,104,145,164,164,188,226,282,300,315,328,328,456,456,476,329,329,175,193,233,233,257,281,281,191,240,269,299,299,299,299,299,143,188,188],"floor_reached":56,"language":"KOR","playtime":4079,"items_purged":["Strike_R"],"score":1570,"play_id":"cccd4524-7765-4aef-8b55-f710326c628b","local_time":"20210205000614","is_ascension_mode":true,"campfire_choices":[{"data":"Shrug It Off","floor":6.0,"key":"SMITH"},{"data":"Hemogenesis","floor":15,"key":"SMITH"},{"floor":25,"key":"RECALL"},{"data":"Corruption","floor":32,"key":"SMITH"},{"floor":41,"key":"REST"},{"data":"Body Slam","floor":44,"key":"SMITH"},{"floor":49,"key":"REST"},{"data":"Madness","floor":52,"key":"SMITH"}],"circlet_count":0,"master_deck":["Strike_R","Strike_R+1","Defend_R+1","Defend_R","Defend_R","Bash","Immolate+1","Sword Boomerang","Shrug It Off+1","Feel No Pain","Armaments","Pummel","Body Slam+1","Headbutt","Hemogenesis+1","Corruption+1","Burning Pact","Anger","Pommel Strike+1","Sentinel","Ghostly Armor","ReplayTheSpireMod:Muscle Training","Fire Breathing","Shockwave","Impervious","Master of Strategy+1","Sentinel","Run Through","Havoc+1","Inflame","Body Slam","Cleave","Inflame","Whirlwind+1","Demon Form","Body Slam+1","Madness+1","Madness","Whirlwind+1","Sword Boomerang","Body Slam","REME_SingleHolding+1","Dual Wield","Shrug It Off+1"],"relics":["Burning Blood","REME_ComplimentaryCards","Replay:Towering Pillar of Hats","Onion Ring","Meat on the Bone","Golden Idol","ReplayTheSpireMod:Lightbulb","Honey Jar","Replay:WaspNest","Orrery","Replay:Bottled Flurry","Simple Rune","Red Skull","Empty Cage","Replay:Baseball","Sling","Ginger","CeramicFish","Question Card","ReplayTheSpireMod:TigerMarble","REME_HourglassOfDeath"],"acts_visited":["Exordium","TheCity","TheBeyond","TheEnding"],"potions_floor_usage":[8,10,21,27,29,33,40,47,47,50,50,50],"damage_taken":[{"damage":10.0,"enemies":"Small Slimes","floor":1.0,"turns":4.0},{"damage":1.0,"enemies":"Cultist","floor":3.0,"turns":3.0},{"damage":0.0,"enemies":"Jaw Worm","floor":5.0,"turns":2.0},{"damage":2.0,"enemies":"Blue Slaver","floor":7.0,"turns":2.0},{"damage":0,"enemies":"3 Sentries","floor":8,"turns":1},{"damage":24,"enemies":"Lagavulin","floor":10,"turns":5},{"damage":10,"enemies":"3 Louse","floor":11,"turns":2},{"damage":0,"enemies":"Exordium Thugs","floor":12,"turns":2},{"damage":5,"enemies":"3 Sentries","floor":14,"turns":2},{"damage":38,"enemies":"Slime Boss","floor":16,"turns":9},{"damage":11,"enemies":"Spheric Guardian","floor":18,"turns":3},{"damage":14,"enemies":"Chosen","floor":19,"turns":6},{"damage":28,"enemies":"Centurion and Healer","floor":21,"turns":6},{"damage":14,"enemies":"Book of Stabbing","floor":23,"turns":3},{"damage":0,"enemies":"3 Cultists","floor":24,"turns":2},{"damage":33,"enemies":"Slavers","floor":27,"turns":4},{"damage":6,"enemies":"Snake Plant","floor":29,"turns":4},{"damage":11,"enemies":"Snecko","floor":30,"turns":3},{"damage":27,"enemies":"Centurion and Healer","floor":31,"turns":6},{"damage":9,"enemies":"Automaton","floor":33,"turns":7},{"damage":15,"enemies":"3 Shapes","floor":35,"turns":2},{"damage":19,"enemies":"3 Darklings","floor":39,"turns":3},{"damage":34,"enemies":"Reptomancer","floor":40,"turns":4},{"damage":25,"enemies":"4 Shapes","floor":42,"turns":3},{"damage":35,"enemies":"Giant Head","floor":46,"turns":6},{"damage":12,"enemies":"Transient","floor":47,"turns":5},{"damage":34,"enemies":"3 Darklings","floor":48,"turns":2},{"damage":72,"enemies":"Donu and Deca","floor":50,"turns":6},{"damage":34,"enemies":"Shield and Spear","floor":54,"turns":2},{"damage":145,"enemies":"The Heart","floor":55,"turns":6}],"seed_played":"-4405084472551722972","potions_obtained":[{"floor":3.0,"key":"Block Potion"},{"floor":7.0,"key":"DuplicationPotion"},{"floor":8,"key":"BloodPotion"},{"floor":11,"key":"Weak Potion"},{"floor":16,"key":"AttackPotion"},{"floor":19,"key":"BloodPotion"},{"floor":21,"key":"SpeedPotion"},{"floor":27,"key":"Block Potion"},{"floor":28,"key":"SkillPotion"},{"floor":29,"key":"Adrenaline Potion"},{"floor":30,"key":"Energy Potion"},{"floor":33,"key":"AttackPotion"},{"floor":40,"key":"Strength Potion"},{"floor":48,"key":"Regen Potion"}],"is_trial":false,"path_per_floor":["M","?","M","?","M","R","M","E","T","E","M","M","?","E","R","B",null,"M","M","?","M","$","E","M","R","T","E","?","M","M","M","R","B",null,"M","$","?","$","M","E","R","M","T","R","?","E","M","M","R","B",null,"R","$","E","B",null],"character_chosen":"IRONCLAD","items_purchased":["Sentinel","Orrery","Master of Strategy","Replay:Baseball","Sling","ReplayTheSpireMod:TigerMarble"],"campfire_rested":2,"item_purchase_floors":[22,22,22,36,38,53],"current_hp_per_floor":[52,41,46,46,52,52,56,62,62,60,56,62,42,55,55,46,72,75,72,72,74,74,66,72,72,72,57,37,48,51,56,56,53,73,64,64,54,54,53,37,61,62,62,62,62,56,50,34,58,27,67,67,67,51,75],"gold":188,"neow_bonus":"THREE_RARE_CARDS","is_daily":false,"chose_seed":false,"campfire_upgraded":5,"win_rate":0.0,"timestamp":1612451174,"path_taken":["M","?","M","?","M","R","M","E","T","E","M","?","?","E","R","BOSS","M","M","?","M","$","E","M","R","T","E","?","M","M","M","R","BOSS","M","$","?","$","M","E","R","M","T","R","?","E","?","M","R","BOSS","R","$","E","BOSS"],"items_purchased_type":["Card","Relic","Card","Relic","Relic","Relic"],"build_version":"2020-12-22","purchased_purges":1,"victory":true,"max_hp_per_floor":[80,80,80,80,80,80,80,80,80,80,80,80,80,80,80,80,80,80,80,80,80,80,80,80,80,80,80,80,80,80,80,80,80,80,80,80,80,80,80,80,80,80,80,80,80,80,80,80,80,80,80,80,80,80,80],"card_choices":[{"not_picked":["Offering","Bludgeon"],"picked":"Immolate","floor":0.0},{"not_picked":["Life Link","Rage"],"picked":"Sword Boomerang","floor":1.0},{"not_picked":["Wild Strike","Cleave"],"picked":"Shrug It Off","floor":3.0},{"not_picked":["Heavy Blade","Twin Strike"],"picked":"Feel No Pain","floor":5.0},{"not_picked":["Carnage","Clash","Ghostly Armor"],"picked":"SKIP","floor":7.0},{"not_picked":["Massacre","ReplayTheSpireMod:Limb From Limb"],"picked":"Armaments","floor":8},{"not_picked":["ReplayTheSpireMod:Strike From Hell","Rupture"],"picked":"Pummel","floor":10},{"not_picked":["Wild Strike","Headbutt"],"picked":"Body Slam","floor":11},{"not_picked":["ReplayTheSpireMod:Limb From Limb","ReplayTheSpireMod:Strike From Hell"],"picked":"Headbutt","floor":12},{"not_picked":["Armaments","Eclipse"],"picked":"Hemogenesis","floor":14},{"not_picked":["Hemogenesis","REME_ACTH"],"picked":"Corruption","floor":16},{"not_picked":["Heavy Blade","Clothesline+1","ReplayTheSpireMod:Strike From Hell"],"picked":"Burning Pact","floor":18},{"not_picked":["Replay:Undeath\u0027s Touch","Clash+1","Perfected Strike"],"picked":"Anger","floor":19},{"not_picked":["Reckless Charge+1","Clothesline","Shrug It Off"],"picked":"Pommel Strike+1","floor":21},{"not_picked":["Heavy Blade","Cleave","Juggernaut"],"picked":"Ghostly Armor","floor":22},{"not_picked":["Pommel Strike","Burning Pact","Perfected Strike"],"picked":"ReplayTheSpireMod:Muscle Training","floor":22},{"not_picked":["Rage","Anger+1","Power Through"],"picked":"Fire Breathing","floor":22},{"not_picked":["Searing Blow","REME_Scribble+1","Hemogenesis"],"picked":"Shockwave","floor":22},{"not_picked":["Reckless Charge","True Grit","Blood for Blood"],"picked":"Impervious","floor":22},{"not_picked":["Run Through+1","Sword Boomerang+1","ReplayTheSpireMod:Muscle Training"],"picked":"Sentinel","floor":23},{"not_picked":["Replay:Undeath\u0027s Touch","Clash","Perfected Strike+1"],"picked":"Run Through","floor":24},{"not_picked":["Disarm+1","Run Through","Feel No Pain"],"picked":"Havoc+1","floor":27},{"not_picked":["Cleave","Flex+1","Replay:Undeath\u0027s Touch"],"picked":"Inflame","floor":28},{"not_picked":["Replay:Undeath\u0027s Touch","Carnage+1","Power Through"],"picked":"Body Slam","floor":28},{"not_picked":["Iron Wave","Hemogenesis","Headbutt"],"picked":"Cleave","floor":29},{"not_picked":["Pommel Strike","Armaments","Combust"],"picked":"Inflame","floor":30},{"not_picked":["Clash","Headbutt","Cleave"],"picked":"Whirlwind+1","floor":31},{"not_picked":["Feed","Double Tap","Replay:Many Hands"],"picked":"Demon Form","floor":33},{"not_picked":["Warcry+1","Spot Weakness+1","Headbutt+1"],"picked":"Body Slam+1","floor":35},{"not_picked":["Searing Blow+1","Clash","ReplayTheSpireMod:Corrosion Curse+1"],"picked":"Whirlwind+1","floor":39},{"not_picked":["Replay:Undeath\u0027s Touch+1","True Grit","Havoc+1"],"picked":"Sword Boomerang","floor":40},{"not_picked":["Heavy Blade+1","Twin Strike","True Grit+1","Run Through"],"picked":"SKIP","floor":42},{"not_picked":["Iron Wave+1","Seeing Red+1","Heavy Blade+1"],"picked":"Body Slam","floor":46},{"not_picked":["Heavy Blade","Sword Boomerang","ReplayTheSpireMod:Corrosion Curse","Perfected Strike+1"],"picked":"REME_SingleHolding+1","floor":47},{"not_picked":["REME_Fury","Thunderclap","Wild Strike+1","Sentinel+1"],"picked":"Dual Wield","floor":48},{"not_picked":["REME_SingleHolding","Warcry","Spot Weakness","Anger"],"picked":"Shrug It Off+1","floor":54}],"player_experience":147663,"relics_obtained":[{"floor":8,"key":"Replay:Towering Pillar of Hats"},{"floor":9,"key":"Onion Ring"},{"floor":10,"key":"Meat on the Bone"},{"floor":14,"key":"ReplayTheSpireMod:Lightbulb"},{"floor":23,"key":"Replay:Bottled Flurry"},{"floor":27,"key":"Simple Rune"},{"floor":28,"key":"Red Skull"},{"floor":40,"key":"Ginger"},{"floor":43,"key":"CeramicFish"},{"floor":46,"key":"Question Card"},{"floor":54,"key":"REME_HourglassOfDeath"}],"event_choices":[{"damage_healed":0.0,"max_hp_gain":0.0,"max_hp_loss":0.0,"gold_gain":75.0,"event_name":"World of Goop","player_choice":"Gather Gold","floor":2.0,"gold_loss":0.0,"damage_taken":11.0},{"damage_healed":0.0,"max_hp_gain":0.0,"max_hp_loss":0.0,"gold_gain":0.0,"event_name":"Accursed Blacksmith","player_choice":"Forge","floor":4.0,"gold_loss":0.0,"damage_taken":0.0,"cards_upgraded":["Immolate"]},{"damage_healed":0,"gold_gain":0,"player_choice":"Take Damage","damage_taken":20,"relics_obtained":["Golden Idol"],"max_hp_gain":0,"max_hp_loss":0,"event_name":"Golden Idol","floor":13,"gold_loss":0},{"damage_healed":0,"gold_gain":0,"player_choice":"Embrace Madness","damage_taken":10,"max_hp_gain":0,"max_hp_loss":0,"event_name":"Winding Halls","floor":37,"gold_loss":0,"cards_obtained":["Madness","Madness"]},{"cards_removed":["Strike_R"],"damage_healed":0,"gold_gain":0,"player_choice":"Upgrade and Remove","damage_taken":0,"max_hp_gain":0,"max_hp_loss":0,"event_name":"Designer","floor":45,"gold_loss":90,"cards_upgraded":["Master of Strategy"]}],"is_beta":false,"boss_relics":[{"not_picked":["ChewingGum","Pandora\u0027s Box"],"picked":"Honey Jar"},{"not_picked":["Abe\u0027s Treasure","Velvet Choker"],"picked":"Empty Cage"}],"items_purged_floors":[22],"is_endless":false,"potions_floor_spawned":[3,7,8,11,16,19,21,27,29,30,33,40,42,48],"ascension_level":5}}