{"host":"23qk1co0p3p8qz56","time":1612426909,"event":{"mods":["AchievementEnabler","Act Like it!","Arknights","BaseMod","Better Note","Better Third Choice","BetterRewards","CapriCore","Lobotomy","LobotomyExtend","MarisaÅiñ∂âJÅ@ñÇóùçπÅj","Minty Spire (QoL Compilation)","StSLib","The Animator","The Senshi","Waifu the Spire"],"gold_per_floor":[112,112,77,95,95,126,126,140,140,168,178,68,68,88,88,88,88],"floor_reached":16,"language":"ENG","playtime":910,"items_purged":["Decay"],"score":135,"play_id":"bc308c28-39a8-45fe-b19d-768eca2e4734","local_time":"20210204012149","is_ascension_mode":false,"campfire_choices":[{"data":"PropBag","floor":7,"key":"SMITH"},{"floor":13,"key":"RECALL"},{"floor":15,"key":"REST"}],"circlet_count":0,"master_deck":["Strike_MRS","Strike_MRS","Strike_MRS","Strike_MRS","Defend_MRS","Defend_MRS","Defend_MRS","Defend_MRS","MasterSpark","UpSweep","GalacticHalo","PropBag+1","GrandCross","OpenUniverse","GravityBeat","JA","ShootingEcho","Singularity","DC"],"relics":["MiniHakkero","NeowsBlessing","LetterFromLob","Ginger","Bottled Flame","Gremlin Horn"],"acts_visited":["Exordium"],"potions_floor_usage":[],"damage_taken":[{"damage":0,"enemies":"Jaw Worm","floor":1,"turns":1},{"damage":0,"enemies":"Small Slimes","floor":4,"turns":1},{"damage":0,"enemies":"3 Sentries","floor":6,"turns":2},{"damage":8,"enemies":"Cultist","floor":8,"turns":3},{"damage":16,"enemies":"Gremlin Nob","floor":10,"turns":3},{"damage":11,"enemies":"3 Louse","floor":11,"turns":2},{"damage":13,"enemies":"Exordium Wildlife","floor":14,"turns":3},{"damage":32,"enemies":"Hexaghost","floor":16,"turns":3}],"seed_played":"-5718461026197035880","potions_obtained":[{"floor":6,"key":"SteroidPotion"},{"floor":8,"key":"Energy Potion"},{"floor":10,"key":"EssenceOfSteel"}],"is_trial":false,"path_per_floor":["M","?","$","M","?","E","R","M","T","E","M","$","R","M","R","B"],"character_chosen":"MARISA","items_purchased":["PropBag","Singularity"],"campfire_rested":1,"item_purchase_floors":[3,12],"current_hp_per_floor":[75,75,75,75,75,75,75,67,67,51,40,40,40,27,49,17,17],"gold":88,"neow_bonus":"THREE_ENEMY_KILL","is_daily":false,"chose_seed":false,"campfire_upgraded":1,"win_rate":0.0,"timestamp":1612426909,"path_taken":["M","?","$","M","?","E","R","M","T","E","?","$","R","M","R","BOSS"],"items_purchased_type":["Card","Card"],"build_version":"2020-12-22","purchased_purges":1,"victory":false,"max_hp_per_floor":[75,75,75,75,75,75,75,75,75,75,75,75,75,75,75,75,75],"card_choices":[{"not_picked":["MysteriousBeam","GravityBeat"],"picked":"GalacticHalo","floor":1},{"not_picked":["DeepEcoloBomb","StarlightTyphoon"],"picked":"GrandCross","floor":4},{"not_picked":["MachineGunSpark","JA"],"picked":"OpenUniverse","floor":6},{"not_picked":["BlazeAway","MysteriousBeam"],"picked":"GravityBeat","floor":8},{"not_picked":["MysteriousBeam","DoubleSpark"],"picked":"JA","floor":10},{"not_picked":["Acceleration","GravityBeat"],"picked":"ShootingEcho","floor":11},{"not_picked":["RefractionSpark","UnstableBomb"],"picked":"DC","floor":14}],"player_experience":2888,"relics_obtained":[{"floor":1,"key":"LetterFromLob"},{"floor":6,"key":"Ginger"},{"floor":10,"key":"Bottled Flame"}],"event_choices":[{"damage_healed":0,"gold_gain":0,"player_choice":"Ignored","damage_taken":112,"max_hp_gain":0,"max_hp_loss":0,"event_name":"betterThird:BetterSerpent","floor":2,"gold_loss":0},{"damage_healed":0,"gold_gain":0,"player_choice":"Cursed","damage_taken":0,"max_hp_gain":0,"max_hp_loss":0,"event_name":"Wheel of Change","floor":5,"gold_loss":0,"cards_obtained":["Decay"]}],"is_beta":false,"boss_relics":[],"items_purged_floors":[12],"is_endless":false,"potions_floor_spawned":[6,8,10],"killed_by":"Hexaghost","ascension_level":0}}