{"host":"3qkmyeoym75lj4wn","time":1612404460,"event":{"mods":["2.2 Compatiblity","Act Like it!","BaseMod","Bestiary","Block Reminder","Colored Powertips","Highlight Path","Minty Spire (QoL Compilation)","Permanent Neow","Rare Cards Sparkle","Relic Stats","StSLib"],"gold_per_floor":[110,260,274,140,140,140,173,189,214,244,244,244,275,4,4,82,82,94,105,105,115,125,125,153,153,153,168,193,193,208,208,208,282,282,294,45,45,56,0,0,28,28,52,52,52,52,83,33,33,33,33],"floor_reached":50,"language":"ENG","playtime":1650,"items_purged":["Doubt","Strike_B","Writhe"],"score":1114,"play_id":"4cde343f-425f-4138-9685-f39e4f5f15f5","local_time":"20210204020740","is_ascension_mode":true,"campfire_choices":[{"data":"Consume","floor":6.0,"key":"SMITH"},{"data":"Zap","floor":11.0,"key":"SMITH"},{"data":"Defragment","floor":15.0,"key":"SMITH"},{"data":"Loop","floor":23.0,"key":"SMITH"},{"data":"Fission","floor":25.0,"key":"SMITH"},{"data":"Defragment","floor":29.0,"key":"SMITH"},{"data":"Go for the Eyes","floor":32.0,"key":"SMITH"},{"data":"Defragment","floor":40.0,"key":"SMITH"},{"floor":42.0,"key":"RECALL"},{"floor":45,"key":"REST"},{"data":"Biased Cognition","floor":49,"key":"SMITH"}],"circlet_count":0,"master_deck":["AscendersBane","Strike_B","Strike_B","Defend_B","Defend_B","Defend_B","Defend_B","Zap+1","Dualcast","Loop+1","Consume+1","Cold Snap","Conserve Battery","All For One","Defragment+1","Go for the Eyes+1","Fission+1","CurseOfTheBell","Chill","Ball Lightning","Coolheaded+1","Genetic Algorithm","Defragment+1","Biased Cognition+1","Defragment+1"],"relics":["Cracked Core","NeowsBlessing","Smiling Mask","Vajra","Cables","Orichalcum","Akabeko","Calling Bell","Pen Nib","StrikeDummy","Dead Branch","Shuriken","Anchor","Potion Belt","Nuclear Battery","Frozen Eye","Red Mask","MealTicket","Girya"],"acts_visited":["Exordium","TheCity","TheBeyond"],"potions_floor_usage":[],"damage_taken":[{"damage":0.0,"enemies":"Small Slimes","floor":1.0,"turns":1.0},{"damage":0.0,"enemies":"2 Louse","floor":3.0,"turns":1.0},{"damage":0.0,"enemies":"Lagavulin","floor":7.0,"turns":1.0},{"damage":7.0,"enemies":"Jaw Worm","floor":8.0,"turns":4.0},{"damage":11.0,"enemies":"Gremlin Nob","floor":10.0,"turns":3.0},{"damage":10.0,"enemies":"Lagavulin","floor":13.0,"turns":7.0},{"damage":8.0,"enemies":"Hexaghost","floor":16.0,"turns":9.0},{"damage":4.0,"enemies":"Shell Parasite","floor":18.0,"turns":7.0},{"damage":0.0,"enemies":"Chosen","floor":19.0,"turns":3.0},{"damage":0.0,"enemies":"Snake Plant","floor":21.0,"turns":2.0},{"damage":0.0,"enemies":"Snecko","floor":22.0,"turns":3.0},{"damage":6.0,"enemies":"Gremlin Leader","floor":24.0,"turns":5.0},{"damage":5.0,"enemies":"Cultist and Chosen","floor":27.0,"turns":6.0},{"damage":0.0,"enemies":"Snake Plant","floor":30.0,"turns":2.0},{"damage":15.0,"enemies":"Collector","floor":33.0,"turns":7.0},{"damage":1.0,"enemies":"3 Darklings","floor":35.0,"turns":5.0},{"damage":16.0,"enemies":"3 Shapes","floor":38.0,"turns":5.0},{"damage":15.0,"enemies":"Nemesis","floor":41.0,"turns":7.0},{"damage":16,"enemies":"Giant Head","floor":47,"turns":13},{"damage":67,"enemies":"Awakened One","floor":50,"turns":18}],"seed_played":"7071505514927054678","potions_obtained":[{"floor":1.0,"key":"Strength Potion"},{"floor":8.0,"key":"FocusPotion"},{"floor":13.0,"key":"Fire Potion"},{"floor":21.0,"key":"LiquidMemories"},{"floor":27.0,"key":"BlessingOfTheForge"},{"floor":33.0,"key":"Swift Potion"},{"floor":47,"key":"DuplicationPotion"}],"is_trial":false,"path_per_floor":["M","?","M","$","?","R","E","M","T","E","R","?","E","$","R","B",null,"M","M","?","M","M","R","E","R","T","M","T","R","M","?","R","B",null,"M","$","?","M","?","R","E","R","T","?","R","?","E","$","R","B"],"character_chosen":"DEFECT","items_purchased":["Cold Snap","Go for the Eyes","Akabeko","Defragment","Frozen Eye"],"campfire_rested":1,"item_purchase_floors":[4,14,14,36,36],"current_hp_per_floor":[64,64,64,64,57,57,57,50,50,39,39,39,29,29,29,21,59,55,55,55,55,55,55,49,49,49,44,44,44,44,44,44,29,61,60,60,60,44,44,44,29,29,29,29,50,64,48,63,63,0,0],"gold":33,"neow_bonus":"THREE_ENEMY_KILL","is_daily":false,"chose_seed":false,"campfire_upgraded":9,"win_rate":0.0,"timestamp":1612404460,"path_taken":["M","?","M","$","?","R","E","M","T","E","R","?","E","$","R","BOSS","M","M","?","M","M","R","E","R","T","M","?","R","?","?","R","BOSS","M","$","?","M","?","R","E","R","T","?","R","?","E","$","R","BOSS"],"items_purchased_type":["Card","Card","Relic","Card","Relic"],"build_version":"2020-12-22","purchased_purges":3,"victory":false,"max_hp_per_floor":[71,71,71,71,71,71,71,71,71,71,71,71,71,71,71,71,71,71,71,71,71,71,71,71,71,71,71,71,71,71,71,71,71,71,71,71,71,71,71,71,71,71,71,71,71,71,71,71,71,71,71],"relic_stats":{"counters":[20,108],"Shuriken":[12],"Dead Branch":[52],"MealTicket":15,"Pen Nib":[13],"Orichalcum":[72],"Smiling Mask":125,"obtain_stats":[{"Potion Belt":28,"Girya":47,"NeowsBlessing":0,"Dead Branch":17,"Vajra":9,"Pen Nib":17,"Orichalcum":13,"Smiling Mask":7,"Akabeko":14,"Cables":10,"Nuclear Battery":34,"Calling Bell":17,"Frozen Eye":36,"Anchor":26,"Shuriken":24,"MealTicket":41,"Red Mask":39,"Cracked Core":0,"StrikeDummy":17},{"Potion Belt":13,"Girya":19,"NeowsBlessing":0,"Dead Branch":7,"Vajra":4,"Pen Nib":7,"Orichalcum":6,"Smiling Mask":3,"Akabeko":6,"Cables":5,"Nuclear Battery":15,"Calling Bell":7,"Frozen Eye":16,"Anchor":12,"Shuriken":12,"MealTicket":18,"Red Mask":17,"Cracked Core":0,"StrikeDummy":7},{"Potion Belt":52,"Girya":90,"NeowsBlessing":0,"Dead Branch":26,"Vajra":7,"Pen Nib":26,"Orichalcum":17,"Smiling Mask":3,"Akabeko":17,"Cables":10,"Nuclear Battery":61,"Calling Bell":26,"Frozen Eye":66,"Anchor":46,"Shuriken":46,"MealTicket":77,"Red Mask":70,"Cracked Core":0,"StrikeDummy":26}],"Cables":[87,41,40,1,5]},"card_choices":[{"not_picked":["Leap","Turbo"],"picked":"Loop","floor":1.0},{"not_picked":["Beam Cell","FTL"],"picked":"Consume","floor":3.0},{"not_picked":["Hello World","Gash"],"picked":"Conserve Battery","floor":7.0},{"not_picked":["Recycle","Compile Driver","Scrape"],"picked":"SKIP","floor":8.0},{"not_picked":["Steam Power","Hologram"],"picked":"All For One","floor":10.0},{"not_picked":["Sweeping Beam","Go for the Eyes"],"picked":"Defragment","floor":13.0},{"not_picked":["Thunder Strike","Buffer"],"picked":"Fission","floor":16.0},{"not_picked":["Leap","Redo"],"picked":"Chill","floor":18.0},{"not_picked":["Leap","Reinforced Body","Compile Driver"],"picked":"SKIP","floor":19.0},{"not_picked":["Hello World","Turbo"],"picked":"Coolheaded+1","floor":21.0},{"not_picked":["Barrage","BootSequence"],"picked":"Genetic Algorithm","floor":22.0},{"not_picked":["Steam","Core Surge"],"picked":"Defragment","floor":24.0},{"not_picked":["Blizzard","Redo+1","Leap"],"picked":"SKIP","floor":27.0},{"not_picked":["Go for the Eyes","Melter","Sweeping Beam"],"picked":"SKIP","floor":30.0},{"not_picked":["Reboot","Echo Form"],"picked":"Biased Cognition","floor":33.0},{"not_picked":["Self Repair","Hologram","Skim+1"],"picked":"SKIP","floor":35.0},{"not_picked":["Turbo+1","Go for the Eyes+1","Skim"],"picked":"SKIP","floor":38.0},{"not_picked":["Rebound+1","Echo Form","FTL"],"picked":"SKIP","floor":41.0},{"not_picked":["Stack","Beam Cell","Cold Snap"],"picked":"SKIP","floor":47}],"player_experience":1725829,"relics_obtained":[{"floor":7.0,"key":"Smiling Mask"},{"floor":9.0,"key":"Vajra"},{"floor":10.0,"key":"Cables"},{"floor":13.0,"key":"Orichalcum"},{"floor":17.0,"key":"Pen Nib"},{"floor":17.0,"key":"StrikeDummy"},{"floor":17.0,"key":"Dead Branch"},{"floor":24.0,"key":"Shuriken"},{"floor":26.0,"key":"Anchor"},{"floor":28.0,"key":"Potion Belt"},{"floor":41.0,"key":"MealTicket"},{"floor":47,"key":"Girya"}],"event_choices":[{"damage_healed":0.0,"max_hp_gain":0.0,"max_hp_loss":0.0,"gold_gain":150.0,"event_name":"Liars Game","player_choice":"AGREE","floor":2.0,"gold_loss":0.0,"damage_taken":0.0,"cards_obtained":["Doubt"]},{"cards_removed":["Strike_B"],"damage_healed":0.0,"max_hp_gain":0.0,"max_hp_loss":0.0,"gold_gain":0.0,"event_name":"Golden Wing","player_choice":"Card Removal","floor":5.0,"gold_loss":0.0,"damage_taken":7.0},{"damage_healed":0.0,"max_hp_gain":0.0,"max_hp_loss":0.0,"gold_gain":0.0,"event_name":"Shining Light","player_choice":"Ignored","floor":12.0,"gold_loss":0.0,"damage_taken":0.0},{"damage_healed":0.0,"max_hp_gain":0.0,"max_hp_loss":0.0,"gold_gain":0.0,"event_name":"The Library","player_choice":"Read","floor":20.0,"gold_loss":0.0,"damage_taken":0.0,"cards_obtained":["Ball Lightning"]},{"damage_healed":0.0,"max_hp_gain":0.0,"max_hp_loss":0.0,"gold_gain":0.0,"event_name":"Beggar","player_choice":"Ignored","floor":31.0,"gold_loss":0.0,"damage_taken":0.0},{"damage_healed":0.0,"max_hp_gain":0.0,"max_hp_loss":0.0,"gold_gain":0.0,"event_name":"SensoryStone","player_choice":"Memory 1","floor":37.0,"gold_loss":0.0,"damage_taken":0.0},{"damage_healed":0.0,"max_hp_gain":0.0,"max_hp_loss":0.0,"gold_gain":0.0,"event_name":"Tomb of Lord Red Mask","player_choice":"Paid","floor":39.0,"gold_loss":56.0,"damage_taken":0.0,"relics_obtained":["Red Mask"]},{"damage_healed":0,"gold_gain":0,"player_choice":"Ignored","damage_taken":0,"max_hp_gain":0,"max_hp_loss":0,"event_name":"Mysterious Sphere","floor":44,"gold_loss":0},{"damage_healed":14,"gold_gain":0,"player_choice":"Writhe","damage_taken":0,"max_hp_gain":0,"max_hp_loss":0,"event_name":"Winding Halls","floor":46,"gold_loss":0,"cards_obtained":["Writhe"]}],"is_beta":false,"boss_relics":[{"not_picked":["Runic Dome","Tiny House"],"picked":"Calling Bell"},{"not_picked":["Coffee Dripper","Sozu"],"picked":"Nuclear Battery"}],"items_purged_floors":[4,14,48],"is_endless":false,"potions_floor_spawned":[1,8,13,16,19,21,27,33,47],"killed_by":"Awakened One","ascension_level":20}}