{"host":"qmnyg5dk1o6rw6mz","time":1612469343,"event":{"mods":["2.2 Compatiblity","AchievementEnabler","Act Like it!","Aspiration","Astrologer","BaseMod","Beaked The Cultist","Better Altar","Better Match","Better Note","Better Sensory Stone","Better Skull","Better Third Choice","Better Vampires","Block Reminder","CapriCore","Challenge The Spire","ChefMod","Colored Map","Colored Powertips","Conspire","Defuse TimeMaze Blight","Disable Question Mark Monsters","Displayed Cursed Tome","Downfall","Energized Spire","Gensokyo","GifTheSpireLib","Hermit","Highlight Path","Hubris","Infinite Spire","Jedi Mod","Marisa¡]Ãú«B¡@Å]²z¨F¡^","Minty Spire (QoL Compilation)","Monster B Gone","Pale of the Ancients","Permanent Neow","Quick Restart","Reimu¡]³Õ???¡^","Relic Filter","Relic Sorter","Reliquary","Replay The Spire","Shop Mod","Spicy Shops","StSLib","Stuff the Spire","Synergy Search","The Blue Laboratory","The Construct","The Cursed","The Disciple","The Dragon Tamer","The Gatherer","The Hierophant","The Poker Player","The Runesmith","The Showman","Unceasing Turn Reminder","Wide Potions","thorton"],"gold_per_floor":[99,32,32,32,32,132,158,158,178,212,112,122,122,135,148,244,244,144,161,161,161,161,192,192,224,236,262,272,91,91,102,118,218,218,218,238,238,238,238,238,238,256,156,39,39,39,39,59,72,72,72,107,14,14,14,14,14,14],"floor_reached":56,"language":"ENG","playtime":3363,"items_purged":["Guardian:Strike_Guardian","Guardian:Strike_Guardian","Guardian:Strike_Guardian","Guardian:Defend_Guardian"],"score":626,"play_id":"07f25c47-d6c5-4212-836e-a06bbb7514ff","local_time":"20210205040903","is_ascension_mode":false,"campfire_choices":[{"floor":1,"key":"DIG"},{"data":"Guardian:CurlUp","floor":8,"key":"SMITH"},{"floor":11,"key":"RECALL"},{"data":"Guardian:SphericShield","floor":18,"key":"SMITH"},{"data":"infinitespire:Starlight","floor":30,"key":"SMITH"},{"data":"Guardian:Harden","floor":35,"key":"SMITH"},{"data":"StuffTheSpire:BrainWave","floor":40,"key":"SMITH"},{"data":"Guardian:Emergency","floor":43,"key":"SMITH"},{"data":"Guardian:StasisField","floor":46,"key":"SMITH"},{"floor":54,"key":"REST"}],"circlet_count":0,"master_deck":["Guardian:Strike_Guardian","Guardian:Defend_Guardian","Guardian:Defend_Guardian","Guardian:Defend_Guardian","Guardian:CurlUp+1","Guardian:TwinSlam+1","Guardian:PrimingBeam","Guardian:PrimingBeam","Guardian:PiercingHide","Guardian:SentryBeam+1","Guardian:GuardianWhirl+1","Guardian:PiercingHide","Guardian:SphericShield+1","Guardian:Incinerate+1","Guardian:ShieldCharger+1","Guardian:Suspension+1","infinitespire:Starlight+1","Guardian:PrimingBeam+1","Guardian:FierceBash+1","Guardian:PiercingHide+1","Guardian:Harden+1","Guardian:StasisStrike+1","Guardian:Emergency+1","StuffTheSpire:BrainWave+1","Guardian:TimeBomb+1","Guardian:StasisField+1","Guardian:EvasiveProtocol+1","Parasite","Guardian:Emergency+1","Guardian:ArmoredProtocol"],"relics":["Guardian:ModeShifter","downfall:HeartsMalice","Pet Ghost","Potion Belt","reliquary:Knoch","CaptainsWheel","downfall:HeartBlessingGreen","conspire:SpecialSausage","downfall:HeartBlessingRed","infinitespire:Beetle Shell","hubris:SlimyHat","infinitespire:Satchel","reliquary:RedPaperclip","infinitespire:Eraser","downfall:HeartBlessingBlue","BargainBundle","infinitespire:Broken Mirror","jedi:heavyjacket","jedi:ominousloannote","ReplayTheSpireMod:Lightbulb"],"acts_visited":["Exordium","TheCity","TheBeyond","TheEnding"],"potions_floor_usage":[15,23,25,27,29,33,52,52,55,55],"damage_taken":[{"damage":0,"enemies":"downfall:FleeingMerchant","floor":2,"turns":1},{"damage":0,"enemies":"Cultist","floor":5,"turns":1},{"damage":0,"enemies":"downfall:LadyInBlue","floor":6,"turns":1},{"damage":0,"enemies":"conspire:RoseBush","floor":9,"turns":3},{"damage":15,"enemies":"3 Sentries","floor":10,"turns":9},{"damage":0,"enemies":"Small Slimes","floor":12,"turns":3},{"damage":0,"enemies":"Blue Slaver","floor":14,"turns":4},{"damage":0,"enemies":"Gremlin Gang","floor":15,"turns":2},{"damage":15,"enemies":"SI_SHIV_ARCHETYPE","floor":16,"turns":12},{"damage":14,"enemies":"Shell Parasite","floor":19,"turns":7},{"damage":7,"enemies":"Book of Stabbing","floor":23,"turns":6},{"damage":0,"enemies":"conspire:SneckoGhost","floor":25,"turns":5},{"damage":5,"enemies":"Snake Plant","floor":26,"turns":5},{"damage":1,"enemies":"Nightmare","floor":27,"turns":8},{"damage":1,"enemies":"Shelled Parasite and Fungi","floor":28,"turns":6},{"damage":0,"enemies":"downfall:FleeingMerchant","floor":29,"turns":5},{"damage":0,"enemies":"Sentry and Sphere","floor":31,"turns":6},{"damage":0,"enemies":"conspire:HollyBat","floor":32,"turns":7},{"damage":40,"enemies":"WA_ARCHETYPE_CALM","floor":33,"turns":9},{"damage":3,"enemies":"3 Shapes","floor":36,"turns":4},{"damage":10,"enemies":"Orb Walker","floor":42,"turns":2},{"damage":0,"enemies":"downfall:FleeingMerchant","floor":44,"turns":4},{"damage":2,"enemies":"Writhing Mass","floor":48,"turns":8},{"damage":14,"enemies":"Maw","floor":49,"turns":9},{"damage":0,"enemies":"DF_ARCHETYPE_ORBS","floor":50,"turns":1},{"damage":86,"enemies":"downfall:CharBossMerchant","floor":52,"turns":10},{"damage":44,"enemies":"downfall:NeowBoss","floor":55,"turns":19},{"damage":108,"enemies":"downfall:NeowBossFinal","floor":56,"turns":11}],"seed_played":"5129611477664095113","potions_obtained":[{"floor":6,"key":"Flashbang"},{"floor":6,"key":"Regen Potion"},{"floor":6,"key":"blueLaboratory:ForbiddenFruitJuice"},{"floor":6,"key":"LiquidMemories"},{"floor":10,"key":"Toxic Potion"},{"floor":15,"key":"Elixir"},{"floor":25,"key":"hexamod:SoulburnPotion"},{"floor":27,"key":"blueLaboratory:BottledHope"},{"floor":28,"key":"SpeedPotion"},{"floor":31,"key":"blueLaboratory:BottleOfRum"},{"floor":33,"key":"Block Potion"}],"is_trial":false,"path_per_floor":["R_BF","$","?","?","M","?","T","R","M","E","R","M","?","M","M","B",null,"R","M","?","?","?","E","T","E","M","NM","M","$","R","M","M","B",null,"R","M","?","?","AVR","R","T","M","R","$","T","R","?","M","M","B",null,"E","$","R","B","B"],"character_chosen":"GUARDIAN","items_purchased":["Guardian:PrimingBeam","Guardian:Gem_Crimson","BargainBundle","Guardian:EvasiveProtocol+1","Guardian:Gem_Green","jedi:ominousloannote","Guardian:ArmoredProtocol","Guardian:Gem_Crimson","ReplayTheSpireMod:Lightbulb"],"campfire_rested":1,"item_purchase_floors":[2,29,44,44,44,53,53,53,53],"current_hp_per_floor":[80,80,80,80,80,80,80,80,80,65,65,65,65,65,65,50,80,80,66,66,17,17,25,25,25,20,19,28,38,38,53,68,40,80,80,77,58,58,58,58,58,62,72,82,82,82,82,82,77,77,82,11,11,35,72,0,0,0],"gold":14,"neow_bonus":"THREE_ENEMY_KILL","is_daily":false,"chose_seed":false,"campfire_upgraded":7,"win_rate":0.0,"timestamp":1612469343,"path_taken":["R_BF","?","?","?","?","?","T","R","M","E","R","?","?","M","M","BOSS","R","M","?","?","?","E","T","E","M","NM","M","$","R","M","M","BOSS","R","M","?","?","AVR","R","T","M","R","?","?","R","?","?","M","BOSS","E","$","R","BOSS","BOSS"],"items_purchased_type":["Card","Card","Relic","Card","Card","Relic","Card","Card","Relic"],"build_version":"2020-12-22","purchased_purges":4,"victory":false,"max_hp_per_floor":[80,80,80,80,80,80,80,80,80,80,80,80,80,80,80,80,80,80,80,80,80,80,80,80,80,80,80,80,80,80,80,80,80,80,80,80,80,72,72,72,72,72,82,82,82,82,82,82,82,82,82,82,82,82,72,72,72,72],"card_choices":[{"not_picked":["Guardian:TimeCapacitor","Guardian:Suspension"],"picked":"Guardian:PrimingBeam","floor":2},{"not_picked":["Guardian:VentSteam","Guardian:Suspension","Guardian:TemporalShield"],"picked":"SKIP","floor":5},{"not_picked":["Guardian:CrystalBeam+1","Guardian:Orbwalk"],"picked":"Guardian:PiercingHide","floor":6},{"not_picked":["Guardian:Gem_Fragmented","Guardian:CrystalBeam+1"],"picked":"Guardian:SentryBeam+1","floor":9},{"not_picked":["Guardian:BodySlam+1","Guardian:TimeSifter"],"picked":"Guardian:GuardianWhirl+1","floor":10},{"not_picked":["Guardian:Gem_Green","Guardian:CrystalBeam+1"],"picked":"Guardian:PiercingHide","floor":12},{"not_picked":["Guardian:PolyBeam+1","Guardian:TemporalShield","Guardian:RefractedBeam+1"],"picked":"SKIP","floor":14},{"not_picked":["Guardian:BronzeOrb+1","Guardian:Incinerate+1"],"picked":"Guardian:Gem_Yellow","floor":15},{"not_picked":["Guardian:CompilePackage","Guardian:ConstructionForm"],"picked":"Guardian:SphericShield","floor":16},{"not_picked":["Guardian:Suspension","Guardian:Gem_Cyan"],"picked":"Guardian:Incinerate+1","floor":19},{"not_picked":["Guardian:TemporalStrike+1","Guardian:DonusPower+1"],"picked":"Guardian:ShieldCharger+1","floor":23},{"not_picked":["Guardian:ChargeUp","Guardian:PiercingHide"],"picked":"Guardian:Suspension+1","floor":25},{"not_picked":["Guardian:Gem_Cyan","Guardian:CrystalBeam+1","Guardian:TemporalStrike+1"],"picked":"SKIP","floor":26},{"not_picked":["infinitespire:DeathsTouch","Replay:Fractal Strike"],"picked":"infinitespire:Starlight","floor":27},{"not_picked":["Guardian:Gem_Green","Guardian:Gem_Red"],"picked":"Guardian:PrimingBeam+1","floor":27},{"not_picked":["Guardian:Harden","Guardian:BaubleBeam+1"],"picked":"Guardian:Gem_White","floor":28},{"not_picked":["Guardian:FastForward","Guardian:Planning"],"picked":"Guardian:FierceBash+1","floor":29},{"not_picked":["Guardian:CrystalBeam+1","Guardian:Gem_Cyan"],"picked":"Guardian:PiercingHide+1","floor":31},{"not_picked":["Guardian:Clone","Guardian:Gem_Fragmented"],"picked":"Guardian:Harden","floor":32},{"not_picked":["Guardian:Gem_Synthetic","Guardian:FastForward"],"picked":"Guardian:StasisStrike+1","floor":33},{"not_picked":["Guardian:WalkerClaw","Guardian:PolyBeam"],"picked":"Guardian:Emergency","floor":36},{"not_picked":["infinitespire:Oblivion","infinitespire:Menacing"],"picked":"infinitespire:SealOfDarkness+","floor":37},{"not_picked":["Guardian:RollAttack","Guardian:PiercingHide+1"],"picked":"Guardian:TimeBomb+1","floor":42},{"not_picked":["Guardian:PiercingHide+1","Guardian:Suspension+1"],"picked":"Guardian:StasisField","floor":44},{"not_picked":["Guardian:Repulse+1","Guardian:Reroute+1"],"picked":"Guardian:Gem_White","floor":48},{"not_picked":["Guardian:TemporalShield","Guardian:ChargeUp"],"picked":"Guardian:Emergency+1","floor":49},{"not_picked":["Guardian:DecasProtection","Guardian:Incinerate"],"picked":"Guardian:Gem_Blue","floor":52}],"player_experience":243390,"relics_obtained":[{"floor":1,"key":"Pet Ghost"},{"floor":6,"key":"Potion Belt"},{"floor":7,"key":"reliquary:Knoch"},{"floor":10,"key":"CaptainsWheel"},{"floor":23,"key":"infinitespire:Beetle Shell"},{"floor":24,"key":"Mirror"},{"floor":25,"key":"hubris:SlimyHat"},{"floor":27,"key":"infinitespire:Satchel"},{"floor":45,"key":"infinitespire:Broken Mirror"},{"floor":52,"key":"jedi:heavyjacket"}],"event_choices":[{"damage_healed":0,"gold_gain":0,"player_choice":"Ignored","damage_taken":0,"max_hp_gain":0,"max_hp_loss":0,"event_name":"betterNote:BetterNote","floor":4,"gold_loss":0,"cards_obtained":["StuffTheSpire:Innocence"]}],"is_beta":false,"boss_relics":[{"not_picked":["jedi:paperlyon","Runic Pyramid"],"picked":"conspire:SpecialSausage"},{"not_picked":["hubris:BlackHole","StuffTheSpire:ModemDavis"],"picked":"reliquary:RedPaperclip"}],"items_purged_floors":[29,39,44,53],"is_endless":false,"potions_floor_spawned":[6,10,15,16,25,27,28,31,33,36],"killed_by":"downfall:NeowBossFinal","ascension_level":0}}