{"host":"dth8fvkfiulu86fi","time":1612440701,"event":{"mods":["2.2 Compatiblity","AchievementEnabler","BaseMod","Better Third Choice","Colored Map","Colored Powertips","Minty Spire (QoL Compilation)","Rare Cards Sparkle","StSLib","SuperFastMode","Synergy Search"],"gold_per_floor":[144,189,234,234,279,324,48,138,138,183,228,273,318,18,18,318,318,363,408,39,39,84,174,174,264,314,314,359,404,449,494,494,794,794,839,884,180,180,4,94,94,139,139,17,107,107,152,197,197,197],"floor_reached":51,"language":"ENG","playtime":1678,"items_purged":[],"score":1057,"play_id":"defc415f-af06-4ea6-9b73-3eaeda16fdf1","local_time":"20210204131141","daily_mods":["Insanity","Red Cards","Midas"],"is_ascension_mode":false,"campfire_choices":[{"floor":15,"key":"REST"},{"floor":24,"key":"REST"},{"floor":27,"key":"REST"},{"floor":32,"key":"REST"},{"floor":49,"key":"REST"}],"circlet_count":0,"master_deck":["Stack","Flex","Shrug It Off","Fire Breathing","Rip and Tear","Havoc","Bloodletting","Disarm","Anger","Flex+1","Barrage","Warcry","Barrage","Go for the Eyes","Hello World","Dual Wield","Steam","Leap","Blood for Blood","Warcry","Metallicize","Shrug It Off","Flame Barrier","Shrug It Off","Reckless Charge+1","Conserve Battery","Clothesline","Clothesline","Barrage","Wild Strike","Genetic Algorithm","Shrug It Off","Hologram","Cleave+1","Cold Snap","Force Field","Loop","Scrape","Undo","Chaos","Chaos","Warcry","Gash","Ball Lightning","Heavy Blade","Tempest","Clash","Double Energy","Warcry","Havoc","Heavy Blade","Stack","Leap","Gash+1","Limit Break","Heavy Blade+1","Bludgeon+1","Flex","Mind Blast+1","Anger+1","Mind Blast+1","Anger+1","Beam Cell+1","Havoc+1","Turbo","Coolheaded+1","Perfected Strike+1","Go for the Eyes+1","Immolate+1","Thunderclap+1","Heavy Blade+1","Mind Blast+1","Sunder+1","Thunderclap+1","BootSequence","Defragment","Secret Weapon","Blood for Blood+1","Impervious","Lockon+1","Power Through+1","Anger+1","Clash+1","Coolheaded","Shrug It Off","Conserve Battery+1","Flex+1","Perfected Strike+1"],"relics":["Cracked Core","Molten Egg 2","Gremlin Horn","Cables","HandDrill","Whetstone","Philosopher\u0027s Stone","Shuriken","Orichalcum","Happy Flower","Bronze Scales","Nuclear Battery","Anchor","Ornamental Fan","InkBottle","The Courier"],"acts_visited":["Exordium","TheCity","TheBeyond"],"potions_floor_usage":[6,10,10,10,10,10,16,16,18,25,25,31,33,50,50,50],"damage_taken":[{"damage":0,"enemies":"Small Slimes","floor":1,"turns":2},{"damage":4,"enemies":"Cultist","floor":2,"turns":3},{"damage":0,"enemies":"2 Louse","floor":3,"turns":1},{"damage":13,"enemies":"Exordium Thugs","floor":5,"turns":6},{"damage":1,"enemies":"Looter","floor":6,"turns":2},{"damage":32,"enemies":"3 Sentries","floor":8,"turns":6},{"damage":0,"enemies":"Large Slime","floor":10,"turns":4},{"damage":3,"enemies":"Exordium Wildlife","floor":11,"turns":3},{"damage":3,"enemies":"3 Louse","floor":12,"turns":2},{"damage":0,"enemies":"Large Slime","floor":13,"turns":5},{"damage":6,"enemies":"Hexaghost","floor":16,"turns":9},{"damage":14,"enemies":"Shell Parasite","floor":18,"turns":3},{"damage":21,"enemies":"3 Byrds","floor":19,"turns":4},{"damage":0,"enemies":"Snake Plant","floor":22,"turns":1},{"damage":6,"enemies":"Slavers","floor":23,"turns":2},{"damage":7,"enemies":"Book of Stabbing","floor":25,"turns":2},{"damage":0,"enemies":"Sentry and Sphere","floor":28,"turns":1},{"damage":0,"enemies":"Chosen and Byrds","floor":29,"turns":1},{"damage":0,"enemies":"Shelled Parasite and Fungi","floor":30,"turns":1},{"damage":0,"enemies":"Snake Plant","floor":31,"turns":1},{"damage":25,"enemies":"Collector","floor":33,"turns":5},{"damage":0,"enemies":"Orb Walker","floor":35,"turns":1},{"damage":3,"enemies":"3 Shapes","floor":36,"turns":2},{"damage":0,"enemies":"Reptomancer","floor":40,"turns":1},{"damage":0,"enemies":"Jaw Worm Horde","floor":42,"turns":1},{"damage":0,"enemies":"Nemesis","floor":45,"turns":1},{"damage":0,"enemies":"Sphere and 2 Shapes","floor":47,"turns":1},{"damage":0,"enemies":"Spire Growth","floor":48,"turns":1},{"damage":60,"enemies":"Time Eater","floor":50,"turns":8}],"seed_played":"2514053361250750194","potions_obtained":[{"floor":5,"key":"Weak Potion"},{"floor":6,"key":"Dexterity Potion"},{"floor":8,"key":"EntropicBrew"},{"floor":11,"key":"Weak Potion"},{"floor":12,"key":"FocusPotion"},{"floor":16,"key":"GamblersBrew"},{"floor":19,"key":"SkillPotion"},{"floor":22,"key":"GamblersBrew"},{"floor":28,"key":"LiquidBronze"},{"floor":31,"key":"Fruit Juice"},{"floor":33,"key":"Weak Potion"},{"floor":35,"key":"FocusPotion"},{"floor":42,"key":"LiquidBronze"},{"floor":48,"key":"SteroidPotion"}],"is_trial":false,"path_per_floor":["M","M","M","?","M","M","$","E","T","M","M","M","M","$","R","B",null,"M","M","$","?","M","E","R","E","T","R","M","M","M","M","R","B",null,"M","M","$","?","$","E","?","M","T","$","E","?","M","M","R","B",null],"character_chosen":"DEFECT","items_purchased":["Molten Egg 2","Gash+1","HandDrill","Whetstone","Mind Blast+1","Anger+1","Shuriken","Mind Blast+1","Anchor","Sunder+1","Thunderclap+1","BootSequence","Defragment","Entrench","Secret Weapon","Impervious","Lockon+1","Clash+1","Coolheaded","Shrug It Off"],"campfire_rested":5,"item_purchase_floors":[7,7,14,14,20,20,20,37,37,37,37,37,37,37,37,39,39,44,44,44],"current_hp_per_floor":[75,71,71,71,58,57,57,25,25,25,22,19,19,19,41,35,75,61,40,40,40,40,34,56,49,49,71,71,71,71,76,80,55,80,80,77,77,77,77,77,77,77,77,77,77,77,77,77,80,20],"gold":197,"neow_bonus":"","is_daily":true,"chose_seed":false,"campfire_upgraded":0,"win_rate":0.0,"timestamp":1612440701,"path_taken":["M","M","M","?","M","M","$","E","T","M","?","M","?","$","R","BOSS","M","M","$","?","M","E","R","E","T","R","M","?","M","M","R","BOSS","M","M","$","?","?","E","?","M","T","$","E","?","?","M","R","BOSS"],"items_purchased_type":["Relic","Card","Relic","Relic","Card","Card","Relic","Card","Relic","Card","Card","Card","Card","Card","Card","Card","Card","Card","Card","Card"],"build_version":"2020-12-22","purchased_purges":0,"victory":true,"max_hp_per_floor":[75,75,75,75,75,75,75,75,75,75,75,75,75,75,75,75,75,75,75,75,75,75,75,75,75,75,75,75,75,75,80,80,80,80,80,80,80,80,80,80,80,80,80,80,80,80,80,80,80,80],"card_choices":[{"not_picked":["Rebound","Barrage"],"picked":"Havoc","floor":1},{"not_picked":["Wild Strike","Thunderclap"],"picked":"Heavy Blade","floor":2},{"not_picked":["Armaments","Sweeping Beam"],"picked":"Stack","floor":3},{"not_picked":["Dual Wield","Searing Blow","True Grit"],"picked":"SKIP","floor":5},{"not_picked":["Disarm","Spot Weakness"],"picked":"Leap","floor":6},{"not_picked":["Twin Strike+1","White Noise"],"picked":"Limit Break","floor":8},{"not_picked":["Streamline+1","Clothesline+1","Compile Driver+1"],"picked":"SKIP","floor":10},{"not_picked":["Iron Wave+1","Coolheaded","Hologram"],"picked":"SKIP","floor":11},{"not_picked":["Capacitor","Self Repair"],"picked":"Heavy Blade+1","floor":12},{"not_picked":["Aggregate","Brutality","Wild Strike+1"],"picked":"SKIP","floor":13},{"not_picked":["Rainbow","Machine Learning"],"picked":"Bludgeon+1","floor":16},{"not_picked":["Steam","Tempest","Warcry"],"picked":"SKIP","floor":18},{"not_picked":["Scrape+1","Perfected Strike+1"],"picked":"Flex","floor":19},{"not_picked":["Melter+1","Sweeping Beam+1"],"picked":"Anger+1","floor":22},{"not_picked":["Clash+1","Twin Strike+1"],"picked":"Beam Cell+1","floor":23},{"not_picked":["Coolheaded","Sever Soul+1"],"picked":"Havoc+1","floor":25},{"not_picked":["Coolheaded","Clash+1"],"picked":"Turbo","floor":28},{"not_picked":["Metallicize","Hello World"],"picked":"Coolheaded+1","floor":29},{"not_picked":["True Grit","Twin Strike+1"],"picked":"Perfected Strike+1","floor":30},{"not_picked":["Leap+1","Cold Snap+1"],"picked":"Go for the Eyes+1","floor":31},{"not_picked":["Echo Form","Feed+1"],"picked":"Immolate+1","floor":33},{"not_picked":["Wild Strike+1","Body Slam+1"],"picked":"Thunderclap+1","floor":35},{"not_picked":["Combust","Sword Boomerang+1"],"picked":"Heavy Blade+1","floor":36},{"not_picked":["Streamline+1","Buffer"],"picked":"Power Through+1","floor":40},{"not_picked":["Pommel Strike+1","Headbutt+1"],"picked":"Anger+1","floor":42},{"not_picked":["Gash+1","Chill"],"picked":"Conserve Battery+1","floor":45},{"not_picked":["Juggernaut","Turbo"],"picked":"Flex+1","floor":47},{"not_picked":["Spot Weakness+1","Blood for Blood+1"],"picked":"Perfected Strike+1","floor":48}],"player_experience":1167525,"relics_obtained":[{"floor":8,"key":"Gremlin Horn"},{"floor":9,"key":"Cables"},{"floor":23,"key":"Orichalcum"},{"floor":25,"key":"Happy Flower"},{"floor":26,"key":"Bronze Scales"},{"floor":40,"key":"Ornamental Fan"},{"floor":43,"key":"InkBottle"},{"floor":45,"key":"The Courier"}],"event_choices":[{"damage_healed":0,"gold_gain":0,"player_choice":"Forge","damage_taken":0,"max_hp_gain":0,"max_hp_loss":0,"event_name":"Accursed Blacksmith","floor":4,"gold_loss":0,"cards_upgraded":["Flex"]},{"damage_healed":0,"gold_gain":0,"player_choice":"Copied","damage_taken":0,"max_hp_gain":0,"max_hp_loss":0,"event_name":"Duplicator","floor":21,"gold_loss":0,"cards_obtained":["Mind Blast"]},{"damage_healed":0,"gold_gain":0,"cards_transformed":["Entrench"],"player_choice":"Transformed","damage_taken":0,"max_hp_gain":0,"max_hp_loss":0,"event_name":"Transmorgrifier","floor":38,"gold_loss":0,"cards_obtained":["Blood for Blood"]},{"cards_removed":["Whirlwind"],"damage_healed":0,"gold_gain":0,"player_choice":"Removed Attack","damage_taken":0,"max_hp_gain":0,"max_hp_loss":0,"event_name":"Falling","floor":41,"gold_loss":0},{"damage_healed":0,"gold_gain":0,"player_choice":"Ignored","damage_taken":0,"max_hp_gain":0,"max_hp_loss":0,"event_name":"Tomb of Lord Red Mask","floor":46,"gold_loss":0}],"is_beta":false,"boss_relics":[{"not_picked":["Empty Cage","Runic Dome"],"picked":"Philosopher\u0027s Stone"},{"not_picked":["Sozu","SacredBark"],"picked":"Nuclear Battery"}],"items_purged_floors":[],"is_endless":false,"potions_floor_spawned":[5,6,8,11,12,16,19,22,28,31,33,35,42,48],"ascension_level":0}}