{"host":"qmnyg5dk1o6rw6mz","time":1612461743,"event":{"mods":["2.2 Compatiblity","AchievementEnabler","Act Like it!","Aspiration","Astrologer","BaseMod","Beaked The Cultist","Better Altar","Better Match","Better Note","Better Sensory Stone","Better Skull","Better Third Choice","Better Vampires","Block Reminder","CapriCore","Challenge The Spire","ChefMod","Colored Map","Colored Powertips","Conspire","Defuse TimeMaze Blight","Disable Question Mark Monsters","Displayed Cursed Tome","Downfall","Energized Spire","Gensokyo","GifTheSpireLib","Hermit","Highlight Path","Hubris","Infinite Spire","Jedi Mod","Marisa¡]Ãú«B¡@Å]²z¨F¡^","Minty Spire (QoL Compilation)","Monster B Gone","Pale of the Ancients","Permanent Neow","Quick Restart","Reimu¡]³Õ???¡^","Relic Filter","Relic Sorter","Reliquary","Replay The Spire","Shop Mod","Spicy Shops","StSLib","Stuff the Spire","Synergy Search","The Blue Laboratory","The Construct","The Cursed","The Disciple","The Dragon Tamer","The Gatherer","The Hierophant","The Poker Player","The Runesmith","The Showman","Unceasing Turn Reminder","Wide Potions","thorton"],"gold_per_floor":[117,117,134,169,185,214,214,214,214,241,259,1,195,213,213,313,313,331,331,331,351,366,391,391,405,405,405,423,439,389,424,424,522,522,538,15,15,15,15,25,25,25,44,59,83,35,35,54,54,71,71,71],"floor_reached":53,"language":"ENG","playtime":2818,"items_purged":["Hallucinations"],"score":884,"play_id":"551270b4-2f5c-4d38-a90d-e202b80fb695","local_time":"20210205020223","is_ascension_mode":false,"campfire_choices":[{"data":"PrimeTime","floor":7,"key":"SMITH"},{"data":"Tempo","floor":15,"key":"SMITH"},{"data":"Fiend Fire","floor":24,"key":"SMITH"},{"data":"Break","floor":27,"key":"SMITH"},{"data":"Body Slam","floor":32,"key":"SMITH"},{"data":"LockedAnchor","floor":42,"key":"SMITH"},{"data":"Madness","floor":47,"key":"SMITH"},{"data":"jedi:harder","floor":51,"key":"SMITH"}],"circlet_count":0,"master_deck":["Strike_Br+1","Defend_Br","Defend_Br","Defend_Br","Defend_Br","SecondHand","PatternShift+1","PrimeTime+1","HandsUpC","Accelerando","HandsUpC","LockedTornado","Pendulum","Break+1","Disarm","Fiend Fire+1","CrunchTime","Allegro+1","Shrug It Off+1","Metallicize+1","HandsUpB+1","LockedBlood","LockedFlame","Body Slam+1","HandsUpC+1","jedi:harder+1","conspire:ExplosiveBarrier","LockedScales","LockedScales","LockedAnchor+1","Madness+1","conspire:Purge","Battle Trance+1","Demonic Infusion","Clothesline+1"],"relics":["Chronometer","Ring of Misfortune","Pen Nib","BranchBurnRelic","Scales?","Replay:Rubber Ducky","Whetstone","aspiration:IroncladSkillbook","Honey Jar","ReplayFunnel","jedi:gremlinknob","Omamori","reliquary:WritOfMandamus","Membership Card","aspiration:KaomsHeart"],"acts_visited":["Exordium","TheCity","Gensokyo:Gensokyoest"],"potions_floor_usage":[14,16,16,18,22,22,23,28,31,35,44,48,50,52,52],"damage_taken":[{"damage":2,"enemies":"2 Louse","floor":1,"turns":4},{"damage":2,"enemies":"Small Slimes","floor":3,"turns":4},{"damage":0,"enemies":"conspire:MimicChest","floor":4,"turns":8},{"damage":0,"enemies":"conspire:RoseBush","floor":5,"turns":4},{"damage":4,"enemies":"Replay:BlueRogue","floor":6,"turns":6},{"damage":11,"enemies":"3 Sentries","floor":10,"turns":7},{"damage":1,"enemies":"conspire:2 RoseBushes","floor":11,"turns":3},{"damage":17,"enemies":"Exordium Thugs","floor":14,"turns":4},{"damage":15,"enemies":"The Guardian","floor":16,"turns":12},{"damage":20,"enemies":"2 Thieves","floor":18,"turns":3},{"damage":0,"enemies":"3 Byrds","floor":21,"turns":5},{"damage":5,"enemies":"Snecko","floor":22,"turns":4},{"damage":0,"enemies":"Gremlin Leader","floor":23,"turns":6},{"damage":19,"enemies":"Sentry and Sphere","floor":25,"turns":3},{"damage":0,"enemies":"3 Cultists","floor":28,"turns":4},{"damage":9,"enemies":"Chosen and Byrds","floor":29,"turns":6},{"damage":14,"enemies":"Book of Stabbing","floor":31,"turns":4},{"damage":13,"enemies":"hubris:MusketHawk","floor":33,"turns":7},{"damage":7,"enemies":"Gensokyo:3_Bats","floor":35,"turns":3},{"damage":14,"enemies":"Gensokyo:3_Boulders","floor":40,"turns":4},{"damage":29,"enemies":"Gensokyo:Rafflesia","floor":43,"turns":7},{"damage":31,"enemies":"Gensokyo:Sharpion","floor":44,"turns":4},{"damage":5,"enemies":"Gensokyo:SeedOfUnknown","floor":48,"turns":5},{"damage":21,"enemies":"Gensokyo:4_Bats","floor":50,"turns":5},{"damage":5,"enemies":"Gensokyo:Yuyuko","floor":52,"turns":11}],"seed_played":"-1366960717238150509","potions_obtained":[{"floor":4,"key":"Dexterity Potion"},{"floor":5,"key":"champ:CounterPotion"},{"floor":10,"key":"blueLaboratory:StoneskinPotion"},{"floor":16,"key":"blueLaboratory:FruitPunch"},{"floor":18,"key":"ZuzhouPotion:ReiMu"},{"floor":20,"key":"Block Potion"},{"floor":20,"key":"blueLaboratory:BubblePotion"},{"floor":20,"key":"FearPotion"},{"floor":22,"key":"BlessingOfTheForge"},{"floor":25,"key":"EssenceOfSteel"},{"floor":28,"key":"Fire Potion"},{"floor":40,"key":"blueLaboratory:FruitPunch"},{"floor":44,"key":"blueLaboratory:FrostheartPotion"},{"floor":48,"key":"Adrenaline Potion"}],"is_trial":false,"path_per_floor":["M","?","M","?","M","E","R","?","T","E","M","$","?","M","R_BF","B",null,"M","?","?","M","M","E","R","M","T","R","M","M","?","E","R","B",null,"M","$","?","PTL","PTL","M","?","R","M","M","T","$","R","M","?","M","R","B",null],"character_chosen":"CHRONO_CLASS","items_purchased":["aspiration:IroncladSkillbook","Break","LockedScales","Membership Card","aspiration:KaomsHeart","conspire:TimeTravelPotion","aspiration:KMNothing","aspiration:KMNothing","aspiration:KMNothing","aspiration:KMNothing","aspiration:KMNothing","aspiration:KMNothing","Fruit Juice"],"campfire_rested":0,"item_purchase_floors":[12,12,36,36,36,36,46,46,46,46,46,46,46],"current_hp_per_floor":[63,63,61,61,61,57,57,57,57,60,59,59,59,46,46,50,65,51,51,51,55,54,58,58,52,52,52,67,62,62,52,52,64,67,64,164,164,164,164,154,154,154,144,134,134,134,134,152,152,139,139,139],"gold":71,"neow_bonus":"UPGRADE_CARD","is_daily":false,"chose_seed":false,"campfire_upgraded":8,"win_rate":0.0,"timestamp":1612461743,"path_taken":["M","?","M","?","M","E","R","?","T","E","M","?","?","M","R_BF","BOSS","M","?","?","M","M","E","R","?","T","R","M","M","?","E","R","BOSS","M","$","?","PTL","PTL","M","?","R","M","M","T","?","R","?","?","M","R","BOSS"],"items_purchased_type":["Relic","Card","Card","Relic","Relic","Potion","Relic","Relic","Relic","Relic","Relic","Relic","Potion"],"build_version":"2020-12-22","purchased_purges":1,"victory":true,"max_hp_per_floor":[65,65,65,65,65,65,65,65,65,65,65,65,65,65,65,65,65,67,67,67,67,67,67,67,67,67,67,67,67,67,67,67,67,67,67,167,167,167,167,167,167,167,167,167,167,167,167,172,172,172,172,174],"card_choices":[{"not_picked":["Engulf","HandsUpB"],"picked":"PrimeTime","floor":1},{"not_picked":["Parity","Chronoelasticity","BlueShift"],"picked":"SKIP","floor":3},{"not_picked":["CrunchTime","BlueShift"],"picked":"HandsUpC","floor":4},{"not_picked":["BlueShift","Break"],"picked":"HandsUpC","floor":5},{"not_picked":["ExoVibe","WindUp"],"picked":"LockedTornado","floor":6},{"not_picked":["ReapSow","Backlash"],"picked":"Pendulum","floor":10},{"not_picked":["HandsUpC","Backlash"],"picked":"Tempo","floor":11},{"not_picked":["ReapSow","conspire:ExplosiveBarrier","Analog"],"picked":"Disarm","floor":13},{"not_picked":["Stagnate","True Grit","Facsimile","Body Slam"],"picked":"SKIP","floor":14},{"not_picked":["RageCommand","Limit Break","Corruption"],"picked":"Fiend Fire","floor":16},{"not_picked":["AlternateTimeline","StuffTheSpire:Slingshot","HandsUpC","Echoward"],"picked":"CrunchTime","floor":18},{"not_picked":["jedi:fear","Anger","LockedUrn","ReplayTheSpireMod:Strike From Hell"],"picked":"Shrug It Off+1","floor":21},{"not_picked":["ExoVibe","RageCommand","Sword Boomerang","jedi:hate"],"picked":"Metallicize+1","floor":22},{"not_picked":["SlimeSpray","Pommel Strike+1","Armaments","Run Through"],"picked":"HandsUpB+1","floor":23},{"not_picked":["Dark Embrace","jedi:MakeshiftSword","Sword Boomerang+1","True Grit+1"],"picked":"LockedBlood","floor":25},{"not_picked":["BlueShift","Iron Wave","jedi:MakeshiftSword","Anger"],"picked":"LockedFlame","floor":28},{"not_picked":["LockedOrichalcum","Shockwave","Echoward","Iron Wave"],"picked":"Body Slam","floor":29},{"not_picked":["Spot Weakness+1","Havoc+1","StuffTheSpire:TitanForm","BeatsPerMinute"],"picked":"HandsUpC+1","floor":31},{"not_picked":["Pendulum","LockedAstrolabe","hubris:StunningStrike","Demon Form"],"picked":"jedi:harder","floor":33},{"not_picked":["Whirlwind","Warcry+1","Havoc","BiteCommand"],"picked":"conspire:ExplosiveBarrier","floor":35},{"not_picked":["True Grit","Replay:Undeath\u0027s Touch","WindUp+1","StuffTheSpire:RockThrow"],"picked":"LockedAnchor","floor":40},{"not_picked":["StuffTheSpire:Incineration+1","Entrench","Flex","Perfected Strike"],"picked":"conspire:Purge","floor":43},{"not_picked":["Clash","Rupture+1","Twin Strike+1","ReplayTheSpireMod:Strike From Hell"],"picked":"Battle Trance+1","floor":44},{"not_picked":["Sentinel+1","StuffTheSpire:Incineration+1","PrimeTime","ShortSighted"],"picked":"Demonic Infusion","floor":48},{"not_picked":["LockedScales+1","LockedMedicine+1","infinitespire:OneForAll+1","Engulf"],"picked":"Clothesline+1","floor":50}],"player_experience":237575,"relics_obtained":[{"floor":2,"key":"Ring of Misfortune"},{"floor":4,"key":"Pen Nib"},{"floor":6,"key":"Dead Branch"},{"floor":9,"key":"Replay:Rubber Ducky"},{"floor":10,"key":"Whetstone"},{"floor":23,"key":"ReplayFunnel"},{"floor":26,"key":"jedi:gremlinknob"},{"floor":31,"key":"Omamori"}],"event_choices":[{"damage_healed":0,"gold_gain":0,"player_choice":"Ignored","damage_taken":0,"max_hp_gain":0,"max_hp_loss":0,"event_name":"betterNote:BetterNote","floor":19,"gold_loss":0,"cards_obtained":["StuffTheSpire:Innocence"]},{"damage_healed":0,"gold_gain":0,"player_choice":"Got Potions","damage_taken":0,"max_hp_gain":0,"max_hp_loss":0,"event_name":"Lab","floor":20,"gold_loss":0},{"damage_healed":0,"gold_gain":0,"player_choice":"Bet on Murderer","damage_taken":0,"max_hp_gain":0,"max_hp_loss":0,"event_name":"The Joust","floor":30,"gold_loss":50},{"damage_healed":0,"gold_gain":3,"player_choice":"3","damage_taken":0,"max_hp_gain":0,"max_hp_loss":0,"event_name":"betterStone:BetterStone","floor":41,"gold_loss":0,"cards_obtained":["Madness"]},{"damage_healed":0,"gold_gain":0,"player_choice":"Leave","damage_taken":0,"max_hp_gain":0,"max_hp_loss":0,"event_name":"conspire:Investor","floor":49,"gold_loss":0}],"is_beta":false,"boss_relics":[{"not_picked":["Replay:Ancient Bell","hubris:CrackedHourglass"],"picked":"Honey Jar"},{"not_picked":["Fusion Hammer","aspiration:RandomNobGenerator"],"picked":"reliquary:WritOfMandamus"}],"items_purged_floors":[36],"is_endless":false,"potions_floor_spawned":[4,5,10,11,16,18,22,25,28,40,44,48],"ascension_level":0}}