{"host":"5h6e4l6hpn0p5lap","time":1612399911,"event":{"mods":["AchievementEnabler","BaseMod","Better Altar","Better Match","Better Sensory Stone","Better Skull","Better Third Choice","Colored Map","Filter the Spire","Minty Spire (QoL Compilation)","StSLib"],"gold_per_floor":[211,230,81,99,110,141,141,141,141,154,184,184,89,99,99,204,204,216,216,64,52,52,52,86,86,86,86,86,86,86],"floor_reached":29,"language":"ENG","playtime":1080,"items_purged":["Defend_P"],"score":326,"play_id":"5bbc2914-c857-49da-b0cd-e4a1aad8bffc","local_time":"20210203195151","is_ascension_mode":false,"campfire_choices":[{"data":"Prostrate","floor":7,"key":"SMITH"},{"floor":12,"key":"REST"},{"data":"FlyingSleeves","floor":15,"key":"SMITH"},{"floor":23,"key":"REST"},{"data":"WheelKick","floor":25,"key":"SMITH"},{"floor":27,"key":"DIG"}],"circlet_count":0,"master_deck":["Strike_P","Strike_P","Strike_P","Defend_P","Defend_P","Eruption","Vigilance","Prostrate+1","Prostrate","BattleHymn","WheelKick+1","Sanctity","Halt","Consecrate","FlyingSleeves+1","CrushJoints","LessonLearned","Shame","SpiritShield"],"relics":["PureWater","Ancient Tea Set","Shovel","Matryoshka","WingedGreaves","Empty Cage","ClockworkSouvenir","PreservedInsect","Juzu Bracelet","Molten Egg 2","Thread and Needle"],"acts_visited":["Exordium","TheCity"],"potions_floor_usage":[18,24,24,24,29],"damage_taken":[{"damage":0,"enemies":"Small Slimes","floor":1,"turns":3},{"damage":2,"enemies":"Jaw Worm","floor":2,"turns":4},{"damage":2,"enemies":"Cultist","floor":4,"turns":3},{"damage":0,"enemies":"Exordium Wildlife","floor":5,"turns":3},{"damage":15,"enemies":"3 Sentries","floor":6,"turns":6},{"damage":3,"enemies":"Blue Slaver","floor":10,"turns":2},{"damage":27,"enemies":"Gremlin Nob","floor":11,"turns":4},{"damage":0,"enemies":"Looter","floor":14,"turns":1},{"damage":0,"enemies":"Slime Boss","floor":16,"turns":4},{"damage":24,"enemies":"Spheric Guardian","floor":18,"turns":5},{"damage":21,"enemies":"2 Thieves","floor":21,"turns":4},{"damage":0,"enemies":"Book of Stabbing","floor":24,"turns":4},{"damage":9,"enemies":"Chosen and Byrds","floor":29,"turns":6}],"seed_played":"-4288395570783798431","potions_obtained":[{"floor":11,"key":"Energy Potion"},{"floor":14,"key":"Weak Potion"},{"floor":16,"key":"AttackPotion"},{"floor":21,"key":"ColorlessPotion"},{"floor":24,"key":"FearPotion"}],"is_trial":false,"path_per_floor":["M","M","$","M","M","E","R","?","T","M","E","R","$","M","R","B",null,"M","?","$","M","?","R","E","R","T","R","$","M"],"character_chosen":"WATCHER","items_purchased":["BattleHymn","Consecrate","FlyingSleeves","ClockworkSouvenir"],"campfire_rested":2,"item_purchase_floors":[3,13,13,20],"current_hp_per_floor":[72,70,70,68,68,53,53,46,46,43,16,37,37,37,37,37,72,48,48,48,27,27,48,48,48,48,48,48,39,39],"gold":86,"neow_bonus":"HUNDRED_GOLD","is_daily":false,"chose_seed":false,"campfire_upgraded":3,"win_rate":0.0,"timestamp":1612399911,"path_taken":["M","M","$","M","M","E","R","?","T","M","E","R","$","M","R","BOSS","M","?","$","?","?","R","E","R","T","R","$","M"],"items_purchased_type":["Card","Card","Card","Relic"],"build_version":"2020-12-22","purchased_purges":1,"victory":false,"max_hp_per_floor":[72,72,72,72,72,72,72,72,72,72,72,72,72,72,72,72,72,72,72,72,72,72,72,72,72,72,72,72,72,72],"card_choices":[{"not_picked":["CrushJoints","BowlingBash"],"picked":"Prostrate","floor":1},{"not_picked":["Protect","FlurryOfBlows"],"picked":"Prostrate","floor":2},{"not_picked":["Evaluate","SandsOfTime"],"picked":"WheelKick","floor":4},{"not_picked":["Swivel","EmptyMind"],"picked":"Sanctity","floor":5},{"not_picked":["Pray","LikeWater","Collect"],"picked":"SKIP","floor":6},{"not_picked":["Study","EmptyFist","SignatureMove"],"picked":"SKIP","floor":10},{"not_picked":["DeceiveReality","Crescendo"],"picked":"Halt","floor":11},{"not_picked":["FlyingSleeves","Swivel"],"picked":"CrushJoints","floor":14},{"not_picked":["ConjureBlade","Alpha"],"picked":"LessonLearned","floor":16},{"not_picked":["FollowUp","BowlingBash+1","SashWhip+1"],"picked":"SKIP","floor":18},{"not_picked":["ClearTheMind","SashWhip","Evaluate"],"picked":"SKIP","floor":21},{"not_picked":["CrushJoints","ClearTheMind"],"picked":"SpiritShield","floor":24}],"player_experience":1059305,"relics_obtained":[{"floor":6,"key":"Ancient Tea Set"},{"floor":9,"key":"Matryoshka"},{"floor":11,"key":"WingedGreaves"},{"floor":24,"key":"Juzu Bracelet"},{"floor":26,"key":"Molten Egg 2"},{"floor":27,"key":"Thread and Needle"}],"event_choices":[{"damage_healed":0,"gold_gain":0,"player_choice":"Relic ","damage_taken":7,"max_hp_gain":0,"max_hp_loss":0,"event_name":"betterThird:BetterScrap","floor":8,"gold_loss":0,"cards_obtained":["Well Laid Plans"]},{"damage_healed":0,"gold_gain":0,"player_choice":"Bought 0 Potions","damage_taken":0,"max_hp_gain":0,"max_hp_loss":0,"event_name":"The Woman in Blue","floor":19,"gold_loss":0},{"damage_healed":0,"gold_gain":0,"player_choice":"Stole Relic","damage_taken":0,"relics_obtained":["PreservedInsect"],"max_hp_gain":0,"max_hp_loss":0,"event_name":"Addict","floor":22,"gold_loss":0,"cards_obtained":["Shame"]}],"is_beta":false,"boss_relics":[{"not_picked":["Tiny House","Runic Pyramid"],"picked":"Empty Cage"}],"items_purged_floors":[3],"is_endless":false,"potions_floor_spawned":[11,14,16,21,24],"killed_by":"Chosen and Byrds","ascension_level":0}}