{"host":"c6xy0a74zz7y4nf6","time":1612419946,"event":{"mods":["BaseMod","Colored Map","Hermit","Minty Spire (QoL Compilation)","Replay The Spire","Spire Arcade","StSLib","The Cursed","The Disciple","The Servant 0.9.4"],"gold_per_floor":[117,117,69,169,187,218,236,254,254,254,254],"floor_reached":10,"language":"ENG","playtime":598,"items_purged":[],"score":68,"play_id":"3d4917c6-2918-47cc-bc05-761f1088e4af","local_time":"20210204002546","is_ascension_mode":false,"campfire_choices":[],"circlet_count":0,"master_deck":["Strike_Br","Strike_Br","Strike_Br","Strike_Br","Defend_Br","Defend_Br","Defend_Br","Defend_Br","SecondHand","PatternShift","LockedScales","PrimeTime","Pendulum","BiteCommand","VestedLegacy"],"relics":["Chronometer","Gambling Chip","Bottled Flame"],"acts_visited":["Exordium"],"potions_floor_usage":[6,6,10],"damage_taken":[{"damage":3,"enemies":"Jaw Worm","floor":1,"turns":6},{"damage":1,"enemies":"Cultist","floor":5,"turns":4},{"damage":53,"enemies":"Lagavulin","floor":6,"turns":10},{"damage":5,"enemies":"Small Slimes","floor":7,"turns":5},{"damage":8,"enemies":"2 Fungi Beasts","floor":8,"turns":3},{"damage":10,"enemies":"Gremlin Nob","floor":10,"turns":3}],"seed_played":"-8142062822627567021","potions_obtained":[{"floor":1,"key":"FearPotion"},{"floor":5,"key":"Elixir"},{"floor":7,"key":"DistilledChaos"}],"is_trial":false,"path_per_floor":["M","?","$","?","M","E","M","M","T","E"],"character_chosen":"CHRONO_CLASS","items_purchased":["PrimeTime"],"campfire_rested":0,"item_purchase_floors":[3],"current_hp_per_floor":[68,73,73,73,72,19,14,6,6,0,0],"gold":254,"neow_bonus":"TEN_PERCENT_HP_BONUS","is_daily":false,"chose_seed":false,"campfire_upgraded":0,"win_rate":0.0,"timestamp":1612419946,"path_taken":["M","?","$","?","?","E","M","M","T","E"],"items_purchased_type":["Card"],"build_version":"2020-12-22","purchased_purges":0,"victory":false,"max_hp_per_floor":[71,76,76,76,76,76,76,76,76,76,76],"card_choices":[{"not_picked":["FormalWear","WindUp"],"picked":"LockedScales","floor":1},{"not_picked":["Analog","PrimeTime","HandsUpC"],"picked":"SKIP","floor":5},{"not_picked":["CrunchTime","WindUp"],"picked":"Pendulum","floor":6},{"not_picked":["ExoVibe","LockedScales"],"picked":"BiteCommand","floor":7},{"not_picked":["Stagnate","Engulf"],"picked":"VestedLegacy","floor":8}],"player_experience":91664,"relics_obtained":[{"floor":6,"key":"Gambling Chip"},{"floor":9,"key":"Bottled Flame"}],"event_choices":[{"damage_healed":0,"gold_gain":0,"player_choice":"Donut","damage_taken":0,"max_hp_gain":5,"max_hp_loss":0,"event_name":"Big Fish","floor":2,"gold_loss":0},{"damage_healed":0,"gold_gain":100,"player_choice":"Pray","damage_taken":0,"max_hp_gain":0,"max_hp_loss":0,"event_name":"Golden Shrine","floor":4,"gold_loss":0}],"is_beta":false,"boss_relics":[],"items_purged_floors":[],"is_endless":false,"potions_floor_spawned":[1,5,7],"killed_by":"Gremlin Nob","ascension_level":0}}