{"host":"usru02jcpe2a942d","time":1612440055,"event":{"mods":["ATMod(°¢èªMod)","Act Like it!","BaseMod","Better Note","Better Vampires","Challenge The Spire","Colored Powertips","Friendly Minions","GifTheSpireLib","Highlight Path","Hubris","Infinite Spire","Jedi Mod","Minty Spire (QoL Compilation)","MostiFishMod","Pale of the Ancients","Quick Restart","Relic Stats","Reliquary","Robot Space Explorer","RumiaBox-Â¶Ã×æ«µÄÉñÃØºÐ×Ó","StSLib","noobMod","¡¾ÒÅÎï¿¨ÅÆ¡¿REMEMod","óô»ðÖ¸ÄÏ"],"gold_per_floor":[111,111,130,149,2,27,27,39,116,116,130,130,130,163,163,864,864,878,928,996,1064,1064,532,564,584,584,340,353,77,77,77,77,172,172,188,188,188,249,299,299,323,362,374,386,465,477,489,514,80,92,165,196,208,247,259,285,152,164,176,293,355,355],"floor_reached":61,"language":"ZHS","playtime":2785,"items_purged":["RobotSpaceExplorer:Reload+1","RobotSpaceExplorer:Strike","RobotSpaceExplorer:Strike","RobotSpaceExplorer:Strike","RobotSpaceExplorer:HighVoltage+1"],"score":1679,"play_id":"54c2c3d3-042b-46d6-8bcc-b0b09e5a6a1d","local_time":"20210204200054","is_ascension_mode":false,"campfire_choices":[{"data":"RobotSpaceExplorer:MiniLasers","floor":7.0,"key":"SMITH"},{"data":"RobotSpaceExplorer:Reload","floor":12.0,"key":"SMITH"},{"data":"RobotSpaceExplorer:ScrapToss","floor":15.0,"key":"SMITH"},{"data":"RobotSpaceExplorer:HighVoltage","floor":32.0,"key":"SMITH"},{"data":"Madness","floor":40.0,"key":"SMITH"},{"data":"Madness","floor":44.0,"key":"SMITH"},{"data":"RobotSpaceExplorer:Fix","floor":55,"key":"SMITH"}],"circlet_count":0,"master_deck":["RobotSpaceExplorer:Defend","RobotSpaceExplorer:Defend","RobotSpaceExplorer:Defend","RobotSpaceExplorer:Defend","RobotSpaceExplorer:Scan","RobotSpaceExplorer:MiniLasers+1","AT_FamilyPortrait+1","RobotSpaceExplorer:ScrapToss+1","infinitespire:NeuralNetwork+1","RobotSpaceExplorer:ImprovisedAttack+1","RobotSpaceExplorer:MiniLasers+1","RobotSpaceExplorer:Probe+1","RobotSpaceExplorer:Electroshield+1","RobotSpaceExplorer:JunkDive","RobotSpaceExplorer:RigExplosive+1","Madness+1","Madness+1","RobotSpaceExplorer:FranticSearch+1","RobotSpaceExplorer:DroneSwarm","RobotSpaceExplorer:RigExplosive+1","RobotSpaceExplorer:FranticSearch+1","RobotSpaceExplorer:Fix+1","RobotSpaceExplorer:Scanner"],"relics":["RobotSpaceExplorer:RoboCore","DaveBox","ice","REME_ComplimentaryCards","AT_ATBox","ShadowXiaoBlade","SynthV:TestCard","Technique","hubris:MobiusCoin","hubris:PeanutButter","jedi:Pinwheel","reliquary:Boomerang","GreenFoldingFan","Civilization","Ccalipers","AT_EbonyIvory","RobotSpaceExplorer:PlasmaHourglass","MagicDraw1","ClockworkSouvenir","jedi:cryingmask","Bag of Marbles","hubris:Backtick","hubris:Potato","reliquary:RosewoodLute","AT_RabadonDeathcap","MawBank","Juzu Bracelet","Bottled Tornado","hubris:Icosahedron","Bronze Scales","infinitespire:Beetle Shell","paleoftheancients:Timepiece","paleoftheancients:KeyRelic","Gremlin Horn","CultistMask","hubris:Towel","Whetstone","paleoftheancients:SoulOfTheVixen","reliquary:BrokenClock","infinitespire:EmpoweringShard","SacredBark","ice"],"acts_visited":["Exordium","TheCity","TheBeyond","paleoftheancients:PaleOfTheAncients","Exordium"],"potions_floor_usage":[56,56,60,60,60],"damage_taken":[{"damage":0.0,"enemies":"Jaw Worm","floor":1.0,"turns":2.0},{"damage":0.0,"enemies":"Cultist","floor":3.0,"turns":1.0},{"damage":3.0,"enemies":"2 Louse","floor":4.0,"turns":2.0},{"damage":9.0,"enemies":"3 Sentries","floor":6.0,"turns":3.0},{"damage":0.0,"enemies":"2 Fungi Beasts","floor":8.0,"turns":2.0},{"damage":0.0,"enemies":"Red Slaver","floor":11.0,"turns":2.0},{"damage":2.0,"enemies":"Gremlin Nob","floor":14.0,"turns":3.0},{"damage":0.0,"enemies":"The Guardian","floor":16.0,"turns":4.0},{"damage":0.0,"enemies":"Chosen","floor":18.0,"turns":3.0},{"damage":0.0,"enemies":"3 Byrds","floor":20.0,"turns":2.0},{"damage":0.0,"enemies":"3 Cultists","floor":21.0,"turns":3.0},{"damage":16.0,"enemies":"Slavers","floor":24.0,"turns":4.0},{"damage":4.0,"enemies":"Snake Plant","floor":25.0,"turns":2.0},{"damage":0.0,"enemies":"Chosen and Byrds","floor":28.0,"turns":2.0},{"damage":0.0,"enemies":"Automaton","floor":33.0,"turns":2.0},{"damage":0.0,"enemies":"Orb Walker","floor":35.0,"turns":1.0},{"damage":0.0,"enemies":"3 Shapes","floor":38.0,"turns":2.0},{"damage":0.0,"enemies":"Mind Bloom Boss Battle","floor":39.0,"turns":3.0},{"damage":0.0,"enemies":"Nightmare","floor":42.0,"turns":2.0},{"damage":0.0,"enemies":"Spire Growth","floor":45.0,"turns":2.0},{"damage":0.0,"enemies":"Sphere and 2 Shapes","floor":48.0,"turns":2.0},{"damage":14.0,"enemies":"infinitespire:MassOfShapes","floor":50.0,"turns":3.0},{"damage":96.0,"enemies":"infinitespire:MassOfShapes","floor":51.0,"turns":4.0},{"damage":0.0,"enemies":"infinitespire:MassOfShapes","floor":52.0,"turns":3.0},{"damage":16,"enemies":"infinitespire:MassOfShapes","floor":56,"turns":4},{"damage":0,"enemies":"paleoftheancients:N","floor":60,"turns":3}],"seed_played":"-8044027240200654764","potions_obtained":[{"floor":3.0,"key":"LiquidBronze"},{"floor":4.0,"key":"DuplicationPotion"},{"floor":8.0,"key":"Fire Potion"},{"floor":18.0,"key":"Fruit Juice"},{"floor":21.0,"key":"BlessingOfTheForge"},{"floor":33.0,"key":"jedi:tentaclejuice"},{"floor":42.0,"key":"BlessingOfTheForge"},{"floor":48.0,"key":"Fruit Juice"},{"floor":51.0,"key":"Energy Potion"},{"floor":52.0,"key":"Dexterity Potion"}],"is_trial":false,"path_per_floor":["M","?","M","M","$","E","R","M","T","T","M","R","?","E","R","B",null,"M","?","M","M","?","R","E","M","T","R","M","$","?","T","R","B",null,"M","AVR","?","M","?","R","T","NM","T","R","M","?","?","M","R","B","M","M","?","T","R","M","R","T","?","B",null],"character_chosen":"RobotSpaceExplorer","items_purchased":["Technique","Civilization","Ccalipers","AT_EbonyIvory","ClockworkSouvenir","jedi:cryingmask","Bronze Scales","infinitespire:Beetle Shell","reliquary:BrokenClock"],"campfire_rested":0,"item_purchase_floors":[5,23,23,23,27,29,49,49,57],"current_hp_per_floor":[82,63,63,60,60,51,51,51,51,51,51,51,51,49,49,49,82,87,87,87,87,87,87,84,94,94,94,99,99,79,79,79,94,109,114,114,100,115,124,124,124,129,129,129,134,134,134,144,144,149,111,147,147,147,147,158,158,158,158,169,169,169],"gold":355,"neow_bonus":"TEN_PERCENT_HP_BONUS","is_daily":false,"chose_seed":false,"campfire_upgraded":7,"win_rate":0.0,"timestamp":1612440054,"path_taken":["M","?","M","M","$","E","R","M","T","?","?","R","?","E","R","BOSS","M","?","M","?","?","R","E","M","T","R","M","?","?","?","R","BOSS","M","AVR","?","M","?","R","?","NM","T","R","M","?","?","M","R","BOSS","M","M","?","T","R","M","R","T","?","BOSS"],"items_purchased_type":["Relic","Relic","Relic","Relic","Relic","Relic","Relic","Relic","Relic"],"build_version":"2020-12-22","purchased_purges":5,"victory":false,"max_hp_per_floor":[82,82,82,82,82,82,82,82,82,82,82,82,82,82,82,82,82,87,87,87,87,87,87,90,94,94,94,99,99,104,104,104,109,109,114,114,114,119,124,124,124,129,129,129,134,134,134,144,144,149,154,159,159,159,159,164,164,164,164,169,169,169],"relic_stats":{"Gremlin Horn":[5,5],"counters":[26,66],"Bronze Scales":[27],"Juzu Bracelet":1,"Whetstone":["RobotSpaceExplorer:Probe"],"MawBank":240,"obtain_stats":[{"AT_ATBox":0,"reliquary:Boomerang":14,"DaveBox":0,"Gremlin Horn":50,"RobotSpaceExplorer:PlasmaHourglass":24,"SacredBark":61,"ice":0,"Juzu Bracelet":42,"Whetstone":54,"jedi:Pinwheel":10,"Bottled Tornado":43,"MagicDraw1":26,"ClockworkSouvenir":27,"GreenFoldingFan":17,"Civilization":23,"hubris:Backtick":34,"hubris:Icosahedron":46,"Ccalipers":23,"jedi:cryingmask":29,"hubris:MobiusCoin":6,"AT_RabadonDeathcap":39,"paleoftheancients:KeyRelic":50,"RobotSpaceExplorer:RoboCore":0,"ShadowXiaoBlade":0,"AT_EbonyIvory":23,"infinitespire:Beetle Shell":49,"paleoftheancients:SoulOfTheVixen":56,"reliquary:RosewoodLute":36,"hubris:Towel":53,"MawBank":41,"paleoftheancients:Timepiece":50,"SynthV:TestCard":1,"Bronze Scales":49,"hubris:PeanutButter":9,"CultistMask":50,"Bag of Marbles":31,"reliquary:BrokenClock":57,"infinitespire:EmpoweringShard":58,"Technique":5,"hubris:Potato":34,"REME_ComplimentaryCards":0},{"AT_ATBox":0,"reliquary:Boomerang":7,"DaveBox":0,"Gremlin Horn":22,"RobotSpaceExplorer:PlasmaHourglass":12,"SacredBark":26,"ice":0,"Juzu Bracelet":19,"Whetstone":24,"jedi:Pinwheel":5,"Bottled Tornado":19,"MagicDraw1":13,"ClockworkSouvenir":13,"GreenFoldingFan":8,"Civilization":11,"hubris:Backtick":15,"hubris:Icosahedron":20,"Ccalipers":11,"jedi:cryingmask":14,"hubris:MobiusCoin":4,"AT_RabadonDeathcap":18,"paleoftheancients:KeyRelic":22,"RobotSpaceExplorer:RoboCore":0,"ShadowXiaoBlade":0,"AT_EbonyIvory":11,"infinitespire:Beetle Shell":21,"paleoftheancients:SoulOfTheVixen":25,"reliquary:RosewoodLute":16,"hubris:Towel":24,"MawBank":18,"paleoftheancients:Timepiece":22,"SynthV:TestCard":1,"Bronze Scales":21,"hubris:PeanutButter":5,"CultistMask":22,"Bag of Marbles":14,"reliquary:BrokenClock":25,"infinitespire:EmpoweringShard":25,"Technique":3,"hubris:Potato":15,"REME_ComplimentaryCards":0},{"AT_ATBox":0,"reliquary:Boomerang":15,"DaveBox":0,"Gremlin Horn":52,"RobotSpaceExplorer:PlasmaHourglass":31,"SacredBark":66,"ice":0,"Juzu Bracelet":45,"Whetstone":59,"jedi:Pinwheel":10,"Bottled Tornado":45,"MagicDraw1":33,"ClockworkSouvenir":33,"GreenFoldingFan":19,"Civilization":27,"hubris:Backtick":37,"hubris:Icosahedron":47,"Ccalipers":27,"jedi:cryingmask":35,"hubris:MobiusCoin":8,"AT_RabadonDeathcap":43,"paleoftheancients:KeyRelic":52,"RobotSpaceExplorer:RoboCore":0,"ShadowXiaoBlade":0,"AT_EbonyIvory":27,"infinitespire:Beetle Shell":49,"paleoftheancients:SoulOfTheVixen":63,"reliquary:RosewoodLute":38,"hubris:Towel":59,"MawBank":43,"paleoftheancients:Timepiece":52,"SynthV:TestCard":2,"Bronze Scales":49,"hubris:PeanutButter":10,"CultistMask":52,"Bag of Marbles":35,"reliquary:BrokenClock":63,"infinitespire:EmpoweringShard":63,"Technique":5,"hubris:Potato":37,"REME_ComplimentaryCards":0}]},"card_choices":[{"not_picked":["RobotSpaceExplorer:SwiftStep","RobotSpaceExplorer:Fix"],"picked":"RobotSpaceExplorer:ScrapToss","floor":1.0},{"not_picked":["infinitespire:Oblivion","infinitespire:Menacing"],"picked":"infinitespire:NeuralNetwork","floor":2.0},{"not_picked":["RobotSpaceExplorer:Blitz","RobotSpaceExplorer:FranticSearch","RobotSpaceExplorer:SurgingStrike","RobotSpaceExplorer:BigMissile","RobotSpaceExplorer:StarLightning"],"picked":"SKIP","floor":3.0},{"not_picked":["RobotSpaceExplorer:ShockKick","RobotSpaceExplorer:StunGrenade","RobotSpaceExplorer:Multitool","RobotSpaceExplorer:DualCore"],"picked":"RobotSpaceExplorer:ImprovisedAttack","floor":4.0},{"not_picked":["RobotSpaceExplorer:SurgingShield","RobotSpaceExplorer:ExhaustFan","RobotSpaceExplorer:Discharger","RobotSpaceExplorer:LaserBurst","RobotSpaceExplorer:FranticSearch"],"picked":"SKIP","floor":6.0},{"not_picked":["RobotSpaceExplorer:ShockKick","RobotSpaceExplorer:ScrapMissile","RobotSpaceExplorer:Ammunition","RobotSpaceExplorer:Pulsar"],"picked":"RobotSpaceExplorer:Reload","floor":8.0},{"not_picked":["RobotSpaceExplorer:ShockKick","RobotSpaceExplorer:Fix","RobotSpaceExplorer:FrostMissile","RobotSpaceExplorer:SurgingStrike","RobotSpaceExplorer:LaserBurst"],"picked":"SKIP","floor":11.0},{"not_picked":["RobotSpaceExplorer:SurgingStrike","RobotSpaceExplorer:ChargingLaser","RobotSpaceExplorer:RigExplosive","RobotSpaceExplorer:PlasmaMissile","RobotSpaceExplorer:FranticSearch"],"picked":"SKIP","floor":14.0},{"not_picked":["RobotSpaceExplorer:TrailblazerForm","RobotSpaceExplorer:Asteroid","RobotSpaceExplorer:Autoloader","RobotSpaceExplorer:Accelerator"],"picked":"RobotSpaceExplorer:HighVoltage","floor":16.0},{"not_picked":["RobotSpaceExplorer:ShovelStrike","RobotSpaceExplorer:TurboDodge","RobotSpaceExplorer:ExhaustFan","RobotSpaceExplorer:SwiftStep","RobotSpaceExplorer:FranticSearch+1"],"picked":"SKIP","floor":18.0},{"not_picked":["RobotSpaceExplorer:Pulsar","RobotSpaceExplorer:Counterblock","RobotSpaceExplorer:StunGrenade","RobotSpaceExplorer:ShovelStrike+1"],"picked":"RobotSpaceExplorer:Probe","floor":20.0},{"not_picked":["RobotSpaceExplorer:Counterblock","RobotSpaceExplorer:ImprovisedAttack+1","RobotSpaceExplorer:Blaster","RobotSpaceExplorer:ToxicBomb+1"],"picked":"RobotSpaceExplorer:Electroshield+1","floor":21.0},{"not_picked":["RobotSpaceExplorer:FranticSearch","RobotSpaceExplorer:PowerCollector","RobotSpaceExplorer:PowerGlove","RobotSpaceExplorer:ScrapMissile","RobotSpaceExplorer:FrostMissile"],"picked":"SKIP","floor":24.0},{"not_picked":["RobotSpaceExplorer:LaserBurst","RobotSpaceExplorer:MetalStrike","RobotSpaceExplorer:LuckyStrike","RobotSpaceExplorer:Counterblock+1","RobotSpaceExplorer:TurboDodge"],"picked":"SKIP","floor":25.0},{"not_picked":["RobotSpaceExplorer:MiniDrones","RobotSpaceExplorer:StunGrenade","RobotSpaceExplorer:Counterblock","RobotSpaceExplorer:SlimeMissile"],"picked":"RobotSpaceExplorer:JunkDive","floor":28.0},{"not_picked":["RobotSpaceExplorer:Blaster","RobotSpaceExplorer:Accelerator","RobotSpaceExplorer:Exploration","RobotSpaceExplorer:DroneSwarm"],"picked":"RobotSpaceExplorer:Wormhole","floor":33.0},{"not_picked":["RobotSpaceExplorer:FreezingShield+1","RobotSpaceExplorer:GlueShot","RobotSpaceExplorer:Reload","RobotSpaceExplorer:ShockKick"],"picked":"RobotSpaceExplorer:RigExplosive+1","floor":35.0},{"not_picked":["RobotSpaceExplorer:SurgingStrike","RobotSpaceExplorer:ShovelStrike+1","RobotSpaceExplorer:StunGrenade+1","RobotSpaceExplorer:FrostMissile+1"],"picked":"RobotSpaceExplorer:FranticSearch+1","floor":38.0},{"not_picked":["RobotSpaceExplorer:GlueShot+1","RobotSpaceExplorer:Asteroid","RobotSpaceExplorer:DualCore+1","RobotSpaceExplorer:Ammunition"],"picked":"RobotSpaceExplorer:DroneSwarm","floor":42.0},{"not_picked":["RobotSpaceExplorer:FrostMissile+1","RobotSpaceExplorer:DoubleBlock+1","RobotSpaceExplorer:ShovelStrike","RobotSpaceExplorer:ScrapToss"],"picked":"RobotSpaceExplorer:RigExplosive+1","floor":45.0},{"not_picked":["RobotSpaceExplorer:MiniDrones","RobotSpaceExplorer:DoubleFind+1","RobotSpaceExplorer:SlimeMissile+1","RobotSpaceExplorer:ShockKick"],"picked":"RobotSpaceExplorer:FranticSearch+1","floor":48.0},{"not_picked":["RobotSpaceExplorer:FrostMissile","RobotSpaceExplorer:FranticSearch+1","RobotSpaceExplorer:SurgingShield+1","RobotSpaceExplorer:MiniDrones+1"],"picked":"RobotSpaceExplorer:Fix","floor":51.0},{"not_picked":["RobotSpaceExplorer:ShockKick","RobotSpaceExplorer:Pulsar+1","RobotSpaceExplorer:IronShell","RobotSpaceExplorer:ScrapShield+1","RobotSpaceExplorer:ShovelStrike+1"],"picked":"SKIP","floor":52.0},{"not_picked":["RobotSpaceExplorer:MiniDrones","RobotSpaceExplorer:StunGrenade","RobotSpaceExplorer:SurgingShield+1","RobotSpaceExplorer:LuckyStrike","RobotSpaceExplorer:FrostMissile"],"picked":"SKIP","floor":56},{"not_picked":["RobotSpaceExplorer:Autoloader","RobotSpaceExplorer:Multitool","RobotSpaceExplorer:Blaster","RobotSpaceExplorer:Explosion"],"picked":"RobotSpaceExplorer:Scanner","floor":60}],"player_experience":237922,"relics_obtained":[{"floor":1.0,"key":"SynthV:TestCard"},{"floor":6.0,"key":"hubris:MobiusCoin"},{"floor":9.0,"key":"hubris:PeanutButter"},{"floor":10.0,"key":"jedi:Pinwheel"},{"floor":14.0,"key":"reliquary:Boomerang"},{"floor":24.0,"key":"RobotSpaceExplorer:PlasmaHourglass"},{"floor":26.0,"key":"MagicDraw1"},{"floor":31.0,"key":"Bag of Marbles"},{"floor":39.0,"key":"AT_RabadonDeathcap"},{"floor":41.0,"key":"MawBank"},{"floor":42.0,"key":"Juzu Bracelet"},{"floor":43.0,"key":"Bottled Tornado"},{"floor":54.0,"key":"Whetstone"},{"floor":56,"key":"paleoftheancients:SoulOfTheVixen"},{"floor":58,"key":"infinitespire:EmpoweringShard"}],"event_choices":[{"damage_healed":0.0,"max_hp_gain":0.0,"max_hp_loss":0.0,"gold_gain":0.0,"event_name":"Duplicator","player_choice":"Copied","floor":19.0,"gold_loss":0.0,"damage_taken":0.0,"cards_obtained":["RobotSpaceExplorer:MiniLasers"]},{"cards_removed":["infinitespire:NeuralNetwork"],"damage_healed":0.0,"max_hp_gain":0.0,"max_hp_loss":0.0,"gold_gain":0.0,"event_name":"betterNote:BetterNote","player_choice":"Give","floor":22.0,"gold_loss":0.0,"damage_taken":0.0,"cards_obtained":["Doubt"]},{"damage_healed":0.0,"max_hp_gain":5.0,"max_hp_loss":0.0,"gold_gain":0.0,"event_name":"Forgotten Altar","player_choice":"Shed Blood","floor":30.0,"gold_loss":0.0,"damage_taken":25.0},{"damage_healed":0.0,"max_hp_gain":0.0,"max_hp_loss":0.0,"gold_gain":0.0,"event_name":"Winding Halls","player_choice":"Embrace Madness","floor":37.0,"gold_loss":0.0,"damage_taken":14.0,"cards_obtained":["Madness","Madness"]},{"damage_healed":0.0,"max_hp_gain":0.0,"max_hp_loss":0.0,"gold_gain":0.0,"event_name":"MindBloom","player_choice":"Fight","floor":39.0,"gold_loss":0.0,"damage_taken":0.0}],"is_beta":false,"boss_relics":[{"not_picked":["EE1DDrone","jedi:hotpepper"],"picked":"GreenFoldingFan"},{"not_picked":["hubris:BlackHole","reliquary:Ember"],"picked":"hubris:Backtick"},{"not_picked":["reliquary:RedPaperclip","TimeKeys"],"picked":"SacredBark"}],"items_purged_floors":[23,27,29,36,49],"is_endless":true,"potions_floor_spawned":[3,4,8,11,18,21,28,33,42,48,51,52],"ascension_level":0}}