{"host":"njo8qgvy2a57fcny","time":1612417403,"event":{"mods":["Aspiration","BaseMod","BetterRewards","CCEM2","Colored Map","Colored Powertips","Conspire","Custom Start","Downfall","Energized Spire","GifTheSpireLib","Halation","Hermit","Hubris","Infinite Spire","Jedi Mod","Jorbs\u0027s Wanderer Trilogy","Mimic Mod","Minty Spire (QoL Compilation)","Quick Restart","Random Character Button","Random Character Mod","Rare Cards Sparkle","Relic Sorter","Reliquary","Replay The Spire","Shop Mod","StSLib","Stuff the Spire","The Animator","The Jungle","The Runesmith","The Servant 0.9.4","Unceasing Turn Reminder","thorton"],"gold_per_floor":[99,110,122,138,138,171,171,191,191,13,23,57,57,157,168,168,168,168],"floor_reached":16,"language":"ENG","playtime":1513,"items_purged":[],"score":118,"play_id":"91e9c8b8-7774-41a1-9d92-0505cff9c440","local_time":"20210204164323","is_ascension_mode":true,"campfire_choices":[{"floor":1,"key":"RECALL"},{"data":"Limit Break","floor":13,"key":"SMITH"}],"circlet_count":0,"master_deck":["champ:Strike","champ:Strike","champ:Strike","champ:Strike","champ:Defend","champ:Defend","champ:Defend","champ:Defend","champ:Execute","champ:Taunt","champ:RapidStrikes","champ:Haymaker","champ:ShieldWall","champ:TripleStrike","champ:EnragedBash","champ:StanceDance","champ:EnGarde","Limit Break+1","champ:TornadoPunch","champ:PreciseThrust","champ:GladiatorStyle","champ:Taunt","champ:BerserkersShout","champ:RisingSlash","Double Tap","Blind","hubris:Sloth","champ:EndlessRage"],"relics":["aspiration:TomeofQuesting","m_IronCrown","Nunchaku","downfall:GremlinSack"],"acts_visited":["Exordium"],"potions_floor_usage":[6,12,14,15,16],"damage_taken":[{"damage":14,"enemies":"2 Louse","floor":2,"turns":3},{"damage":3,"enemies":"conspire:RoseBush","floor":3,"turns":4},{"damage":10,"enemies":"Cultist","floor":4,"turns":3},{"damage":20,"enemies":"Lagavulin","floor":6,"turns":6},{"damage":20,"enemies":"3 Louse","floor":8,"turns":4},{"damage":28,"enemies":"downfall:FleeingMerchant","floor":10,"turns":4},{"damage":54,"enemies":"Exordium Wildlife","floor":11,"turns":5},{"damage":37,"enemies":"3 Sentries","floor":12,"turns":6},{"damage":33,"enemies":"3 Sentries","floor":14,"turns":5},{"damage":5,"enemies":"2 Fungi Beasts","floor":15,"turns":2},{"damage":18,"enemies":"IC_STATUS_ARCHETYPE","floor":16,"turns":2}],"seed_played":"-1566763978524006749","potions_obtained":[{"floor":3,"key":"Reflective Coating"},{"floor":11,"key":"FearPotion"},{"floor":12,"key":"Languid Potion"},{"floor":14,"key":"jedi:StrikingPotion"},{"floor":15,"key":"conspire:TimeTravelPotion"}],"is_trial":false,"path_per_floor":["R","M","M","M","?","E","T","M","?","$","M","E","R","?","M","B"],"character_chosen":"THE_CHAMP","items_purchased":["Limit Break"],"campfire_rested":0,"item_purchase_floors":[10],"current_hp_per_floor":[99,95,92,92,92,82,82,67,67,70,52,36,36,9,15,0,0,0],"gold":168,"neow_bonus":"TEN_PERCENT_HP_BONUS","is_daily":false,"chose_seed":false,"campfire_upgraded":1,"win_rate":0.0,"timestamp":1612417403,"path_taken":["R","M","M","M","?","E","T","M","?","$","M","E","R","?","M","BOSS"],"items_purchased_type":["Card"],"build_version":"2020-12-22","purchased_purges":0,"victory":false,"max_hp_per_floor":[99,99,99,99,99,99,99,99,99,99,99,99,99,99,99,99,99,99],"card_choices":[{"not_picked":["champ:Shatter","champ:FancyFootwork"],"picked":"champ:RapidStrikes","floor":2},{"not_picked":["champ:PreciseThrust","champ:IronFortress"],"picked":"champ:Haymaker","floor":3},{"not_picked":["champ:BringItOn","champ:Circumvent"],"picked":"champ:ShieldWall","floor":4},{"not_picked":["champ:Devastate","champ:Parry"],"picked":"champ:EnragedBash","floor":6},{"not_picked":["champ:PreciseThrust","champ:FocusedBerserking"],"picked":"champ:StanceDance","floor":8},{"not_picked":["champ:BringItOn","champ:RapidStrikes"],"picked":"champ:EnGarde","floor":10},{"not_picked":["champ:StanceDance","champ:FalseCounter"],"picked":"champ:TornadoPunch","floor":11},{"not_picked":["champ:BerserkersShout","champ:PreemptiveStrike"],"picked":"champ:PreciseThrust","floor":12},{"not_picked":["champ:EnragedBash","champ:SwordThrow"],"picked":"champ:GladiatorStyle","floor":14},{"not_picked":["Life Link","champ:FaceSlap"],"picked":"champ:EndlessRage","floor":15}],"player_experience":759589,"relics_obtained":[{"floor":6,"key":"aspiration:TomeofQuesting"},{"floor":12,"key":"Nunchaku"},{"floor":14,"key":"downfall:GremlinSack"}],"event_choices":[],"is_beta":false,"boss_relics":[],"items_purged_floors":[],"is_endless":false,"potions_floor_spawned":[3,11,12,14,15],"killed_by":"IC_STATUS_ARCHETYPE","ascension_level":1}}