{"host":"vzgwht8xsyxo4w2o","time":1612441394,"event":{"mods":["BaseMod","Bestiary","Colored Map","Colored Powertips","Downfall","Hermit","Marisa????????","Minty Spire (QoL Compilation)","StSLib","The Bug Knight","The Cursed","The Servant 0.9.4"],"gold_per_floor":[99,116,132,132,147,158,182,203,203,215,226,237,237,314,330,330,330,330],"floor_reached":16,"language":"ENG","playtime":1323,"items_purged":[],"score":96,"play_id":"712e0f4d-882f-43dc-84a2-263055cba8f6","local_time":"20210204072314","is_ascension_mode":false,"campfire_choices":[{"data":"Slimebound:CorrosiveSpit","floor":1,"key":"SMITH"},{"data":"Slimebound:Nibble","floor":9,"key":"SMITH"}],"circlet_count":0,"master_deck":["Slimebound:Strike_Slimebound","Slimebound:Strike_Slimebound","Slimebound:Tackle","Slimebound:Defend_Slimebound","Slimebound:Defend_Slimebound","Slimebound:Defend_Slimebound","Slimebound:Defend_Slimebound","Slimebound:Split","Slimebound:CorrosiveSpit+1","Slimebound:Prepare","Slimebound:RejuvenatingLick","Slimebound:Nibble+1","Slimebound:SplitAcid","Slimebound:SlimeSpikes","Slimebound:FirmFortitude","Slimebound:ItLooksTasty","Slimebound:LeechingTouch","Slimebound:RainOfGoop"],"relics":["Slimebound:AbsorbEndCombat","Vajra","Odd Mushroom","Mercury Hourglass"],"acts_visited":["Exordium"],"potions_floor_usage":[16,16,16],"damage_taken":[{"damage":7,"enemies":"Cultist","floor":2,"turns":4},{"damage":5,"enemies":"2 Louse","floor":3,"turns":2},{"damage":11,"enemies":"Jaw Worm","floor":5,"turns":3},{"damage":3,"enemies":"3 Louse","floor":6,"turns":3},{"damage":12,"enemies":"The Mushroom Lair","floor":8,"turns":3},{"damage":3,"enemies":"2 Fungi Beasts","floor":10,"turns":2},{"damage":6,"enemies":"Large Slime","floor":11,"turns":4},{"damage":22,"enemies":"Exordium Thugs","floor":12,"turns":4},{"damage":2,"enemies":"Blue Slaver","floor":15,"turns":3},{"damage":58,"enemies":"WA_ARCHETYPE_RETAIN","floor":16,"turns":7}],"seed_played":"4570924951276630282","potions_obtained":[{"floor":2,"key":"EssenceOfSteel"},{"floor":5,"key":"Dexterity Potion"},{"floor":6,"key":"AttackPotion"},{"floor":12,"key":"PowerPotion"}],"is_trial":false,"path_per_floor":["R","M","M","?","M","M","T","?","R","M","M","M","?","T","M","B"],"character_chosen":"SLIMEBOUND","items_purchased":[],"campfire_rested":0,"item_purchase_floors":[],"current_hp_per_floor":[71,66,63,63,58,59,59,51,51,50,46,26,26,26,28,0,0,0],"gold":330,"neow_bonus":"TEN_PERCENT_HP_BONUS","is_daily":false,"chose_seed":false,"campfire_upgraded":2,"win_rate":0.0,"timestamp":1612441394,"path_taken":["R","M","?","?","?","M","T","?","R","M","M","M","?","?","M","BOSS"],"items_purchased_type":[],"build_version":"2020-12-22","purchased_purges":0,"victory":false,"max_hp_per_floor":[71,71,71,71,71,71,71,71,71,71,71,71,71,71,71,71,71,71],"card_choices":[{"not_picked":["Slimebound:MegaLick","Slimebound:PressTheAttack"],"picked":"Slimebound:Prepare","floor":2},{"not_picked":["Slimebound:SpikyOuterGoop","Slimebound:SplitBruiser"],"picked":"Slimebound:RejuvenatingLick","floor":3},{"not_picked":["Slimebound:HauntingLick","Slimebound:ViciousTackle"],"picked":"Slimebound:Nibble","floor":5},{"not_picked":["Slimebound:AcidTongue","Slimebound:LeechEnergy"],"picked":"Slimebound:SplitAcid","floor":6},{"not_picked":["Slimebound:ProtectTheBoss","Slimebound:SplitBruiser"],"picked":"Slimebound:SlimeSpikes","floor":8},{"not_picked":["Slimebound:GoopTackle","Slimebound:RejuvenatingLick"],"picked":"Slimebound:FirmFortitude","floor":10},{"not_picked":["Slimebound:GrowthPunch","Slimebound:HauntingLick"],"picked":"Slimebound:ItLooksTasty","floor":11},{"not_picked":["Slimebound:BestDefense","Slimebound:GoopSpray"],"picked":"Slimebound:LeechingTouch","floor":12},{"not_picked":["Slimebound:SplitAcid","Slimebound:SamplingLick"],"picked":"Slimebound:RainOfGoop","floor":15}],"player_experience":23000,"relics_obtained":[{"floor":7,"key":"Vajra"},{"floor":8,"key":"Odd Mushroom"},{"floor":14,"key":"Mercury Hourglass"}],"event_choices":[{"damage_healed":0,"gold_gain":0,"player_choice":"Fought Mushrooms","damage_taken":0,"max_hp_gain":0,"max_hp_loss":0,"event_name":"Mushrooms","floor":8,"gold_loss":0}],"is_beta":false,"boss_relics":[],"items_purged_floors":[],"is_endless":false,"potions_floor_spawned":[2,5,6,12,15],"killed_by":"WA_ARCHETYPE_RETAIN","ascension_level":0}}