{"host":"d85gwtocd8go8gx0","time":1612416738,"event":{"mods":["AchievementEnabler","BaseMod","Better Altar","Better Skull","Better Third Choice","Block Reminder","Colored Powertips","Curses Come First","Dark Map","Filter the Spire","Highlight Path","Minty Spire (QoL Compilation)","Permanent Neow","Quick Restart","Shop Mod","StSLib","SuperFastMode","UnlockEverythingMod"],"gold_per_floor":[115,379,390,410,423,423,437,6,6,18,18,18,54,79,79,169,169,182,206,230,230,34,34,77,100,149,0,25,78,122,146,146,245,245,266,266,18,41,72,106,106,1,70,70,89,107,107,440,440,440,440],"floor_reached":52,"language":"ENG","playtime":3740,"items_purged":["Defend_P","Writhe","Defend_P"],"score":1844,"play_id":"f9afcb60-4121-4ed1-954e-57ba7aaf146d","local_time":"20210203213218","is_ascension_mode":true,"campfire_choices":[{"floor":6.0,"key":"REST"},{"data":"Worship","floor":12.0,"key":"SMITH"},{"data":"Prostrate","floor":15.0,"key":"SMITH"},{"floor":23.0,"key":"REST"},{"floor":32.0,"key":"REST"},{"floor":41.0,"key":"REST"},{"floor":44.0,"key":"REST"},{"floor":47.0,"key":"REST"},{"floor":49.0,"key":"REST"}],"circlet_count":0,"master_deck":["AscendersBane","Strike_P","Strike_P","Strike_P","Strike_P","Defend_P","Defend_P","Eruption","Vigilance","Worship+1","EmptyBody","DeceiveReality","WheelKick","Crescendo","Prostrate","Swivel","Wallop+1","Halt","Scrawl","CurseOfTheBell","SashWhip+1","JustLucky+1","FlurryOfBlows+1","WindmillStrike+1","Brilliance+1","CutThroughFate+1","Pray","SashWhip+1","FlyingSleeves+1","SpiritShield","SashWhip+1","Worship","WheelKick+1","Perseverance","LikeWater+1","Protect+1","FollowUp+1","Protect","Perseverance","FlyingSleeves+1"],"relics":["PureWater","Strawberry","Lee\u0027s Waffle","Oddly Smooth Stone","Molten Egg 2","Letter Opener","Calling Bell","Anchor","Ornamental Fan","StoneCalendar","Sundial","Smiling Mask","Potion Belt","Toy Ornithopter","Bag of Preparation","Boot","Sozu","CloakClasp","Centennial Puzzle","Bottled Flame"],"acts_visited":["Exordium","TheCity","TheBeyond"],"potions_floor_usage":[51],"damage_taken":[{"damage":7.0,"enemies":"2 Louse","floor":1.0,"turns":4.0},{"damage":1.0,"enemies":"Cultist","floor":3.0,"turns":4.0},{"damage":3.0,"enemies":"Small Slimes","floor":4.0,"turns":4.0},{"damage":14.0,"enemies":"Exordium Wildlife","floor":5.0,"turns":4.0},{"damage":5.0,"enemies":"Large Slime","floor":7.0,"turns":8.0},{"damage":6.0,"enemies":"Looter","floor":10.0,"turns":4.0},{"damage":13.0,"enemies":"3 Sentries","floor":13.0,"turns":12.0},{"damage":0.0,"enemies":"Exordium Wildlife","floor":14.0,"turns":3.0},{"damage":66.0,"enemies":"Hexaghost","floor":16.0,"turns":16.0},{"damage":28.0,"enemies":"3 Byrds","floor":18.0,"turns":7.0},{"damage":0.0,"enemies":"2 Thieves","floor":19.0,"turns":3.0},{"damage":15.0,"enemies":"Sentry and Sphere","floor":20.0,"turns":6.0},{"damage":6.0,"enemies":"Book of Stabbing","floor":24.0,"turns":5.0},{"damage":5.0,"enemies":"Centurion and Healer","floor":28.0,"turns":2.0},{"damage":27.0,"enemies":"Gremlin Leader","floor":30.0,"turns":5.0},{"damage":0.0,"enemies":"Snecko","floor":31.0,"turns":4.0},{"damage":26.0,"enemies":"Champ","floor":33.0,"turns":8.0},{"damage":4.0,"enemies":"3 Shapes","floor":35.0,"turns":3.0},{"damage":0.0,"enemies":"3 Darklings","floor":38.0,"turns":5.0},{"damage":0.0,"enemies":"Mind Bloom Boss Battle","floor":39.0,"turns":5.0},{"damage":45.0,"enemies":"Giant Head","floor":40.0,"turns":9.0},{"damage":18.0,"enemies":"Sphere and 2 Shapes","floor":45.0,"turns":6.0},{"damage":0.0,"enemies":"4 Shapes","floor":46.0,"turns":4.0},{"damage":37,"enemies":"Awakened One","floor":50,"turns":16},{"damage":33,"enemies":"Time Eater","floor":51,"turns":12}],"seed_played":"7441813212789137393","potions_obtained":[{"floor":1.0,"key":"EntropicBrew"},{"floor":13.0,"key":"StancePotion"},{"floor":14.0,"key":"FairyPotion"},{"floor":16.0,"key":"SteroidPotion"},{"floor":31.0,"key":"Strength Potion"},{"floor":33.0,"key":"BlessingOfTheForge"}],"is_trial":false,"path_per_floor":["M","?","M","M","M","R","M","$","T","M","?","R","E","M","R","B",null,"M","M","M","?","$","R","E","T","T","?","M","T","E","M","R","B",null,"M","?","$","M","?","E","R","$","T","R","M","M","R","?","R","B","B",null],"character_chosen":"WATCHER","items_purchased":["Lee\u0027s Waffle","Oddly Smooth Stone","Prostrate","WindmillStrike+1","Brilliance+1","Worship","WheelKick+1","Perseverance","Protect"],"campfire_rested":7,"item_purchase_floors":[8,8,8,22,22,37,37,37,42],"current_hp_per_floor":[54,25,24,21,7,29,24,82,82,76,74,74,61,61,61,22,61,33,33,18,18,18,40,34,34,34,34,29,29,2,7,29,8,58,54,54,54,54,54,9,31,31,31,53,35,35,57,57,74,37,9],"gold":440,"neow_bonus":"THREE_CARDS","is_daily":false,"chose_seed":false,"campfire_upgraded":2,"win_rate":0.0,"timestamp":1612416738,"path_taken":["M","?","?","M","M","R","M","$","T","M","?","R","E","M","R","BOSS","M","M","M","?","$","R","E","?","T","?","M","?","E","?","R","BOSS","M","?","$","M","?","E","R","?","T","R","M","M","R","?","R","BOSS","BOSS"],"items_purchased_type":["Relic","Relic","Card","Card","Card","Card","Card","Card","Card"],"build_version":"2020-12-22","purchased_purges":3,"victory":true,"max_hp_per_floor":[68,75,75,75,75,75,75,82,82,82,74,74,74,74,74,74,74,74,74,74,74,74,74,74,74,74,74,74,74,74,74,74,74,74,74,74,74,74,74,74,74,74,74,74,74,74,74,74,74,74,74],"card_choices":[{"not_picked":["CutThroughFate","Evaluate"],"picked":"Worship","floor":0.0},{"not_picked":["PathToVictory","Halt"],"picked":"EmptyBody","floor":1.0},{"not_picked":["Evaluate","JustLucky"],"picked":"DeceiveReality","floor":3.0},{"not_picked":["Evaluate","CrushJoints"],"picked":"WheelKick","floor":4.0},{"not_picked":["TalkToTheHand","Pray"],"picked":"Prostrate","floor":5.0},{"not_picked":["Establishment","SashWhip"],"picked":"Crescendo","floor":7.0},{"not_picked":["Halt","CrushJoints+1"],"picked":"Swivel","floor":10.0},{"not_picked":["Adaptation","Halt"],"picked":"Wallop+1","floor":13.0},{"not_picked":["PathToVictory","ThirdEye"],"picked":"Halt","floor":14.0},{"not_picked":["Omniscience","DevaForm"],"picked":"Scrawl","floor":16.0},{"not_picked":["FollowUp+1","LikeWater"],"picked":"SashWhip+1","floor":18.0},{"not_picked":["EmptyBody","Protect"],"picked":"JustLucky+1","floor":19.0},{"not_picked":["Crescendo+1","PathToVictory"],"picked":"FlurryOfBlows+1","floor":20.0},{"not_picked":["WheelKick+1","Study"],"picked":"CutThroughFate+1","floor":24.0},{"not_picked":["CarveReality+1","Scrawl"],"picked":"Pray","floor":28.0},{"not_picked":["TalkToTheHand+1","MentalFortress"],"picked":"SashWhip+1","floor":30.0},{"not_picked":["Study","FollowUp+1"],"picked":"FlyingSleeves+1","floor":31.0},{"not_picked":["DevaForm","Omniscience"],"picked":"SpiritShield","floor":33.0},{"not_picked":["FearNoEvil+1","Tantrum+1"],"picked":"SashWhip+1","floor":35.0},{"not_picked":["Consecrate+1","WreathOfFlame"],"picked":"LikeWater+1","floor":38.0},{"not_picked":["PathToVictory","FlurryOfBlows+1"],"picked":"Protect+1","floor":39.0},{"not_picked":["ThirdEye","PathToVictory"],"picked":"FollowUp+1","floor":40.0},{"not_picked":["Halt","Evaluate"],"picked":"Perseverance","floor":45.0},{"not_picked":["Ragnarok+1","ClearTheMind"],"picked":"FlyingSleeves+1","floor":46.0}],"player_experience":31037,"relics_obtained":[{"floor":9.0,"key":"Molten Egg 2"},{"floor":13.0,"key":"Letter Opener"},{"floor":17.0,"key":"Anchor"},{"floor":17.0,"key":"Ornamental Fan"},{"floor":17.0,"key":"StoneCalendar"},{"floor":24.0,"key":"Smiling Mask"},{"floor":25.0,"key":"Potion Belt"},{"floor":26.0,"key":"Toy Ornithopter"},{"floor":29.0,"key":"Bag of Preparation"},{"floor":30.0,"key":"Boot"},{"floor":39.0,"key":"CloakClasp"},{"floor":40.0,"key":"Centennial Puzzle"},{"floor":43.0,"key":"Bottled Flame"}],"event_choices":[{"damage_healed":0.0,"max_hp_gain":0.0,"max_hp_loss":0.0,"gold_gain":264.0,"event_name":"betterSkull:BetterSkull","player_choice":"GO GO GO RE ","floor":2.0,"gold_loss":0.0,"damage_taken":41.0,"cards_upgraded":[],"relics_obtained":["Strawberry"]},{"damage_healed":0.0,"max_hp_gain":0.0,"max_hp_loss":8.0,"gold_gain":0.0,"event_name":"Golden Idol","player_choice":"Lose Max HP","floor":11.0,"gold_loss":0.0,"damage_taken":0.0,"relics_obtained":["Golden Idol"]},{"damage_healed":0.0,"max_hp_gain":0.0,"max_hp_loss":0.0,"gold_gain":0.0,"event_name":"The Mausoleum","player_choice":"Opened","floor":21.0,"gold_loss":0.0,"damage_taken":0.0,"relics_obtained":["Sundial"],"cards_obtained":["Writhe"]},{"damage_healed":0.0,"max_hp_gain":0.0,"max_hp_loss":0.0,"gold_gain":0.0,"event_name":"Masked Bandits","player_choice":"Paid Fearfully","floor":27.0,"gold_loss":149.0,"damage_taken":0.0},{"cards_removed":["Prostrate"],"damage_healed":0.0,"max_hp_gain":0.0,"max_hp_loss":0.0,"gold_gain":0.0,"event_name":"Falling","player_choice":"Removed Skill","floor":36.0,"gold_loss":0.0,"damage_taken":0.0},{"damage_healed":0.0,"max_hp_gain":0.0,"max_hp_loss":0.0,"gold_gain":0.0,"event_name":"MindBloom","player_choice":"Fight","floor":39.0,"gold_loss":0.0,"damage_taken":0.0},{"damage_healed":0.0,"max_hp_gain":0.0,"max_hp_loss":0.0,"gold_gain":333.0,"event_name":"The Moai Head","player_choice":"Gave Idol","floor":48.0,"relics_lost":["Golden Idol"],"gold_loss":0.0,"damage_taken":0.0}],"is_beta":false,"boss_relics":[{"not_picked":["Runic Dome","VioletLotus"],"picked":"Calling Bell"},{"not_picked":["Coffee Dripper","SlaversCollar"],"picked":"Sozu"}],"items_purged_floors":[8,37,42],"is_endless":false,"potions_floor_spawned":[1,13,14,16,18,20,31,33,35,39],"ascension_level":20}}