{"host":"vzgwht8xsyxo4w2o","time":1612442724,"event":{"mods":["BaseMod","Bestiary","Colored Map","Colored Powertips","Downfall","Hermit","Marisa????????","Minty Spire (QoL Compilation)","StSLib","The Bug Knight","The Cursed","The Servant 0.9.4"],"gold_per_floor":[99,111,127,139,139,151,151,164,182,201,201,201,105,125,135,135,135,135],"floor_reached":16,"language":"ENG","playtime":1314,"items_purged":[],"score":98,"play_id":"588365e4-aaf6-4402-b270-61406986faf3","local_time":"20210204074524","is_ascension_mode":false,"campfire_choices":[{"data":"Guardian:TwinSlam","floor":1,"key":"SMITH"},{"floor":11,"key":"REST"}],"circlet_count":0,"master_deck":["Guardian:Strike_Guardian","Guardian:Strike_Guardian","Guardian:Strike_Guardian","Guardian:Strike_Guardian","Guardian:Defend_Guardian","Guardian:Defend_Guardian","Guardian:Defend_Guardian","Guardian:Defend_Guardian","Guardian:CurlUp","Guardian:TwinSlam+1","Guardian:DonusPower","Guardian:Incinerate+1","Guardian:RollAttack","Guardian:ShieldSpikes","Guardian:SentryBeam+1","downfall:Malfunctioning","Guardian:BaubleBeam","Guardian:ArmoredProtocol","Guardian:ChargeCore","Guardian:Recover","Guardian:ChargeCore"],"relics":["Guardian:ModeShifter","Kunai"],"acts_visited":["Exordium"],"potions_floor_usage":[8,8],"damage_taken":[{"damage":1,"enemies":"Jaw Worm","floor":2,"turns":3},{"damage":5,"enemies":"Small Slimes","floor":3,"turns":4},{"damage":6,"enemies":"Cultist","floor":4,"turns":4},{"damage":16,"enemies":"Gremlin Gang","floor":6,"turns":5},{"damage":11,"enemies":"Large Slime","floor":8,"turns":6},{"damage":13,"enemies":"Lots of Slimes","floor":9,"turns":4},{"damage":14,"enemies":"Large Slime","floor":10,"turns":7},{"damage":10,"enemies":"downfall:FleeingMerchant","floor":13,"turns":4},{"damage":16,"enemies":"Exordium Wildlife","floor":14,"turns":3},{"damage":8,"enemies":"3 Louse","floor":15,"turns":4},{"damage":19,"enemies":"DF_ARCHETYPE_STREAMLINE","floor":16,"turns":3}],"seed_played":"2629826709496974970","potions_obtained":[{"floor":2,"key":"hexamod:SoulburnPotion"},{"floor":4,"key":"LiquidBronze"},{"floor":10,"key":"GamblersBrew"},{"floor":15,"key":"Guardian:AcceleratePotion"}],"is_trial":false,"path_per_floor":["R","M","M","M","?","M","T","M","M","M","R","?","$","M","M","B"],"character_chosen":"GUARDIAN","items_purchased":["Guardian:ArmoredProtocol","Guardian:ChargeCore"],"campfire_rested":1,"item_purchase_floors":[13,13],"current_hp_per_floor":[88,87,82,76,76,60,60,49,36,22,48,48,38,22,14,0,0,0],"gold":135,"neow_bonus":"TEN_PERCENT_HP_BONUS","is_daily":false,"chose_seed":false,"campfire_upgraded":1,"win_rate":0.0,"timestamp":1612442724,"path_taken":["R","M","M","M","?","M","T","M","M","M","R","?","$","?","M","BOSS"],"items_purchased_type":["Card","Card"],"build_version":"2020-12-22","purchased_purges":0,"victory":false,"max_hp_per_floor":[88,88,88,88,88,88,88,88,88,88,88,88,88,88,88,88,88,88],"card_choices":[{"not_picked":["Guardian:PrismaticBeam","Guardian:Planning"],"picked":"Guardian:Gem_Yellow","floor":2},{"not_picked":["Guardian:Reroute","Guardian:ChargeCore"],"picked":"Guardian:DonusPower","floor":3},{"not_picked":["Guardian:PiercingHide","Guardian:ShieldSpikes"],"picked":"Guardian:Incinerate","floor":4},{"not_picked":["Guardian:Gem_Red","Guardian:Gem_Blue"],"picked":"Guardian:RollAttack","floor":6},{"not_picked":["Guardian:Gem_Fragmented","Guardian:Reroute"],"picked":"Guardian:ShieldSpikes","floor":8},{"not_picked":["Guardian:ShieldCharger","Guardian:TimeCapacitor"],"picked":"Guardian:Gem_White","floor":9},{"not_picked":["Guardian:Preprogram","Guardian:Incinerate"],"picked":"Guardian:SentryBeam","floor":10},{"not_picked":["Guardian:WalkerClaw","Guardian:Suspension"],"picked":"Guardian:BaubleBeam","floor":13},{"not_picked":["Guardian:BodySlam","Guardian:Gem_Cyan"],"picked":"Guardian:Recover","floor":14},{"not_picked":["Guardian:ArmoredProtocol","Guardian:TemporalShield"],"picked":"Guardian:ChargeCore","floor":15}],"player_experience":24323,"relics_obtained":[{"floor":7,"key":"Kunai"}],"event_choices":[],"is_beta":false,"boss_relics":[],"items_purged_floors":[],"is_endless":false,"potions_floor_spawned":[2,4,10,15],"killed_by":"DF_ARCHETYPE_STREAMLINE","ascension_level":0}}