{"host":"g2yp6paluzgljz05","time":1612430003,"event":{"mods":["BaseMod","Bestiary","Colored Powertips","DeckTracker","Highlight Path","Minty Spire (QoL Compilation)","Quick Restart"],"gold_per_floor":[116,129,54,65,65,65,65,98,133,175,200,212,212],"floor_reached":12,"language":"ENG","playtime":1093,"items_purged":["Strike_R"],"score":117,"play_id":"1e88219c-6a86-469a-a864-68a5654ab199","local_time":"20210204201323","is_ascension_mode":true,"campfire_choices":[{"data":"Body Slam","floor":6,"key":"SMITH"}],"circlet_count":0,"master_deck":["AscendersBane","Strike_R","Strike_R","Strike_R","Defend_R+1","Defend_R","Defend_R+1","Defend_R","Bash","Body Slam+1","Juggernaut"],"relics":["Burning Blood","NeowsBlessing","MawBank","MealTicket"],"acts_visited":["Exordium"],"potions_floor_usage":[11],"damage_taken":[{"damage":0,"enemies":"Cultist","floor":1,"turns":1},{"damage":0,"enemies":"2 Louse","floor":2,"turns":1},{"damage":0,"enemies":"Jaw Worm","floor":4,"turns":1},{"damage":42,"enemies":"3 Sentries","floor":8,"turns":13},{"damage":14,"enemies":"Looter","floor":11,"turns":4},{"damage":0,"enemies":"Gremlin Nob","floor":12,"turns":2}],"seed_played":"-5765682716553558756","potions_obtained":[{"floor":2,"key":"Energy Potion"},{"floor":4,"key":"Dexterity Potion"},{"floor":8,"key":"Weak Potion"},{"floor":11,"key":"BloodPotion"}],"is_trial":false,"path_per_floor":["M","M","$","M","?","R","?","E","T","?","M","E"],"character_chosen":"IRONCLAD","items_purchased":[],"campfire_rested":0,"item_purchase_floors":[],"current_hp_per_floor":[78,80,80,80,73,73,57,21,21,21,29,29,29],"gold":212,"neow_bonus":"THREE_ENEMY_KILL","is_daily":false,"chose_seed":false,"campfire_upgraded":1,"win_rate":0.0,"timestamp":1612430003,"path_taken":["M","?","$","M","?","R","?","E","T","?","M","E"],"items_purchased_type":[],"build_version":"2020-12-22","purchased_purges":1,"victory":false,"max_hp_per_floor":[80,80,80,80,80,80,80,80,80,80,80,80,80],"card_choices":[{"not_picked":["Flex","Power Through"],"picked":"Body Slam","floor":1},{"not_picked":["Havoc","Sword Boomerang","Sever Soul"],"picked":"SKIP","floor":2},{"not_picked":["Disarm","Second Wind","Havoc"],"picked":"SKIP","floor":4},{"not_picked":["Flex","Dual Wield"],"picked":"Juggernaut","floor":8},{"not_picked":["Headbutt","Feel No Pain","Clothesline"],"picked":"SKIP","floor":11}],"player_experience":327863,"relics_obtained":[{"floor":8,"key":"MawBank"},{"floor":9,"key":"MealTicket"}],"event_choices":[{"cards_removed":["Strike_R"],"damage_healed":0,"gold_gain":0,"player_choice":"Card Removal","damage_taken":7,"max_hp_gain":0,"max_hp_loss":0,"event_name":"Golden Wing","floor":5,"gold_loss":0},{"damage_healed":0,"gold_gain":0,"player_choice":"Entered Light","damage_taken":16,"max_hp_gain":0,"max_hp_loss":0,"event_name":"Shining Light","floor":7,"gold_loss":0,"cards_upgraded":["Defend_R","Defend_R"]},{"damage_healed":0,"gold_gain":30,"player_choice":"Searched \u00271\u0027 times","damage_taken":0,"max_hp_gain":0,"max_hp_loss":0,"event_name":"Dead Adventurer","floor":10,"gold_loss":0}],"is_beta":false,"boss_relics":[],"items_purged_floors":[3],"is_endless":false,"potions_floor_spawned":[2,4,8,11],"killed_by":"Gremlin Nob","ascension_level":10}}