{"host":"0xtpc43j5kblke7u","time":1612412687,"event":{"mods":["AchievementEnabler","BaseMod","Colored Map","Highlight Path","Minty Spire (QoL Compilation)"],"gold_per_floor":[16,16,16,16,41,79,95,95,118,118,162,186,186,186,186,186,186],"floor_reached":16,"language":"ENG","playtime":658,"items_purged":[],"score":130,"play_id":"20b13317-bc0b-4930-966d-06f58e0cabd4","local_time":"20210203232447","is_ascension_mode":true,"campfire_choices":[{"floor":13,"key":"REST"},{"data":"Scrawl","floor":15,"key":"SMITH"}],"circlet_count":0,"master_deck":["Strike_P","Strike_P","Strike_P","Strike_P","Defend_P","Defend_P","Defend_P","Defend_P","Eruption","Vigilance","Thinking Ahead","CutThroughFate","FearNoEvil","Evaluate","ClearTheMind","Parasite","Scrawl+1","FlurryOfBlows","Protect"],"relics":["PureWater","Golden Idol","Art of War","Blue Candle","Ancient Tea Set","Shuriken"],"acts_visited":["Exordium"],"potions_floor_usage":[6,11],"damage_taken":[{"damage":2.0,"enemies":"Jaw Worm","floor":1.0,"turns":3.0},{"damage":6,"enemies":"2 Louse","floor":5,"turns":2},{"damage":38,"enemies":"Lagavulin","floor":6,"turns":9},{"damage":0,"enemies":"Cultist","floor":7,"turns":2},{"damage":4,"enemies":"3 Sentries","floor":11,"turns":4},{"damage":5,"enemies":"2 Fungi Beasts","floor":12,"turns":3},{"damage":28,"enemies":"The Guardian","floor":16,"turns":5}],"seed_played":"977544602203763476","potions_obtained":[{"floor":1.0,"key":"Block Potion"},{"floor":7,"key":"AttackPotion"},{"floor":12,"key":"Strength Potion"}],"is_trial":false,"path_per_floor":["M","$","?","$","M","E","M","?","T","?","E","M","R","?","R","B"],"character_chosen":"WATCHER","items_purchased":[],"campfire_rested":1,"item_purchase_floors":[],"current_hp_per_floor":[70,70,67,67,61,23,23,20,20,20,16,11,31,25,25,0,0],"gold":186,"neow_bonus":"RANDOM_COLORLESS_2","is_daily":false,"chose_seed":false,"campfire_upgraded":1,"win_rate":0.0,"timestamp":1612412687,"path_taken":["M","$","?","$","M","E","M","?","T","?","E","?","R","?","R","BOSS"],"items_purchased_type":[],"build_version":"2020-12-22","purchased_purges":0,"victory":false,"max_hp_per_floor":[72,72,67,67,67,67,67,67,67,67,67,67,67,67,67,67,67],"card_choices":[{"not_picked":["Secret Technique","Magnetism"],"picked":"Thinking Ahead","floor":0.0},{"not_picked":["Halt","JustLucky"],"picked":"CutThroughFate","floor":1.0},{"not_picked":["Halt","Sanctity"],"picked":"FearNoEvil","floor":5},{"not_picked":["InnerPeace","TalkToTheHand"],"picked":"Evaluate","floor":6},{"not_picked":["Wish","Weave"],"picked":"ClearTheMind","floor":7},{"not_picked":["ClearTheMind","Crescendo"],"picked":"FlurryOfBlows","floor":11},{"not_picked":["ClearTheMind","Crescendo"],"picked":"Protect","floor":12}],"player_experience":669162,"relics_obtained":[{"floor":6,"key":"Art of War"},{"floor":9,"key":"Ancient Tea Set"},{"floor":11,"key":"Shuriken"}],"event_choices":[{"damage_healed":0.0,"max_hp_gain":0.0,"max_hp_loss":5.0,"gold_gain":0.0,"event_name":"Golden Idol","player_choice":"Lose Max HP","floor":3.0,"gold_loss":0.0,"damage_taken":0.0,"relics_obtained":["Golden Idol"]},{"damage_healed":0,"gold_gain":0,"player_choice":"Success","damage_taken":3,"relics_obtained":["Blue Candle"],"max_hp_gain":0,"max_hp_loss":0,"event_name":"Scrap Ooze","floor":8,"gold_loss":0},{"damage_healed":0,"gold_gain":0,"player_choice":"2 cards matched","damage_taken":0,"max_hp_gain":0,"max_hp_loss":0,"event_name":"Match and Keep!","floor":10,"gold_loss":0,"cards_obtained":["Parasite","Scrawl"]},{"damage_healed":0,"gold_gain":0,"player_choice":"Damaged","damage_taken":6,"max_hp_gain":0,"max_hp_loss":0,"event_name":"Wheel of Change","floor":14,"gold_loss":0}],"is_beta":false,"boss_relics":[],"items_purged_floors":[],"is_endless":false,"potions_floor_spawned":[1,7,12],"killed_by":"The Guardian","ascension_level":4}}