{"host":"uv231blk40vjdojr","time":1612439601,"event":{"mods":["BaseMod","Bestiary","Minty Spire (QoL Compilation)","Relic Stats"],"gold_per_floor":[115,125,125,125,143,169,169,200,249,261,261,279,3,33,33,107,107,124,81,81,81,81],"floor_reached":21,"language":"ENG","playtime":794,"items_purged":["Strike_R"],"score":398,"play_id":"f410f967-5146-4c5b-b0be-b58d1195cb4f","local_time":"20210204125321","is_ascension_mode":true,"campfire_choices":[{"data":"Immolate","floor":7,"key":"SMITH"},{"data":"True Grit","floor":11,"key":"SMITH"},{"data":"Evolve","floor":15,"key":"SMITH"}],"circlet_count":0,"master_deck":["AscendersBane","Strike_R","Strike_R","Strike_R+1","Defend_R","Defend_R","Defend_R","Defend_R","Bash","Immolate+1","Reckless Charge+1","Armaments+1","Rampage","True Grit+1","Intimidate","Offering","Evolve+1","Demon Form","Flame Barrier","Dark Embrace"],"relics":["Burning Blood","Self Forming Clay","Omamori","Bag of Preparation","Membership Card","Whetstone","SlaversCollar"],"acts_visited":["Exordium","TheCity"],"potions_floor_usage":[6,16,18],"damage_taken":[{"damage":3,"enemies":"Small Slimes","floor":1,"turns":2},{"damage":7,"enemies":"Jaw Worm","floor":2,"turns":2},{"damage":1,"enemies":"Cultist","floor":5,"turns":3},{"damage":32,"enemies":"Gremlin Nob","floor":6,"turns":4},{"damage":19,"enemies":"Lagavulin","floor":8,"turns":7},{"damage":1,"enemies":"Exordium Thugs","floor":10,"turns":3},{"damage":0,"enemies":"2 Fungi Beasts","floor":12,"turns":3},{"damage":11,"enemies":"3 Sentries","floor":14,"turns":4},{"damage":12,"enemies":"The Guardian","floor":16,"turns":8},{"damage":10,"enemies":"3 Byrds","floor":18,"turns":4},{"damage":26,"enemies":"2 Thieves","floor":19,"turns":5},{"damage":37,"enemies":"Sentry and Sphere","floor":21,"turns":5}],"seed_played":"-2985209914655740768","potions_obtained":[{"floor":1,"key":"AttackPotion"},{"floor":2,"key":"GamblersBrew"},{"floor":12,"key":"Fire Potion"},{"floor":14,"key":"CultistPotion"},{"floor":18,"key":"Energy Potion"}],"is_trial":false,"path_per_floor":["M","M","?","?","M","E","R","E","T","M","R","M","$","E","R","B",null,"M","M","?","M"],"character_chosen":"IRONCLAD","items_purchased":["Membership Card","Offering"],"campfire_rested":0,"item_purchase_floors":[13,13],"current_hp_per_floor":[68,67,67,67,68,42,42,29,29,34,34,40,40,35,35,29,58,54,34,34,0,0],"gold":81,"neow_bonus":"THREE_RARE_CARDS","is_daily":false,"chose_seed":false,"campfire_upgraded":3,"win_rate":0.0,"timestamp":1612439601,"path_taken":["M","M","?","?","?","E","R","E","T","M","R","M","?","E","R","BOSS","M","M","?","M"],"items_purchased_type":["Relic","Card"],"build_version":"2020-12-22","purchased_purges":1,"victory":false,"max_hp_per_floor":[68,68,68,68,68,68,68,68,68,68,68,68,68,68,68,68,68,68,68,68,68,68],"relic_stats":{"counters":[12,50],"Self Forming Clay":[57],"Bag of Preparation":[14],"Whetstone":["Reckless Charge","Strike_R"],"obtain_stats":[{"SlaversCollar":17,"Self Forming Clay":6,"Omamori":8,"Bag of Preparation":9,"Membership Card":13,"Whetstone":14,"Burning Blood":0},{"SlaversCollar":9,"Self Forming Clay":4,"Omamori":5,"Bag of Preparation":5,"Membership Card":7,"Whetstone":8,"Burning Blood":0},{"SlaversCollar":36,"Self Forming Clay":11,"Omamori":18,"Bag of Preparation":18,"Membership Card":24,"Whetstone":28,"Burning Blood":0}],"Burning Blood":59},"card_choices":[{"not_picked":["Demon Form","Barricade"],"picked":"Immolate","floor":0},{"not_picked":["Pummel","Sword Boomerang"],"picked":"Reckless Charge","floor":1},{"not_picked":["Heavy Blade","Anger"],"picked":"Armaments","floor":2},{"not_picked":["Armaments","Combust","Warcry"],"picked":"SKIP","floor":5},{"not_picked":["Anger","Pommel Strike"],"picked":"Rampage","floor":6},{"not_picked":["Warcry","Heavy Blade","Reckless Charge"],"picked":"SKIP","floor":8},{"not_picked":["Wild Strike","Battle Trance"],"picked":"True Grit","floor":10},{"not_picked":["Reckless Charge","Cleave"],"picked":"Intimidate","floor":12},{"not_picked":["Second Wind","Sever Soul"],"picked":"Evolve","floor":14},{"not_picked":["Immolate","Brutality"],"picked":"Demon Form","floor":16},{"not_picked":["Whirlwind","Clash+1"],"picked":"Flame Barrier","floor":18},{"not_picked":["Shrug It Off","Iron Wave"],"picked":"Dark Embrace","floor":19}],"player_experience":740937,"relics_obtained":[{"floor":6,"key":"Self Forming Clay"},{"floor":8,"key":"Omamori"},{"floor":9,"key":"Bag of Preparation"},{"floor":14,"key":"Whetstone"}],"event_choices":[{"damage_healed":0,"gold_gain":0,"player_choice":"Grow","damage_taken":0,"max_hp_gain":0,"max_hp_loss":0,"event_name":"Living Wall","floor":3,"gold_loss":0,"cards_upgraded":["Armaments"]},{"cards_removed":["Strike_R"],"damage_healed":0,"gold_gain":0,"player_choice":"Purged","damage_taken":0,"max_hp_gain":0,"max_hp_loss":0,"event_name":"Purifier","floor":4,"gold_loss":0},{"damage_healed":0,"gold_gain":0,"player_choice":"Ignored","damage_taken":0,"max_hp_gain":0,"max_hp_loss":0,"event_name":"The Mausoleum","floor":20,"gold_loss":0}],"is_beta":false,"boss_relics":[{"not_picked":["Philosopher\u0027s Stone","Pandora\u0027s Box"],"picked":"SlaversCollar"}],"items_purged_floors":[13],"is_endless":false,"potions_floor_spawned":[1,2,12,14,18],"killed_by":"Sentry and Sphere","ascension_level":20}}