{"host":"61ejhfsushs0xmcl","time":1612428223,"event":{"mods":["ATMod(°¢èªMod)","Act Like it!","BaseMod","Colored Map","Gold Saver","Minty Spire (QoL Compilation)","MostiFishMod","Reliquary","Spicy Shops","StSLib","TestMod","[IsaacMod]ÒÔÈö¼âËþ","¡¾ÒÅÎï¿¨ÅÆ¡¿REMEMod","óô»ðÖ¸ÄÏ"],"gold_per_floor":[3088,3106,2086,2096,2113,2113,2513,2513,2539,2565,2580,2580,2615,2665,2665,2740,2740,2756,2756,2806,2819,2835,2870,2085,2120,2120,2170,2190,2218,1233,1246,540,614,614,629,649,694,694,419,453,476,507,530,395,555,646,564,621,380,435,462,462,396,102,177,282],"floor_reached":57,"language":"ZHS","playtime":1975,"items_purged":["Defend_P","Defend_P","Defend_P","Strike_P","Strike_P","Strike_P","Defend_P+1"],"score":3897,"play_id":"ebd717c5-89ad-4c1b-8232-179e8cd7d6c1","local_time":"20210204164343","is_ascension_mode":true,"campfire_choices":[{"floor":6.0,"key":"RECALL"},{"data":"REME_FirmDetermination","floor":8.0,"key":"SMITH"},{"data":"MentalFortress","floor":12.0,"key":"SMITH"},{"data":"testmod-Collector","floor":15.0,"key":"SMITH"}],"circlet_count":0,"master_deck":["AscendersBane","Eruption+1","Vigilance+1","AT_IchimonjiDouble+1","ClearTheMind+1","REME_FirmDetermination+1","Adaptation+1","MentalFortress+1","testmod-Collector+1","Adaptation+1","MostiFishMod:KamiSmash+1","MostiFishMod:Adaptation+1","LessonLearned+1","TalkToTheHand+1","FlurryOfBlows+1","Clumsy","MentalFortress+1","MostiFishMod:TheLastGuard+1","Madness+1","Madness+1","MasterReality+1","TalkToTheHand+1"],"relics":["PureWater","testmod-TestBox","AT_ATBox","REME_ComplimentaryCards","HushsDoor","testmod-Recursion","D6","ThornShield","SynthV:TestCard","Akabeko","Incense Burner","BrkXgEgg","reliquary:Bookmark","testmod-Brilliant","Meat on the Bone","REME_HourglassOfDeath","Strawberry","testmod-Prudence","BelialBook","PreservedInsect","OriginationStaff","Cauldron","testmod-LifeArmor","Lizard Tail","Letter Opener","Happy Flower","AT_ChloranthyRing","TheAbacus","AT_RedNoBalance","Vajra","Bag of Preparation","War Paint","PrismaticShard","TeardropLocket","DollysMirror","Philosopher\u0027s Stone","Du-Vu Doll","SteamSale","Question Card","Orichalcum","BookOfRevelations","Gremlin Horn","AT_MibuBalloonWealth","Juzu Bracelet","testmod-Acrobat","AT_SpeedBoots","Regal Pillow","Dodecahedron","AT_RedTearstoneRing","testmod-Justice","HowToJump","reliquary:RoseTintedGlasses","Pen Nib","Art of War","testmod-IntensifyImprint"],"acts_visited":["Exordium","TheCity","TheBeyond","TheEnding"],"potions_floor_usage":[44,56,56,56],"damage_taken":[{"damage":0.0,"enemies":"Small Slimes","floor":1.0,"turns":4.0},{"damage":4.0,"enemies":"2 Louse","floor":2.0,"turns":2.0},{"damage":0.0,"enemies":"Jaw Worm","floor":4.0,"turns":1.0},{"damage":0.0,"enemies":"Lots of Slimes","floor":5.0,"turns":1.0},{"damage":0.0,"enemies":"Lagavulin","floor":10.0,"turns":3.0},{"damage":0.0,"enemies":"Exordium Thugs","floor":11.0,"turns":1.0},{"damage":0.0,"enemies":"3 Sentries","floor":13.0,"turns":1.0},{"damage":0.0,"enemies":"Hiden Room Battle","floor":14.0,"turns":1.0},{"damage":0.0,"enemies":"Hexaghost","floor":16.0,"turns":2.0},{"damage":0.0,"enemies":"Chosen","floor":18.0,"turns":1.0},{"damage":0.0,"enemies":"3 Byrds","floor":21.0,"turns":1.0},{"damage":0.0,"enemies":"Cultist and Chosen","floor":22.0,"turns":1.0},{"damage":0.0,"enemies":"Slavers","floor":23.0,"turns":1.0},{"damage":0.0,"enemies":"Gremlin Leader","floor":25.0,"turns":1.0},{"damage":0.0,"enemies":"Hiden Room Battle","floor":27.0,"turns":1.0},{"damage":0.0,"enemies":"Sentry and Sphere","floor":28.0,"turns":1.0},{"damage":0.0,"enemies":"Book of Stabbing","floor":29.0,"turns":2.0},{"damage":0.0,"enemies":"Snecko","floor":31.0,"turns":2.0},{"damage":0.0,"enemies":"Champ","floor":33.0,"turns":3.0},{"damage":0.0,"enemies":"3 Shapes","floor":35.0,"turns":1.0},{"damage":0.0,"enemies":"Orb Walker","floor":36.0,"turns":1.0},{"damage":12.0,"enemies":"2 Orb Walkers","floor":37.0,"turns":2.0},{"damage":0.0,"enemies":"Nemesis","floor":40.0,"turns":3.0},{"damage":0.0,"enemies":"Giant Head","floor":42.0,"turns":2.0},{"damage":0,"enemies":"Reptomancer","floor":45,"turns":2},{"damage":0,"enemies":"Jaw Worm Horde","floor":46,"turns":1},{"damage":0,"enemies":"Giant Head","floor":48,"turns":1},{"damage":0,"enemies":"Donu and Deca","floor":50,"turns":1},{"damage":0,"enemies":"Time Eater","floor":51,"turns":2},{"damage":0,"enemies":"Shield and Spear","floor":55,"turns":1},{"damage":240,"enemies":"Delirium","floor":56,"turns":4}],"seed_played":"3161596272503063393","potions_obtained":[{"floor":2.0,"key":"Energy Potion"},{"floor":4.0,"key":"DistilledChaos"},{"floor":24.0,"key":"testmod-SpacePotion"},{"floor":24.0,"key":"Energy Potion"},{"floor":24.0,"key":"Regen Potion"},{"floor":33.0,"key":"PowerPotion"},{"floor":46,"key":"Block Potion"},{"floor":48,"key":"LiquidBronze"},{"floor":55,"key":"Ambrosia"}],"is_trial":false,"path_per_floor":["M","M","$","M","M","R","?","R","T","E","M","R","E","?","R","B",null,"M","?","?","M","M","E","R","E","T","?","M","E","R","M","R","B",null,"M","M","?","?","$","E","T","E","T","$","E","M","R","E","R","B","B",null,"R","$","E","B",null],"character_chosen":"WATCHER","items_purchased":["MentalFortress","Akabeko","Incense Burner","BrkXgEgg","reliquary:Bookmark","testmod-Collector","LessonLearned","BelialBook","PreservedInsect","testmod-SpacePotion","Fruit Juice","OriginationStaff","Cauldron","TheAbacus","AT_SilverBalance","Vajra","Bag of Preparation","War Paint","PrismaticShard","TeardropLocket","DollysMirror","FairyPotion","SteamSale","Question Card","testmod-SpacePotion","Fruit Juice","Juzu Bracelet","AT_SpeedBoots","reliquary:FerryPass","Dodecahedron","AT_RedTearstoneRing","TalkToTheHand","testmod-Justice","HowToJump","reliquary:RoseTintedGlasses","Pen Nib","Art of War"],"campfire_rested":0,"item_purchase_floors":[3,3,3,3,3,3,17,17,24,24,24,24,24,30,30,30,30,30,32,32,32,34,39,39,39,44,44,47,49,49,49,49,53,54,54,54,54],"current_hp_per_floor":[61,57,57,57,57,57,57,57,57,57,57,57,57,49,49,49,54,54,54,54,54,54,54,59,59,59,44,44,44,44,42,42,42,48,37,37,37,28,28,28,28,28,28,33,33,33,33,33,33,33,33,50,50,50,50,28],"gold":282,"neow_bonus":"THREE_CARDS","is_daily":false,"chose_seed":false,"campfire_upgraded":3,"win_rate":0.0,"timestamp":1612428223,"path_taken":["M","M","$","M","M","R","?","R","T","E","M","R","E","?","R","BOSS","M","?","?","M","?","E","R","E","T","?","M","E","R","?","R","BOSS","M","?","?","?","$","E","?","E","T","?","E","M","R","E","R","BOSS","BOSS","R","$","E","BOSS"],"items_purchased_type":["Card","Relic","Relic","Relic","Relic","Card","Card","Relic","Relic","Potion","Potion","Relic","Relic","Relic","Relic","Relic","Relic","Relic","Relic","Relic","Relic","Potion","Relic","Relic","Potion","Potion","Relic","Relic","Relic","Relic","Relic","Card","Relic","Relic","Relic","Relic","Relic"],"build_version":"2020-12-22","purchased_purges":7,"victory":true,"max_hp_per_floor":[68,68,68,68,68,68,68,68,68,68,68,68,68,75,75,75,56,56,56,56,56,56,56,61,61,61,61,61,61,61,61,61,61,50,50,50,50,50,50,50,50,50,50,55,55,55,55,55,55,55,55,55,55,55,55,55],"card_choices":[{"not_picked":["AT_RealFormLess","Fasting2"],"picked":"ClearTheMind","floor":0.0},{"not_picked":["EmptyMind","CrushJoints","REME_WorshipGod"],"picked":"SKIP","floor":1.0},{"not_picked":["Prostrate","WheelKick","CutThroughFate","CrushJoints"],"picked":"Adaptation","floor":2.0},{"not_picked":["Meditate","AT_SoftenMuscles","FollowUp","JustLucky"],"picked":"Bomb","floor":4.0},{"not_picked":["MostiFishMod:Nomercy","AT_SoftenMuscles","EmptyFist","Wireheading"],"picked":"Adaptation","floor":5.0},{"not_picked":["FlurryOfBlows","Vengeance","EmptyFist","Tantrum"],"picked":"MostiFishMod:KamiSmash+1","floor":10.0},{"not_picked":["SashWhip","FlyingSleeves","Vengeance","MostiFishMod:KamiSmash+1","Protect"],"picked":"SKIP","floor":11.0},{"not_picked":["BowlingBash","SandsOfTime","FearNoEvil","Brilliance+1","Wallop"],"picked":"SKIP","floor":13.0},{"not_picked":["MasterReality+1","MostiFishMod:Minus+1","REME_EmptyShield+1","Wish+1"],"picked":"MostiFishMod:Adaptation+1","floor":16.0},{"not_picked":["AT_RealFormLess","ThirdEye","JustLucky","Wireheading+1","MostiFishMod:Clarity"],"picked":"SKIP","floor":18.0},{"not_picked":["FlyingSleeves","MostiFishMod:LegendTransform","Protect","MostiFishMod:Minus+1","Crescendo"],"picked":"SKIP","floor":21.0},{"not_picked":["JustLucky","FollowUp+1","CrushJoints","CarveReality"],"picked":"TalkToTheHand+1","floor":22.0},{"not_picked":["ClearTheMind","BowlingBash","Worship","AT_OneInchPunch"],"picked":"FlurryOfBlows+1","floor":23.0},{"not_picked":["Protect","Swivel","MostiFishMod:FlowState","REME_MusicOfDeath","BowlingBash"],"picked":"SKIP","floor":25.0},{"not_picked":["MostiFishMod:PathToVictory","Protect+1","FlyingSleeves","FlurryOfBlows","Worship"],"picked":"SKIP","floor":28.0},{"not_picked":["WheelKick","ForeignInfluence","Indignation","MostiFishMod:Clarity","MostiFishMod:Dust+1"],"picked":"SKIP","floor":29.0},{"not_picked":["CrushJoints","EmptyBody","AT_DivineConfetti","SashWhip","EmptyFist+1"],"picked":"SKIP","floor":31.0},{"not_picked":["Vault+1","REME_GrazeFinale+1","Exhume+1","Rainbow+1"],"picked":"MostiFishMod:TheLastGuard+1","floor":33.0},{"not_picked":["Gash","All Out Attack","ClearTheMind","CutThroughFate","Perfected Strike"],"picked":"SKIP","floor":35.0},{"not_picked":["Prepared","Beam Cell+1","Dagger Throw","FTL","FollowUp+1"],"picked":"SKIP","floor":36.0},{"not_picked":["FlyingSleeves","Slice","Headbutt+1","Crescendo","Cold Snap"],"picked":"MasterReality+1","floor":40.0},{"not_picked":["Deflect","Halt+1","Leap","Dash+1","CutThroughFate","MostiFishMod:Speedup"],"picked":"SKIP","floor":42.0},{"not_picked":["Acrobatics","Beam Cell","Consume","AT_TinkerSharpsword","Redo","EmptyFist"],"picked":"SKIP","floor":45},{"not_picked":["Poisoned Stab+1","BootSequence","Eviscerate","SashWhip","Beam Cell","Metamorphosis+1"],"picked":"SKIP","floor":46},{"not_picked":["AT_ThunderBolt","Streamline+1","Coolheaded","MostiFishMod:FluxCapactior","MostiFishMod:FrostNova","Blade Dance"],"picked":"SKIP","floor":48},{"not_picked":["Redo","Shrug It Off","AT_GerminateFire","Slice+1","Predator","Thunderclap+1"],"picked":"SKIP","floor":55}],"player_experience":844881,"relics_obtained":[{"floor":1.0,"key":"SynthV:TestCard"},{"floor":10.0,"key":"testmod-Brilliant"},{"floor":13.0,"key":"Meat on the Bone"},{"floor":14.0,"key":"REME_HourglassOfDeath"},{"floor":14.0,"key":"Strawberry"},{"floor":25.0,"key":"testmod-LifeArmor"},{"floor":26.0,"key":"Lizard Tail"},{"floor":27.0,"key":"Letter Opener"},{"floor":27.0,"key":"Happy Flower"},{"floor":29.0,"key":"AT_ChloranthyRing"},{"floor":37.0,"key":"Du-Vu Doll"},{"floor":40.0,"key":"Orichalcum"},{"floor":41.0,"key":"BookOfRevelations"},{"floor":42.0,"key":"Gremlin Horn"},{"floor":43.0,"key":"AT_MibuBalloonWealth"},{"floor":45,"key":"testmod-Acrobat"},{"floor":48,"key":"Regal Pillow"},{"floor":55,"key":"testmod-IntensifyImprint"}],"event_choices":[{"damage_healed":0.0,"max_hp_gain":0.0,"max_hp_loss":0.0,"gold_gain":400.0,"event_name":"¶÷ÂåË¹µÄÅÌ×Ó","player_choice":"Sell","floor":7.0,"relics_lost":["DaveBox"],"gold_loss":0.0,"damage_taken":0.0},{"damage_healed":0.0,"max_hp_gain":0.0,"max_hp_loss":0.0,"gold_gain":0.0,"event_name":"HidenRoomEvent","player_choice":"Fight","floor":14.0,"gold_loss":0.0,"damage_taken":0.0},{"cards_removed":["Strike_P"],"damage_healed":0.0,"max_hp_gain":0.0,"max_hp_loss":0.0,"gold_gain":0.0,"event_name":"Back to Basics","player_choice":"Elegance","floor":19.0,"gold_loss":0.0,"damage_taken":0.0},{"damage_healed":0.0,"max_hp_gain":0.0,"max_hp_loss":0.0,"gold_gain":50.0,"event_name":"Nest","player_choice":"Stole From Cult","floor":20.0,"gold_loss":0.0,"damage_taken":0.0},{"damage_healed":0.0,"max_hp_gain":0.0,"max_hp_loss":0.0,"gold_gain":0.0,"event_name":"HidenRoomEvent","player_choice":"Fight","floor":27.0,"gold_loss":0.0,"damage_taken":0.0},{"damage_healed":0.0,"max_hp_gain":0.0,"max_hp_loss":0.0,"gold_gain":0.0,"event_name":"Mysterious Sphere","player_choice":"Fight","floor":37.0,"gold_loss":0.0,"damage_taken":0.0},{"damage_healed":0.0,"max_hp_gain":0.0,"max_hp_loss":0.0,"gold_gain":0.0,"event_name":"Winding Halls","player_choice":"Embrace Madness","floor":38.0,"gold_loss":0.0,"damage_taken":9.0,"cards_obtained":["Madness","Madness"]}],"is_beta":false,"boss_relics":[{"not_picked":["reliquary:KinkedSpring","FixedStarFall"],"picked":"testmod-Prudence"},{"not_picked":[]},{"not_picked":["REME_ChargedStone","reliquary:RedPaperclip"],"picked":"Philosopher\u0027s Stone"},{"not_picked":[]}],"items_purged_floors":[3,3,17,24,30,32,34],"is_endless":false,"potions_floor_spawned":[2,4,10,16,23,25,27,31,33,35,37,46,48,55],"ascension_level":20}}