{"host":"rolltorest","time":1612418094,"event":{"mods":["BaseMod","Minty Spire (QoL Compilation)","Relic Stats","Slay the Relics Exporter","StSLib"],"gold_per_floor":[112,262,187,187,18,44,60,87,87,103,136,136,38,71,71,148,148,162,172,9,9,9,35,35,35],"floor_reached":24,"language":"ENG","playtime":594,"items_purged":["Doubt"],"score":530,"play_id":"86df5b89-076d-4d8c-aece-6d7f5a2f1fd6","local_time":"20210203215454","is_ascension_mode":true,"campfire_choices":[{"floor":12,"key":"REST"},{"data":"Defragment","floor":15,"key":"SMITH"}],"circlet_count":0,"master_deck":["AscendersBane","Strike_B","Strike_B","Strike_B","Strike_B","Defend_B","Defend_B","Defend_B","Defend_B","Zap+1","Dualcast","Streamline","Ball Lightning","Doom and Gloom","Glacier","Echo Form","Defragment","Cold Snap","Defragment+1","Biased Cognition","Genetic Algorithm","Compile Driver"],"relics":["Cracked Core","NeowsBlessing","DataDisk","Ornamental Fan","Happy Flower","Kunai","Toy Ornithopter","Cables","Black Star","Bag of Preparation","GremlinMask","Matryoshka","Symbiotic Virus"],"acts_visited":["Exordium","TheCity"],"potions_floor_usage":[16,18],"damage_taken":[{"damage":0,"enemies":"2 Louse","floor":1,"turns":1},{"damage":0,"enemies":"Lagavulin","floor":6,"turns":1},{"damage":0,"enemies":"Jaw Worm","floor":7,"turns":1},{"damage":31,"enemies":"Gremlin Nob","floor":8,"turns":4},{"damage":1,"enemies":"Cultist","floor":10,"turns":3},{"damage":15,"enemies":"3 Sentries","floor":11,"turns":5},{"damage":9,"enemies":"Gremlin Nob","floor":14,"turns":4},{"damage":2,"enemies":"Slime Boss","floor":16,"turns":8},{"damage":18,"enemies":"3 Byrds","floor":18,"turns":5},{"damage":0,"enemies":"Chosen","floor":19,"turns":7},{"damage":46,"enemies":"Gremlin Leader","floor":23,"turns":8},{"damage":0,"enemies":"Shelled Parasite and Fungi","floor":24,"turns":1}],"seed_played":"-6608681031566651280","potions_obtained":[{"floor":1,"key":"SpeedPotion"},{"floor":14,"key":"BlessingOfTheForge"},{"floor":23,"key":"Block Potion"}],"is_trial":false,"path_per_floor":["M","?","$","?","$","E","M","E","T","M","E","R","$","E","R","B",null,"M","M","$","?","$","E","M"],"character_chosen":"DEFECT","items_purchased":["DataDisk","Defragment","Cold Snap","Bag of Preparation"],"campfire_rested":1,"item_purchase_floors":[5,13,13,20],"current_hp_per_floor":[64,64,64,64,64,64,64,33,33,32,17,38,38,29,29,32,61,48,48,48,48,48,2,2,2],"gold":35,"neow_bonus":"THREE_ENEMY_KILL","is_daily":false,"chose_seed":false,"campfire_upgraded":1,"win_rate":0.0,"timestamp":1612418094,"path_taken":["M","?","$","?","?","E","M","E","T","M","E","R","$","E","R","BOSS","M","?","$","?","$","E","M"],"items_purchased_type":["Relic","Card","Card","Relic"],"build_version":"2020-12-18","purchased_purges":1,"victory":false,"max_hp_per_floor":[71,71,71,71,71,71,71,71,71,71,71,71,71,71,71,71,71,71,71,71,71,71,71,71,71],"relic_stats":{"Happy Flower":[13],"counters":[12,48],"Ornamental Fan":[20],"Black Star":1,"Bag of Preparation":[4],"Kunai":[4],"obtain_stats":[{"NeowsBlessing":0,"Happy Flower":8,"GremlinMask":21,"Bag of Preparation":20,"Cables":14,"DataDisk":5,"Matryoshka":23,"Ornamental Fan":6,"Black Star":17,"Kunai":9,"Cracked Core":0,"Symbiotic Virus":23,"Toy Ornithopter":11},{"NeowsBlessing":0,"Happy Flower":4,"GremlinMask":10,"Bag of Preparation":10,"Cables":7,"DataDisk":1,"Matryoshka":11,"Ornamental Fan":2,"Black Star":8,"Kunai":4,"Cracked Core":0,"Symbiotic Virus":11,"Toy Ornithopter":6},{"NeowsBlessing":0,"Happy Flower":7,"GremlinMask":39,"Bag of Preparation":39,"Cables":19,"DataDisk":1,"Matryoshka":47,"Ornamental Fan":2,"Black Star":27,"Kunai":7,"Cracked Core":0,"Symbiotic Virus":47,"Toy Ornithopter":15}],"Toy Ornithopter":10,"Cables":[24,10,14,0,0]},"card_choices":[{"not_picked":["White Noise","Hologram","Gash"],"picked":"SKIP","floor":1},{"not_picked":["Redo","Conserve Battery"],"picked":"Streamline","floor":6},{"not_picked":["Loop","Scrape"],"picked":"Ball Lightning","floor":7},{"not_picked":["Reprogram","BootSequence"],"picked":"Doom and Gloom","floor":8},{"not_picked":["Conserve Battery","Tempest"],"picked":"Glacier","floor":10},{"not_picked":["FTL","Redo"],"picked":"Echo Form","floor":11},{"not_picked":["Buffer","Sunder"],"picked":"Defragment","floor":14},{"not_picked":["Multi-Cast","All For One"],"picked":"Biased Cognition","floor":16},{"not_picked":["Steam Power","Conserve Battery"],"picked":"Genetic Algorithm","floor":18},{"not_picked":["Sweeping Beam","Steam Power","Streamline+1"],"picked":"SKIP","floor":19},{"not_picked":["Steam","Storm"],"picked":"Compile Driver","floor":23}],"player_experience":1832160,"relics_obtained":[{"floor":6,"key":"Ornamental Fan"},{"floor":8,"key":"Happy Flower"},{"floor":9,"key":"Kunai"},{"floor":11,"key":"Toy Ornithopter"},{"floor":14,"key":"Cables"},{"floor":23,"key":"Matryoshka"},{"floor":23,"key":"Symbiotic Virus"}],"event_choices":[{"damage_healed":0,"gold_gain":150,"player_choice":"AGREE","damage_taken":0,"max_hp_gain":0,"max_hp_loss":0,"event_name":"Liars Game","floor":2,"gold_loss":0,"cards_obtained":["Doubt"]},{"damage_healed":0,"gold_gain":0,"player_choice":"Grow","damage_taken":0,"max_hp_gain":0,"max_hp_loss":0,"event_name":"Living Wall","floor":4,"gold_loss":0,"cards_upgraded":["Zap"]},{"damage_healed":0,"gold_gain":0,"player_choice":"Trade","damage_taken":0,"relics_obtained":["GremlinMask"],"max_hp_gain":0,"max_hp_loss":0,"event_name":"FaceTrader","floor":21,"gold_loss":0}],"is_beta":true,"boss_relics":[{"not_picked":["Pandora\u0027s Box","SacredBark"],"picked":"Black Star"}],"items_purged_floors":[3],"is_endless":false,"potions_floor_spawned":[1,14,23],"killed_by":"Shelled Parasite and Fungi","ascension_level":20}}