{"host":"92wx9z21c4p52du4","time":1612423571,"event":{"mods":["BaseMod","Downfall","Hermit","Minty Spire (QoL Compilation)","Reliquary","StSLib","The Hierophant"],"gold_per_floor":[99,112,112,122,33,33,59,59,85,85,102,137,312,312,325,427,427,427,444,53,65,165,178,178,197,231,231,67,80,80,106,106,106,106],"floor_reached":32,"language":"ENG","playtime":2299,"items_purged":["Slimebound:Defend_Slimebound","downfall:Bewildered"],"score":302,"play_id":"d7408854-82b6-4566-81c5-f70a4ba405f0","local_time":"20210204012611","is_ascension_mode":true,"campfire_choices":[{"data":"Transmutation","floor":1,"key":"SMITH"},{"data":"Slimebound:Split","floor":6,"key":"SMITH"},{"data":"Slimebound:LeadByExample","floor":8,"key":"SMITH"},{"data":"Slimebound:SplitSpecialist","floor":10,"key":"SMITH"},{"data":"Slimebound:Darklings","floor":18,"key":"SMITH"},{"data":"Slimebound:TagTeam","floor":30,"key":"SMITH"}],"circlet_count":0,"master_deck":["Slimebound:Strike_Slimebound","Slimebound:Tackle","Slimebound:Defend_Slimebound","Slimebound:Defend_Slimebound","Slimebound:Split+1","Slimebound:CorrosiveSpit","Transmutation+1","Slimebound:LeadByExample+1","Slimebound:Equalize","Slimebound:Equalize","Slimebound:SplitSpecialist+1","Slimebound:SplitSpecialist","Slimebound:SlimeBarrage","Slimebound:Replication","Slimebound:PressTheAttack","Slimebound:Darklings+1","Slimebound:SlimeBrawl","Slimebound:SplitLeeching","Slimebound:SplitMire+1","Slimebound:SplitAcid+1","Slimebound:Chomp","Slimebound:TagTeam+1","Slimebound:Teamwork","Slimebound:ServeAndProtect","Slimebound:SplitBruiser","Slimebound:DivideAndConquer","Slimebound:MassRepurpose","Slimebound:RainOfGoop+1"],"relics":["Slimebound:AbsorbEndCombat","Strawberry","Gremlin Horn","Ornamental Fan","SlaversCollar","Prayer Wheel","Toy Ornithopter","InkBottle","MealTicket","reliquary:PorcupineQuills"],"acts_visited":["Exordium","TheCity"],"potions_floor_usage":[5,9,16,19,20,23,25,25,25,28,31],"damage_taken":[{"damage":0,"enemies":"Jaw Worm","floor":2,"turns":5},{"damage":2,"enemies":"Cultist","floor":4,"turns":5},{"damage":5,"enemies":"downfall:FleeingMerchant","floor":5,"turns":4},{"damage":24,"enemies":"3 Sentries","floor":9,"turns":7},{"damage":0,"enemies":"Small Slimes","floor":11,"turns":2},{"damage":16,"enemies":"Gremlin Nob","floor":12,"turns":3},{"damage":10,"enemies":"Red Slaver","floor":15,"turns":5},{"damage":36,"enemies":"IC_STATUS_ARCHETYPE","floor":16,"turns":8},{"damage":22,"enemies":"3 Byrds","floor":19,"turns":6},{"damage":0,"enemies":"downfall:FleeingMerchant","floor":20,"turns":4},{"damage":16,"enemies":"Shell Parasite","floor":21,"turns":6},{"damage":13,"enemies":"downfall:LadyInBlue","floor":22,"turns":5},{"damage":25,"enemies":"Chosen and Byrds","floor":23,"turns":5},{"damage":16,"enemies":"Cultist and Chosen","floor":25,"turns":4},{"damage":4,"enemies":"Gremlin Leader","floor":26,"turns":5},{"damage":8,"enemies":"downfall:FleeingMerchant","floor":28,"turns":4},{"damage":20,"enemies":"Centurion and Healer","floor":29,"turns":3},{"damage":55,"enemies":"Slavers","floor":31,"turns":4},{"damage":30,"enemies":"Snake Plant","floor":32,"turns":2}],"seed_played":"-6662657077075135044","potions_obtained":[{"floor":3,"key":"DuplicationPotion"},{"floor":3,"key":"GamblersBrew"},{"floor":3,"key":"GamblersBrew"},{"floor":4,"key":"Fire Potion"},{"floor":11,"key":"Fire Potion"},{"floor":19,"key":"SkillPotion"},{"floor":22,"key":"EntropicBrew"},{"floor":22,"key":"SneckoOil"},{"floor":22,"key":"Block Potion"},{"floor":26,"key":"SkillPotion"}],"is_trial":false,"path_per_floor":["R","M","?","M","$","R","T","R","E","R","M","E","?","?","M","B",null,"R","M","$","M","?","M","T","M","E","?","$","M","R","E","M"],"character_chosen":"SLIMEBOUND","items_purchased":["Slimebound:SplitSpecialist","Prayer Wheel","Slimebound:SplitBruiser"],"campfire_rested":0,"item_purchase_floors":[5,20,28],"current_hp_per_floor":[47,47,47,47,54,54,61,61,57,57,57,65,65,65,63,35,72,72,60,64,69,68,63,63,72,72,72,72,66,66,23,0,0,0],"gold":106,"neow_bonus":"RANDOM_COLORLESS_2","is_daily":false,"chose_seed":false,"campfire_upgraded":6,"win_rate":0.0,"timestamp":1612423571,"path_taken":["R","M","?","?","?","R","T","R","E","R","M","E","?","?","M","BOSS","R","M","$","M","?","?","T","?","E","?","$","M","R","E","M"],"items_purchased_type":["Card","Relic","Card"],"build_version":"2020-12-22","purchased_purges":2,"victory":false,"max_hp_per_floor":[65,65,65,65,65,65,72,72,72,72,72,72,72,72,72,72,72,72,72,72,72,72,72,72,72,72,72,72,72,72,72,72,72,72],"card_choices":[{"not_picked":["Secret Weapon","Thinking Ahead"],"picked":"Transmutation","floor":0},{"not_picked":["Slimebound:LeechingTouch","Slimebound:ComboTackle"],"picked":"Slimebound:LeadByExample","floor":2},{"not_picked":["Slimebound:ComboTackle","Slimebound:SplitMire"],"picked":"Slimebound:Equalize","floor":4},{"not_picked":["Slimebound:FinishingTackle","Slimebound:Schlurp"],"picked":"Slimebound:Equalize","floor":5},{"not_picked":["Slimebound:SplitAcid","Slimebound:ItLooksTasty"],"picked":"Slimebound:SplitSpecialist","floor":9},{"not_picked":["Slimebound:LeechEnergy","Slimebound:DuplicatedForm"],"picked":"Slimebound:SlimeBarrage","floor":11},{"not_picked":["Slimebound:LivingWall","Slimebound:ItLooksTasty"],"picked":"Slimebound:Replication","floor":12},{"not_picked":["Slimebound:SplitAcid","Slimebound:SamplingLick"],"picked":"Slimebound:PressTheAttack","floor":15},{"not_picked":["Slimebound:FirmFortitude","Slimebound:DouseInSlime"],"picked":"Slimebound:Darklings","floor":16},{"not_picked":["Slimebound:Dissolve+1","Slimebound:ItLooksTasty","Slimebound:SamplingLick"],"picked":"SKIP","floor":19},{"not_picked":["Slimebound:GrowthPunch","Slimebound:GoopTackle+1","Slimebound:ItLooksTasty"],"picked":"SKIP","floor":20},{"not_picked":["Slimebound:LivingWall","Slimebound:SplitAcid"],"picked":"Slimebound:SlimeBrawl","floor":21},{"not_picked":["Slimebound:LivingWall","Slimebound:ItLooksTasty","Slimebound:ComboTackle+1"],"picked":"SKIP","floor":21},{"not_picked":["Slimebound:Schlurp","Slimebound:SpikyOuterGoop"],"picked":"Slimebound:SplitLeeching","floor":22},{"not_picked":["Slimebound:CheckThePlaybook","Slimebound:GrowthPunch"],"picked":"Slimebound:SplitMire+1","floor":23},{"not_picked":["Slimebound:Schlurp+1","Slimebound:BestDefense","Slimebound:ItLooksTasty"],"picked":"SKIP","floor":23},{"not_picked":["Slimebound:SlimeSpikes+1","Slimebound:SlimeBarrage+1","Slimebound:SamplingLick"],"picked":"SKIP","floor":25},{"not_picked":["Slimebound:SlimeSpikes","Slimebound:LivingWall","Slimebound:ComboTackle"],"picked":"SKIP","floor":25},{"not_picked":["Slimebound:PressTheAttack","Slimebound:SplitMire"],"picked":"Slimebound:SplitAcid+1","floor":26},{"not_picked":["Slimebound:SplitMire","Slimebound:Nibble"],"picked":"Slimebound:ServeAndProtect","floor":28},{"not_picked":["Slimebound:GoopSpray","Slimebound:SlimeSpikes"],"picked":"Slimebound:DivideAndConquer","floor":29},{"not_picked":["Slimebound:PressTheAttack","Slimebound:SpikyOuterGoop+1"],"picked":"Slimebound:MassRepurpose","floor":29},{"not_picked":["Slimebound:GoopTackle+1","Slimebound:LeechingTouch"],"picked":"Slimebound:RainOfGoop+1","floor":31}],"player_experience":265225,"relics_obtained":[{"floor":7,"key":"Strawberry"},{"floor":9,"key":"Gremlin Horn"},{"floor":12,"key":"Ornamental Fan"},{"floor":22,"key":"Toy Ornithopter"},{"floor":24,"key":"InkBottle"},{"floor":26,"key":"MealTicket"},{"floor":31,"key":"reliquary:PorcupineQuills"}],"event_choices":[{"damage_healed":0,"gold_gain":0,"player_choice":"Got Potions","damage_taken":0,"max_hp_gain":0,"max_hp_loss":0,"event_name":"Lab","floor":3,"gold_loss":0}],"is_beta":false,"boss_relics":[{"not_picked":["bronze:MakeshiftBattery","Philosopher\u0027s Stone"],"picked":"SlaversCollar"}],"items_purged_floors":[20,28],"is_endless":false,"potions_floor_spawned":[4,11,19,22,26],"killed_by":"Snake Plant","ascension_level":1}}