{"host":"f5gffvlv6a66yqkd","time":1612456131,"event":{"mods":["2.2 Compatiblity","BaseMod","Colored Map","Custom Start","DeckTracker","Keyboard Shortcuts","Minty Spire (QoL Compilation)","Permanent Neow","Quick Restart","Relic Stats","StSLib","SuperFastMode"],"gold_per_floor":[116,129,146,166,166,166,166,166,166,91,108,108,108,118,118,197,197,217,37,52,52,86,102,102,127,127,402,49,49,67,78,78,78,78],"floor_reached":33,"language":"KOR","playtime":676,"items_purged":["Regret"],"score":514,"play_id":"817f9afb-3ea6-4ff1-9d46-1807fc153c42","local_time":"20210205012851","is_ascension_mode":true,"campfire_choices":[{"data":"Eruption","floor":6.0,"key":"SMITH"},{"floor":8.0,"key":"REST"},{"data":"Conclude","floor":12.0,"key":"SMITH"},{"data":"CutThroughFate","floor":15.0,"key":"SMITH"},{"data":"Adaptation","floor":24.0,"key":"SMITH"},{"data":"FlurryOfBlows","floor":29.0,"key":"SMITH"},{"data":"TalkToTheHand","floor":32,"key":"SMITH"}],"circlet_count":0,"master_deck":["AscendersBane","Strike_P+1","Defend_P+1","Defend_P+1","Defend_P+1","Eruption+1","Vigilance","Conclude+1","EmptyFist+1","FlurryOfBlows+1","LessonLearned","CutThroughFate+1","Vault+1","Adaptation+1","TalkToTheHand+1","TalkToTheHand"],"relics":["PureWater","Gambling Chip","Incense Burner","VioletLotus","Red Mask","MealTicket","Toxic Egg 2"],"acts_visited":["Exordium","TheCity"],"potions_floor_usage":[33,33],"damage_taken":[{"damage":2.0,"enemies":"Cultist","floor":1.0,"turns":4.0},{"damage":0.0,"enemies":"Jaw Worm","floor":2.0,"turns":1.0},{"damage":0.0,"enemies":"Small Slimes","floor":3.0,"turns":2.0},{"damage":6.0,"enemies":"Exordium Thugs","floor":4.0,"turns":4.0},{"damage":0.0,"enemies":"2 Fungi Beasts","floor":11.0,"turns":1.0},{"damage":0.0,"enemies":"Lots of Slimes","floor":14.0,"turns":1.0},{"damage":11.0,"enemies":"Hexaghost","floor":16.0,"turns":6.0},{"damage":0.0,"enemies":"Chosen","floor":18.0,"turns":2.0},{"damage":8.0,"enemies":"Shell Parasite","floor":20.0,"turns":2.0},{"damage":0.0,"enemies":"Masked Bandits","floor":22.0,"turns":1.0},{"damage":4.0,"enemies":"Cultist and Chosen","floor":23.0,"turns":3.0},{"damage":8.0,"enemies":"Book of Stabbing","floor":25.0,"turns":4.0},{"damage":36,"enemies":"Snake Plant","floor":30,"turns":2},{"damage":0,"enemies":"3 Cultists","floor":31,"turns":4},{"damage":46,"enemies":"Collector","floor":33,"turns":7}],"seed_played":"-963517636024371294","potions_obtained":[{"floor":11.0,"key":"CultistPotion"},{"floor":16.0,"key":"Regen Potion"},{"floor":20.0,"key":"DuplicationPotion"},{"floor":25.0,"key":"LiquidMemories"}],"is_trial":false,"path_per_floor":["M","M","M","M","?","R","?","R","T","?","M","R","?","M","R","B",null,"M","$","M","$","?","M","R","E","T","?","$","R","M","M","R","B"],"character_chosen":"WATCHER","items_purchased":["Vault","Toxic Egg 2"],"campfire_rested":1,"item_purchase_floors":[19,28],"current_hp_per_floor":[41,41,41,35,30,30,10,30,30,30,30,30,30,30,30,19,56,56,56,48,48,48,44,44,36,36,36,51,51,15,15,15,0,0],"gold":78,"neow_bonus":"TRANSFORM_TWO_CARDS","is_daily":false,"chose_seed":false,"campfire_upgraded":6,"win_rate":0.0,"timestamp":1612456131,"path_taken":["M","?","M","M","?","R","?","R","T","?","?","R","?","?","R","BOSS","M","?","M","$","?","M","R","E","T","?","$","R","M","M","R","BOSS"],"items_purchased_type":["Card","Relic"],"build_version":"2020-12-22","purchased_purges":1,"victory":false,"max_hp_per_floor":[68,68,68,68,68,68,68,68,68,68,68,68,68,68,68,68,68,68,68,68,68,68,68,68,68,68,68,68,68,68,68,68,68,68],"relic_stats":{"counters":[15,44],"Gambling Chip":[35],"MealTicket":15,"VioletLotus":[7],"obtain_stats":[{"Gambling Chip":5,"MealTicket":25,"VioletLotus":17,"Incense Burner":9,"Red Mask":22,"PureWater":0,"Toxic Egg 2":28},{"Gambling Chip":4,"MealTicket":12,"VioletLotus":7,"Incense Burner":4,"Red Mask":10,"PureWater":0,"Toxic Egg 2":12},{"Gambling Chip":11,"MealTicket":31,"VioletLotus":19,"Incense Burner":11,"Red Mask":24,"PureWater":0,"Toxic Egg 2":31}]},"card_choices":[{"not_picked":["Protect","BowlingBash","Prostrate"],"picked":"SKIP","floor":1.0},{"not_picked":["Perseverance","BowlingBash"],"picked":"FlurryOfBlows","floor":2.0},{"not_picked":["Protect","JustLucky","EmptyFist"],"picked":"SKIP","floor":3.0},{"not_picked":["WaveOfTheHand","Evaluate","Wireheading"],"picked":"SKIP","floor":4.0},{"not_picked":["BowlingBash","Crescendo","FlurryOfBlows"],"picked":"SKIP","floor":11.0},{"not_picked":["LikeWater","CrushJoints"],"picked":"CutThroughFate","floor":14.0},{"not_picked":["FlyingSleeves+1","Perseverance+1","Consecrate"],"picked":"SKIP","floor":18.0},{"not_picked":["SashWhip+1","JustLucky","FollowUp+1"],"picked":"SKIP","floor":20.0},{"not_picked":["FlurryOfBlows","DeceiveReality"],"picked":"Adaptation","floor":22.0},{"not_picked":["Evaluate+1","LessonLearned","Prostrate"],"picked":"SKIP","floor":23.0},{"not_picked":["ThirdEye","Evaluate","EmptyBody"],"picked":"SKIP","floor":25.0},{"not_picked":["Conclude","SashWhip"],"picked":"TalkToTheHand","floor":30},{"not_picked":["Nirvana","Evaluate+1"],"picked":"TalkToTheHand","floor":31}],"player_experience":1644044,"relics_obtained":[{"floor":9.0,"key":"Incense Burner"},{"floor":22.0,"key":"Red Mask"},{"floor":25.0,"key":"MealTicket"}],"event_choices":[{"damage_healed":0.0,"max_hp_gain":0.0,"max_hp_loss":0.0,"gold_gain":0.0,"event_name":"Scrap Ooze","player_choice":"Success","floor":5.0,"gold_loss":0.0,"damage_taken":5.0,"relics_obtained":["Gambling Chip"]},{"damage_healed":0.0,"max_hp_gain":0.0,"max_hp_loss":0.0,"gold_gain":0.0,"event_name":"Shining Light","player_choice":"Entered Light","floor":7.0,"gold_loss":0.0,"damage_taken":20.0,"cards_upgraded":["Strike_P","EmptyFist"]},{"cards_removed":["Strike_P"],"damage_healed":0.0,"max_hp_gain":0.0,"max_hp_loss":0.0,"gold_gain":0.0,"event_name":"The Cleric","player_choice":"Card Removal","floor":10.0,"gold_loss":75.0,"damage_taken":0.0},{"damage_healed":0.0,"max_hp_gain":0.0,"max_hp_loss":0.0,"gold_gain":0.0,"cards_transformed":["Strike_P"],"event_name":"Transmorgrifier","player_choice":"Transformed","floor":13.0,"gold_loss":0.0,"damage_taken":0.0,"cards_obtained":["LessonLearned"]},{"damage_healed":0.0,"max_hp_gain":0.0,"max_hp_loss":0.0,"gold_gain":0.0,"event_name":"Masked Bandits","player_choice":"Fought Bandits","floor":22.0,"gold_loss":0.0,"damage_taken":0.0},{"damage_healed":0.0,"max_hp_gain":0.0,"max_hp_loss":0.0,"gold_gain":275.0,"event_name":"Golden Shrine","player_choice":"Desecrate","floor":27.0,"gold_loss":0.0,"damage_taken":0.0,"cards_obtained":["Regret"]}],"is_beta":false,"boss_relics":[{"not_picked":["Black Star","Empty Cage"],"picked":"VioletLotus"}],"items_purged_floors":[28],"is_endless":false,"potions_floor_spawned":[11,16,20,25,31],"killed_by":"Collector","ascension_level":20}}