{"host":"4ftwfwncs88tvnc0","time":1612420464,"event":{"mods":["AchievementEnabler","Arknights","Aspiration","BaseMod","Beaked The Cultist","Bestiary","Better Altar","Better Match","Better Note","Better Sensory Stone","Better Skull","Better Third Choice","Clawfect","Colored Map","Conspire","Downfall","GifTheSpireLib","Halation","Hubris","Infinite Spire","Mad Scientist","Mimic Mod","Minty Spire (QoL Compilation)","Replay The Spire","Shade Mod","Shop Mod","Spicy Shops","StSLib","Stuff the Spire","The Construct","The Cursed","The Disciple","The Necromancer","The Servant 0.9.4"],"gold_per_floor":[117,392,25,45,62,95,107,107,147,158,177,188,45,72,72,169,169,187,137,152,171,171,200,200,235,235,235,253,253,28,28,28,131,131,151,151,151],"floor_reached":36,"language":"ENG","playtime":2053,"items_purged":["Regret","Defend_G"],"score":489,"play_id":"1dd1fc49-626c-448d-867b-1300e81bfb3f","local_time":"20210204063424","is_ascension_mode":false,"campfire_choices":[{"floor":8,"key":"REST"},{"floor":15,"key":"REST"},{"floor":24,"key":"REST"},{"floor":27,"key":"REST"},{"floor":32,"key":"REST"}],"circlet_count":0,"master_deck":["Strike_G","Strike_G","Strike_G+1","Strike_G","Strike_G","Defend_G","Defend_G","Defend_G","Defend_G","Survivor","Neutralize","ReplayTheSpireMod:Uncanny Aura","Deadly Poison","Bane","StuffTheSpire:BrimstoneBlast","Noxious Fumes","Catalyst","Crippling Poison","Noxious Fumes","Envenom","Envenom","Envenom"],"relics":["Ring of the Snake","Replay:Ringing Soul","Sundial","StuffTheSpire:WitherSkull","Snake Skull","Replay:WaspNest","conspire:RunicOctahedron","Ice Cream","conspire:Boomerang","hubris:AncientText","Question Card","Gremlin Food","StuffTheSpire:OldFever","conspire:SlowCooker"],"acts_visited":["Exordium","TheCity","TheBeyond"],"potions_floor_usage":[9,14,16,16,23,25,33],"damage_taken":[{"damage":3,"enemies":"conspire:RoseBush","floor":1,"turns":4},{"damage":0,"enemies":"Cultist","floor":4,"turns":4},{"damage":0,"enemies":"2 Louse","floor":5,"turns":2},{"damage":31,"enemies":"3 Sentries","floor":6,"turns":10},{"damage":11,"enemies":"2 Fungi Beasts","floor":7,"turns":2},{"damage":1,"enemies":"Looter","floor":9,"turns":5},{"damage":4,"enemies":"Looter","floor":10,"turns":3},{"damage":12,"enemies":"conspire:2 RoseBushes","floor":11,"turns":4},{"damage":11,"enemies":"Exordium Wildlife","floor":12,"turns":3},{"damage":0,"enemies":"Replay:BlueRogue","floor":14,"turns":4},{"damage":14,"enemies":"Fading Forest","floor":16,"turns":11},{"damage":8,"enemies":"Chosen","floor":18,"turns":5},{"damage":29,"enemies":"conspire:FuzzyDice","floor":20,"turns":6},{"damage":22,"enemies":"Snake Plant","floor":21,"turns":4},{"damage":15,"enemies":"conspire:Head Lice","floor":23,"turns":5},{"damage":41,"enemies":"conspire:SneckoGhost","floor":25,"turns":7},{"damage":25,"enemies":"conspire:HollyBat","floor":28,"turns":6},{"damage":7,"enemies":"Champ","floor":33,"turns":6},{"damage":30,"enemies":"Orb Walker","floor":35,"turns":4},{"damage":72,"enemies":"2 Orb Walkers","floor":36,"turns":3}],"seed_played":"-3745487632173506899","potions_obtained":[{"floor":4,"key":"Poison Potion"},{"floor":5,"key":"LifebloodPotion"},{"floor":6,"key":"PowerPotion"},{"floor":14,"key":"champ:CounterPotion"},{"floor":16,"key":"SteroidPotion"},{"floor":21,"key":"DuplicationPotion"},{"floor":23,"key":"Adrenaline Potion"},{"floor":25,"key":"Doom Potion"},{"floor":28,"key":"BlessingOfTheForge"}],"is_trial":false,"path_per_floor":["M","?","$","M","M","E","M","R","MIM","M","M","M","$","E","R","B",null,"M","?","M","M","AVR","E","R","E","T","R","M","?","$","?","R","B",null,"M","?"],"character_chosen":"THE_SILENT","items_purchased":["Replay:Ringing Soul","Bane","Snake Skull","Gremlin Food","StuffTheSpire:OldFever"],"campfire_rested":5,"item_purchase_floors":[3,3,13,30,30],"current_hp_per_floor":[67,67,70,70,70,42,31,53,55,54,45,34,34,37,63,62,91,83,83,54,32,32,17,44,3,3,30,5,8,8,8,36,32,97,67,0,0],"gold":151,"neow_bonus":"RANDOM_COLORLESS","is_daily":false,"chose_seed":false,"campfire_upgraded":0,"win_rate":0.0,"timestamp":1612420464,"path_taken":["M","?","$","M","M","E","M","R","MIM","M","M","M","$","E","R","BOSS","M","?","M","M","AVR","E","R","E","T","R","M","?","?","?","R","BOSS","M","?"],"items_purchased_type":["Relic","Card","Relic","Relic","Relic"],"build_version":"2020-12-22","purchased_purges":2,"victory":false,"max_hp_per_floor":[70,70,73,73,73,76,76,76,79,82,85,85,85,88,88,91,91,91,91,91,91,91,91,91,91,91,91,91,94,94,94,94,97,97,97,97,97],"card_choices":[{"not_picked":["Panacea","Survey Options"],"picked":"ReplayTheSpireMod:Uncanny Aura","floor":0},{"not_picked":["Dagger Spray","Well Laid Plans"],"picked":"Deadly Poison","floor":1},{"not_picked":["Poisoned Stab","Dagger Throw","Bane"],"picked":"SKIP","floor":4},{"not_picked":["Sucker Punch","Backflip","Quick Slash"],"picked":"SKIP","floor":5},{"not_picked":["Choke","Malaise"],"picked":"StuffTheSpire:BrimstoneBlast","floor":6},{"not_picked":["Riddle With Holes","Underhanded Strike","Deflect"],"picked":"SKIP","floor":7},{"not_picked":["Infinite Blades","Flying Knee"],"picked":"Noxious Fumes","floor":9},{"not_picked":["Sucker Punch","Blade Dance"],"picked":"Catalyst","floor":10},{"not_picked":["Fluid Movement","StuffTheSpire:Injection"],"picked":"Crippling Poison","floor":11},{"not_picked":["Setup","Flying Knee","Hidden Blade"],"picked":"SKIP","floor":12},{"not_picked":["Dodge and Roll","StuffTheSpire:Incantation"],"picked":"Noxious Fumes","floor":14},{"not_picked":["Storm of Steel","Venomology"],"picked":"Envenom","floor":16},{"not_picked":["Quick Slash","Dagger Spray+1","Blade Dance+1"],"picked":"SKIP","floor":18},{"not_picked":["Dagger Throw","StuffTheSpire:ClusterCrunch","StuffTheSpire:Fury"],"picked":"SKIP","floor":20},{"not_picked":["StuffTheSpire:DoubleShiv","StuffTheSpire:BumpUp","StuffTheSpire:BrimstoneBlast"],"picked":"SKIP","floor":21},{"not_picked":["Acrobatics","ReplayTheSpireMod:Shiv Toss","Eviscerate"],"picked":"SKIP","floor":23},{"not_picked":["Sneak Up","Dodge and Roll","Distraction"],"picked":"SKIP","floor":25},{"not_picked":["Blade Dance+1","Hidden Blade+1","Backflip","hubris:SlightOfHand"],"picked":"SKIP","floor":28},{"not_picked":["Venomology","Night Terror","Grand Finale"],"picked":"Envenom","floor":33},{"not_picked":["StuffTheSpire:BrimstoneBlast+1","Outmaneuver","Masterful Stab+1","PiercingWail"],"picked":"SKIP","floor":35}],"player_experience":131789,"relics_obtained":[{"floor":6,"key":"Sundial"},{"floor":9,"key":"StuffTheSpire:WitherSkull"},{"floor":14,"key":"Replay:WaspNest"},{"floor":23,"key":"conspire:Boomerang"},{"floor":25,"key":"hubris:AncientText"},{"floor":26,"key":"Question Card"}],"event_choices":[{"damage_healed":0,"gold_gain":275,"player_choice":"Desecrate","damage_taken":0,"max_hp_gain":0,"max_hp_loss":0,"event_name":"Golden Shrine","floor":2,"gold_loss":0,"cards_obtained":["Regret"]},{"damage_healed":0,"gold_gain":0,"player_choice":"Bet on Murderer","damage_taken":0,"max_hp_gain":0,"max_hp_loss":0,"event_name":"The Joust","floor":19,"gold_loss":50},{"damage_healed":0,"gold_gain":0,"player_choice":"Copied","damage_taken":0,"max_hp_gain":0,"max_hp_loss":0,"event_name":"Duplicator","floor":29,"gold_loss":0,"cards_obtained":["Envenom"]},{"damage_healed":0,"gold_gain":0,"player_choice":"Ignored","damage_taken":0,"max_hp_gain":0,"max_hp_loss":0,"event_name":"betterNote:BetterNote","floor":31,"gold_loss":0,"cards_obtained":["Strike_R"]},{"damage_healed":0,"gold_gain":0,"player_choice":"Fight","damage_taken":0,"max_hp_gain":0,"max_hp_loss":0,"event_name":"Mysterious Sphere","floor":36,"gold_loss":0}],"is_beta":false,"boss_relics":[{"not_picked":["hubris:GrandSneckoEye","halation:SmartPhone"],"picked":"conspire:RunicOctahedron"},{"not_picked":["hubris:BlackHole","halation:PlatinumPhoenix"],"picked":"conspire:SlowCooker"}],"items_purged_floors":[3,22],"is_endless":false,"potions_floor_spawned":[4,5,6,14,16,21,23,25,28],"killed_by":"2 Orb Walkers","ascension_level":0}}