{"host":"g07ql0oly65lqxqj","time":1612406529,"event":{"mods":["Act Like it!","BaseMod","Conspire","Gensokyo","Koishi","Lobotomy","Minty Spire (QoL Compilation)","StSLib","Synergy Search","The Blackbeard","The Hierophant","WarShipGirlsR/’ΩΩ¢…Ÿ≈ÆR mod","Warlord Emblem","Yakumo Yukari mod","[GremlinLeader]The Maniac"],"gold_per_floor":[110,127,127,77,87,87,101,136,136,146,169,18,27,40,40,130,130,135,149,193,203,203,203],"floor_reached":22,"language":"ZHS","playtime":1614,"items_purged":[],"score":200,"play_id":"929b4147-b124-4cf7-89c0-158e919cfd6e","local_time":"20210204104209","is_ascension_mode":false,"campfire_choices":[{"data":"maniac:StormOfTime","floor":6,"key":"SMITH"},{"floor":15,"key":"REST"}],"circlet_count":0,"master_deck":["maniac:Strike","maniac:Strike","maniac:Strike","maniac:Strike","maniac:Strike","maniac:Defend","maniac:Defend","maniac:Defend","maniac:Defend","maniac:BurnBlood","maniac:AbyssShackle","maniac:StormOfTime+1","maniac:ShatteredShield","maniac:AllOutAttack","maniac:AlleviatingSorcery","maniac:Retrospect","maniac:Deal","maniac:BladesInCloak","maniac:SeeingDetails","maniac:HammerDown","maniac:ShadowContact","maniac:BladesInCloak+1"],"relics":["maniac:DamagedAnvil","maniac:BrokenHorn","Ancient Tea Set","Lizard Tail","maniac:MarkerPen","conspire:Dentures","conspire:RoyalGoblet","Shuriken"],"acts_visited":["Exordium","TheCity"],"potions_floor_usage":[13,20,21],"damage_taken":[{"damage":1,"enemies":"2 Louse","floor":1,"turns":3},{"damage":6,"enemies":"Jaw Worm","floor":2,"turns":3},{"damage":1,"enemies":"conspire:RoseBush","floor":5,"turns":3},{"damage":5,"enemies":"Blue Slaver","floor":7,"turns":2},{"damage":30,"enemies":"3 Sentries","floor":8,"turns":7},{"damage":9,"enemies":"Gremlin Gang","floor":10,"turns":3},{"damage":15,"enemies":"Lagavulin","floor":11,"turns":7},{"damage":0,"enemies":"Exordium Thugs","floor":13,"turns":3},{"damage":3,"enemies":"conspire:2 RoseBushes","floor":14,"turns":4},{"damage":29,"enemies":"Slime Boss","floor":16,"turns":9},{"damage":4,"enemies":"Spheric Guardian","floor":18,"turns":4},{"damage":8,"enemies":"2 Thieves","floor":19,"turns":4},{"damage":33,"enemies":"conspire:MimicChest","floor":20,"turns":8},{"damage":18,"enemies":"Centurion and Healer","floor":21,"turns":5},{"damage":38,"enemies":"Sentry and Sphere","floor":22,"turns":5}],"seed_played":"6130496376656040202","potions_obtained":[{"floor":1,"key":"Block Potion"},{"floor":8,"key":"SteroidPotion"},{"floor":11,"key":"SpeedPotion"},{"floor":14,"key":"SteroidPotion"}],"is_trial":false,"path_per_floor":["M","M","?","?","M","R","M","E","T","M","E","$","M","M","R","B",null,"M","M","?","M","M"],"character_chosen":"THE_MANIAC","items_purchased":["maniac:HammerDown"],"campfire_rested":1,"item_purchase_floors":[12],"current_hp_per_floor":[79,73,73,73,72,72,67,37,37,28,13,13,13,10,34,5,80,76,68,35,17,19,19],"gold":203,"neow_bonus":"ONE_RANDOM_RARE_CARD","is_daily":false,"chose_seed":false,"campfire_upgraded":1,"win_rate":0.0,"timestamp":1612406529,"path_taken":["M","M","?","?","M","R","M","E","T","M","E","?","M","M","R","BOSS","M","M","?","M","M"],"items_purchased_type":["Card"],"build_version":"2020-12-22","purchased_purges":0,"victory":false,"max_hp_per_floor":[80,80,80,80,80,80,80,80,80,80,80,80,80,80,80,80,80,80,80,80,80,80,80],"card_choices":[{"not_picked":["maniac:Assassinate","maniac:Confront"],"picked":"maniac:ShatteredShield","floor":1},{"not_picked":["maniac:UndyingDesire","maniac:UntravelledPath"],"picked":"maniac:AllOutAttack","floor":2},{"not_picked":["maniac:ShelteringEdge","maniac:MeleeStrike"],"picked":"maniac:AlleviatingSorcery","floor":5},{"not_picked":["maniac:ListenToNone","maniac:Lacerate"],"picked":"maniac:Retrospect","floor":7},{"not_picked":["maniac:Recollect","maniac:ObscuredAttack"],"picked":"maniac:Deal","floor":8},{"not_picked":["maniac:Retrospect","maniac:Refine"],"picked":"maniac:BladesInCloak","floor":10},{"not_picked":["maniac:UntravelledPath","maniac:Retrospect"],"picked":"maniac:SeeingDetails","floor":11},{"not_picked":["maniac:WardAndDefend","maniac:Refine","maniac:BladeShoot"],"picked":"SKIP","floor":13},{"not_picked":["maniac:SpectralKnives","maniac:Confront","maniac:Refine"],"picked":"SKIP","floor":14},{"not_picked":["maniac:RallyToMe","maniac:ReachVictory"],"picked":"maniac:ShadowContact","floor":16},{"not_picked":["maniac:BladeShoot","maniac:MeleeStrike","maniac:SpectralKnives"],"picked":"SKIP","floor":18},{"not_picked":["maniac:Whirlscythe","maniac:TorturousScreams","maniac:ManipulatedFaith"],"picked":"SKIP","floor":19},{"not_picked":["maniac:Reforge","maniac:Intimidate"],"picked":"maniac:BladesInCloak+1","floor":20},{"not_picked":["maniac:Exterminator","maniac:ExpectedMoves+1","maniac:DashForward"],"picked":"SKIP","floor":21}],"player_experience":395917,"relics_obtained":[{"floor":8,"key":"Lizard Tail"},{"floor":9,"key":"maniac:MarkerPen"},{"floor":11,"key":"conspire:Dentures"},{"floor":20,"key":"Shuriken"}],"event_choices":[{"damage_healed":0,"gold_gain":0,"player_choice":"Box","damage_taken":0,"relics_obtained":["Ancient Tea Set"],"max_hp_gain":0,"max_hp_loss":0,"event_name":"Big Fish","floor":3,"gold_loss":0,"cards_obtained":["Regret"]},{"cards_removed":["Regret"],"damage_healed":0,"gold_gain":0,"player_choice":"Card Removal","damage_taken":0,"max_hp_gain":0,"max_hp_loss":0,"event_name":"The Cleric","floor":4,"gold_loss":50}],"is_beta":false,"boss_relics":[{"not_picked":["Snecko Eye","conspire:RunicOctahedron"],"picked":"conspire:RoyalGoblet"}],"items_purged_floors":[],"is_endless":false,"potions_floor_spawned":[1,8,11,14,16,18,19],"killed_by":"Sentry and Sphere","ascension_level":0}}