{"host":"9e8t9l667fx7pth6","time":1612421999,"event":{"mods":["2.2 Compatiblity","AchievementEnabler","AlwaysNeverKeys","Aspiration","BaseMod","BetterRewards","Custom Start","Halation","Minty Spire (QoL Compilation)","Remove Card Discount Mod","StSLib","The Blue Laboratory"],"gold_per_floor":[118,132,150,150,212,237,249,279,279,279,298,298,326,342,342,420,420,431,33,46,46,59,86,11,27,27,54,54,69,98,108,108,185,185,202,202,215,231,231,259,271,305,329,360,380,380,380,9,9,9,9,9],"floor_reached":51,"language":"ENG","playtime":1942,"items_purged":["Chill","Turbo","Coolheaded","Hyperbeam","Streamline","Crippling Poison+1"],"score":2013,"play_id":"20807f43-3389-4dab-8e6c-dbe003873061","local_time":"20210204015959","daily_mods":["Draft","Diverse","Cursed Run"],"is_ascension_mode":true,"campfire_choices":[{"data":"Prepared","floor":10,"key":"SMITH"},{"data":"ReachHeaven","floor":12,"key":"SMITH"},{"data":"Reprogram","floor":15,"key":"SMITH"},{"data":"AscendersBane","floor":28,"key":"SMITH"},{"data":"Infernal Blade","floor":32,"key":"SMITH"},{"data":"Normality","floor":46,"key":"SMITH"},{"data":"Mayhem","floor":49,"key":"SMITH"}],"circlet_count":0,"master_deck":["Blade Dance","Backflip+1","Twin Strike","Headbutt","Conserve Battery","Sanctity","Thunderclap","Sanctity","Prepared+1","Hologram","Sweeping Beam","Cloak And Dagger","SashWhip","Regret","Reprogram+1","Regret","ReachHeaven+1","Dagger Throw","Decay","Glass Knife","Slice","Beam Cell","Conserve Battery","Shame","Hemokinesis+1","Blade Dance","Shame","Melter","Static Discharge+1","Infernal Blade+1","Parasite","Limit Break","JustLucky","Calculated Gamble","Reprogram+1","Pain","Steam+1","Havoc","Evaluate+1","Night Terror","FTL","Slice","Mayhem+1","Parasite"],"relics":["Cursed Key","Darkstone Periapt","Du-Vu Doll","Red Skull","Boot","Blood Vial","Centennial Puzzle","halation:BottledLove","Coffee Dripper","Strawberry","halation:PrussianBluePaint","Blue Candle","Matryoshka","Happy Flower","Gremlin Horn","Akabeko","Black Star","WarpedTongs","halation:AfternoonTea","aspiration:Lifesprig","aspiration:SeaSaltIceCream","Ring of the Snake","Lantern","Orichalcum","Bag of Preparation","aspiration:ChemicalBlood","halation:KoshaPiece","Nunchaku"],"acts_visited":["Exordium","TheCity","TheBeyond"],"potions_floor_usage":[7,37,40,41,50,51],"damage_taken":[{"damage":0,"enemies":"Cultist","floor":1,"turns":2},{"damage":0,"enemies":"Jaw Worm","floor":2,"turns":2},{"damage":0,"enemies":"Small Slimes","floor":3,"turns":1},{"damage":50,"enemies":"Gremlin Nob","floor":6,"turns":4},{"damage":1,"enemies":"3 Louse","floor":7,"turns":2},{"damage":0,"enemies":"Lagavulin","floor":8,"turns":2},{"damage":0,"enemies":"Exordium Wildlife","floor":11,"turns":1},{"damage":2,"enemies":"Gremlin Nob","floor":13,"turns":2},{"damage":0,"enemies":"Looter","floor":14,"turns":1},{"damage":14,"enemies":"Hexaghost","floor":16,"turns":5},{"damage":1,"enemies":"Spheric Guardian","floor":18,"turns":3},{"damage":5,"enemies":"Chosen","floor":20,"turns":2},{"damage":1,"enemies":"Snake Plant","floor":22,"turns":2},{"damage":1,"enemies":"Gremlin Leader","floor":23,"turns":2},{"damage":0,"enemies":"3 Cultists","floor":25,"turns":1},{"damage":0,"enemies":"Slavers","floor":27,"turns":1},{"damage":0,"enemies":"Sentry and Sphere","floor":29,"turns":2},{"damage":16,"enemies":"Book of Stabbing","floor":30,"turns":3},{"damage":1,"enemies":"Centurion and Healer","floor":31,"turns":2},{"damage":34,"enemies":"Collector","floor":33,"turns":4},{"damage":1,"enemies":"3 Darklings","floor":35,"turns":1},{"damage":15,"enemies":"3 Shapes","floor":37,"turns":1},{"damage":5,"enemies":"Jaw Worm Horde","floor":38,"turns":1},{"damage":29,"enemies":"Nemesis","floor":40,"turns":3},{"damage":11,"enemies":"Maw","floor":41,"turns":4},{"damage":1,"enemies":"Reptomancer","floor":42,"turns":2},{"damage":10,"enemies":"Giant Head","floor":44,"turns":2},{"damage":1,"enemies":"Spire Growth","floor":45,"turns":1},{"damage":54,"enemies":"Time Eater","floor":50,"turns":5},{"damage":16,"enemies":"Awakened One","floor":51,"turns":1}],"seed_played":"8362009665936545880","potions_obtained":[{"floor":2,"key":"blueLaboratory:AbyssPotion"},{"floor":3,"key":"Dexterity Potion"},{"floor":6,"key":"Explosive Potion"},{"floor":8,"key":"Ancient Potion"},{"floor":14,"key":"blueLaboratory:IronCompound"},{"floor":36,"key":"blueLaboratory:EmptyBottle"},{"floor":37,"key":"FearPotion"},{"floor":40,"key":"blueLaboratory:StoneskinPotion"},{"floor":41,"key":"BlessingOfTheForge"},{"floor":42,"key":"Weak Potion"}],"is_trial":true,"path_per_floor":["M","M","M","?","?","E","M","E","T","R","M","R","E","M","R","B",null,"M","$","M","?","M","E","?","M","T","E","R","M","E","M","R","B",null,"M","?","M","M","?","E","M","E","T","E","M","R","?","$","R","B","B"],"character_chosen":"IRONCLAD","items_purchased":["Strawberry","halation:PrussianBluePaint","Beam Cell","Conserve Battery","Slice","Mayhem","Nunchaku"],"campfire_rested":0,"item_purchase_floors":[19,19,19,19,48,48,48],"current_hp_per_floor":[68,68,68,74,74,24,23,23,29,29,31,31,31,33,33,27,77,78,85,82,88,89,90,90,92,98,100,100,102,88,89,89,63,104,105,105,92,89,95,68,59,60,66,58,59,59,59,59,59,13,0,0],"gold":9,"neow_bonus":"","is_daily":false,"chose_seed":false,"campfire_upgraded":7,"win_rate":0.0,"timestamp":1612421999,"path_taken":["M","?","M","?","?","E","M","E","T","R","M","R","E","M","R","BOSS","M","$","M","?","M","E","?","M","T","E","R","M","E","?","R","BOSS","M","?","?","M","?","E","M","E","T","E","?","R","?","$","R","BOSS","BOSS"],"items_purchased_type":["Relic","Relic","Card","Card","Card","Card","Relic"],"build_version":"2020-12-22","purchased_purges":6,"victory":false,"max_hp_per_floor":[75,75,75,81,81,81,81,81,87,87,87,87,87,87,87,93,93,93,100,100,106,106,106,106,106,112,112,112,112,112,112,112,118,118,118,118,118,118,124,124,124,124,130,130,130,130,130,130,130,136,136,136],"card_choices":[{"not_picked":["Skim","Acrobatics"],"picked":"Blade Dance","floor":0},{"not_picked":["Footwork","Swivel"],"picked":"Go for the Eyes","floor":0},{"not_picked":["Adaptation","PathToVictory"],"picked":"Backflip","floor":0},{"not_picked":["SignatureMove","FollowUp"],"picked":"Twin Strike","floor":0},{"not_picked":["Dodge and Roll","Prepared"],"picked":"Headbutt","floor":0},{"not_picked":["Warcry","Ghostly Armor"],"picked":"Chill","floor":0},{"not_picked":["Searing Blow","Infinite Blades"],"picked":"Conserve Battery","floor":0},{"not_picked":["Sword Boomerang","Heatsinks"],"picked":"Sanctity","floor":0},{"not_picked":["Metallicize","Acrobatics"],"picked":"Thunderclap","floor":0},{"not_picked":["Fusion","MentalFortress"],"picked":"Sanctity","floor":0},{"not_picked":["Consecrate","Combust"],"picked":"Prepared","floor":0},{"not_picked":["Ball Lightning","Combust"],"picked":"Coolheaded","floor":0},{"not_picked":["Clash","Halt"],"picked":"Hologram","floor":0},{"not_picked":["ClearTheMind","Underhanded Strike"],"picked":"Sweeping Beam","floor":0},{"not_picked":["FlyingSleeves","InnerPeace"],"picked":"Turbo","floor":0},{"not_picked":["Thunderclap","Turbo"],"picked":"Cloak And Dagger","floor":1},{"not_picked":["Crescendo","Perfected Strike"],"picked":"Hyperbeam","floor":2},{"not_picked":["Barrage","Poisoned Stab"],"picked":"SashWhip","floor":3},{"not_picked":["Turbo","Recycle","Crescendo"],"picked":"SKIP","floor":6},{"not_picked":["Crescendo","Wild Strike"],"picked":"Reprogram","floor":7},{"not_picked":["FollowUp","Cold Snap","Outmaneuver"],"picked":"SKIP","floor":8},{"not_picked":["All For One","Defragment"],"picked":"ReachHeaven","floor":11},{"not_picked":["Chaos","FlurryOfBlows","Underhanded Strike"],"picked":"SKIP","floor":13},{"not_picked":["Body Slam","Caltrops"],"picked":"Dagger Throw","floor":14},{"not_picked":["Unload","Phantasmal Killer"],"picked":"Glass Knife","floor":16},{"not_picked":["FlyingSleeves","Consecrate"],"picked":"Slice","floor":18},{"not_picked":["Underhanded Strike","Warcry"],"picked":"Streamline","floor":20},{"not_picked":["WreathOfFlame","BowlingBash","Acrobatics"],"picked":"SKIP","floor":22},{"not_picked":["Acrobatics","Establishment"],"picked":"Hemokinesis+1","floor":23},{"not_picked":["White Noise+1","Armaments"],"picked":"Blade Dance","floor":25},{"not_picked":["Clothesline","Body Slam"],"picked":"Melter","floor":27},{"not_picked":["Hologram","Pommel Strike+1"],"picked":"Crippling Poison+1","floor":29},{"not_picked":["Swivel+1","Skim"],"picked":"Static Discharge","floor":30},{"not_picked":["Crescendo","Conclude"],"picked":"Infernal Blade","floor":31},{"not_picked":["Corruption","Core Surge"],"picked":"Limit Break","floor":33},{"not_picked":["Outmaneuver","Slice"],"picked":"JustLucky","floor":35},{"not_picked":["FlurryOfBlows","Rip and Tear"],"picked":"Calculated Gamble","floor":37},{"not_picked":["Sanctity","PathToVictory"],"picked":"Reprogram+1","floor":38},{"not_picked":["Go for the Eyes","Halt+1"],"picked":"Steam+1","floor":40},{"not_picked":["Outmaneuver","Tactician"],"picked":"Havoc","floor":41},{"not_picked":["EmptyFist","Meteor Strike"],"picked":"Evaluate+1","floor":42},{"not_picked":["Genetic Algorithm","Loop+1"],"picked":"Night Terror","floor":44},{"not_picked":["Turbo","Indignation"],"picked":"FTL","floor":45}],"player_experience":1011116,"relics_obtained":[{"floor":6,"key":"Boot"},{"floor":8,"key":"Blood Vial"},{"floor":9,"key":"Centennial Puzzle"},{"floor":13,"key":"halation:BottledLove"},{"floor":23,"key":"Matryoshka"},{"floor":26,"key":"Happy Flower"},{"floor":26,"key":"Gremlin Horn"},{"floor":30,"key":"Akabeko"},{"floor":40,"key":"halation:AfternoonTea"},{"floor":40,"key":"aspiration:Lifesprig"},{"floor":42,"key":"aspiration:SeaSaltIceCream"},{"floor":42,"key":"Lantern"},{"floor":43,"key":"Orichalcum"},{"floor":43,"key":"Bag of Preparation"},{"floor":44,"key":"aspiration:ChemicalBlood"},{"floor":44,"key":"halation:KoshaPiece"}],"event_choices":[{"damage_healed":0,"gold_gain":0,"player_choice":"Box","damage_taken":0,"relics_obtained":["Red Skull"],"max_hp_gain":0,"max_hp_loss":0,"event_name":"Big Fish","floor":4,"gold_loss":0,"cards_obtained":["Regret"]},{"damage_healed":0,"gold_gain":62,"player_choice":"Gained Gold","damage_taken":0,"max_hp_gain":0,"max_hp_loss":0,"event_name":"Golden Wing","floor":5,"gold_loss":0},{"damage_healed":0,"gold_gain":0,"player_choice":"Stole Relic","damage_taken":0,"relics_obtained":["Blue Candle"],"max_hp_gain":0,"max_hp_loss":0,"event_name":"Addict","floor":21,"gold_loss":0,"cards_obtained":["Shame"]},{"cards_removed":["Go for the Eyes"],"damage_healed":0,"gold_gain":0,"player_choice":"Gave Gold","damage_taken":0,"max_hp_gain":0,"max_hp_loss":0,"event_name":"Beggar","floor":24,"gold_loss":75},{"damage_healed":0,"gold_gain":0,"player_choice":"Got Potions","damage_taken":0,"max_hp_gain":0,"max_hp_loss":0,"event_name":"Lab","floor":36,"gold_loss":0},{"damage_healed":0,"gold_gain":0,"player_choice":"Rummage","damage_taken":0,"relics_obtained":["WarpedTongs"],"max_hp_gain":0,"max_hp_loss":0,"event_name":"Accursed Blacksmith","floor":39,"gold_loss":0,"cards_obtained":["Pain"]},{"damage_healed":0,"gold_gain":0,"player_choice":"Ignored","damage_taken":0,"max_hp_gain":0,"max_hp_loss":0,"event_name":"SecretPortal","floor":47,"gold_loss":0}],"is_beta":false,"boss_relics":[{"not_picked":["halation:PinkAlligatorPlush","Ectoplasm"],"picked":"Coffee Dripper"},{"not_picked":["aspiration:FutureDiary","halation:Prosthetics"],"picked":"Black Star"}],"items_purged_floors":[19,19,19,48,48,48],"is_endless":false,"potions_floor_spawned":[2,3,6,8,11,14,18,23,29,30,37,40,41,42,45],"killed_by":"Awakened One","ascension_level":20}}