{"host":"aaqofma31c3gm2hj","time":1612402273,"event":{"mods":["BaseMod","GungeonMod","Minty Spire (QoL Compilation)","Replay The Spire","Spicy Shops","StSLib"],"gold_per_floor":[115,40,40,58,17,47,67,82,82,132,146,146,160,160,177,177,177,177],"floor_reached":17,"language":"ZHS","playtime":463,"items_purged":[],"score":268,"play_id":"89de8ebd-9962-491f-aff6-449102719b32","local_time":"20210204093113","is_ascension_mode":true,"campfire_choices":[{"data":"Calculated Gamble","floor":16.0,"key":"SMITH"}],"circlet_count":0,"master_deck":["AscendersBane","Strike_G","Strike_G","Strike_G","Strike_G","Defend_G","Defend_G","Defend_G","Defend_G","Defend_G","Survivor","Neutralize","Calculated Gamble+1","Eviscerate","Malaise","Acrobatics","Reflex"],"relics":["Ring of the Snake","NeowsBlessing","FaceOfCleric","ReplayTheSpireMod:Ninjato","DemoMod:SevenLeafClover","Du-Vu Doll","Turnip","ReplayTheSpireMod:Shallot"],"acts_visited":["Exordium"],"potions_floor_usage":[17],"damage_taken":[{"damage":0.0,"enemies":"2 Louse","floor":1.0,"turns":1.0},{"damage":0.0,"enemies":"Jaw Worm","floor":4.0,"turns":1.0},{"damage":0.0,"enemies":"Gremlin Nob","floor":6.0,"turns":1.0},{"damage":0.0,"enemies":"Cultist","floor":7.0,"turns":3.0},{"damage":3.0,"enemies":"Exordium Thugs","floor":8.0,"turns":5.0},{"damage":0.0,"enemies":"Looter","floor":11.0,"turns":5.0},{"damage":0.0,"enemies":"Exordium Wildlife","floor":13.0,"turns":4.0},{"damage":0.0,"enemies":"3 Louse","floor":15.0,"turns":4.0},{"damage":89,"enemies":"Fading Forest","floor":17,"turns":11}],"seed_played":"-5447053570834605484","potions_obtained":[{"floor":6.0,"key":"ColorlessPotion"},{"floor":8.0,"key":"Weak Potion"},{"floor":11.0,"key":"DuplicationPotion"}],"is_trial":false,"path_per_floor":["M","?","?","M","$","E","M","M","T","T","M","T","M","?","M","R","B"],"character_chosen":"THE_SILENT","items_purchased":["Eviscerate"],"campfire_rested":0,"item_purchase_floors":[5],"current_hp_per_floor":[59,59,59,60,60,61,62,60,60,60,61,61,62,67,68,68,0,0],"gold":177,"neow_bonus":"THREE_ENEMY_KILL","is_daily":false,"chose_seed":false,"campfire_upgraded":1,"win_rate":0.0,"timestamp":1612402273,"path_taken":["M","?","?","M","$","E","M","M","T","T","?","?","M","?","M","R","BOSS"],"items_purchased_type":["Card"],"build_version":"2020-12-22","purchased_purges":0,"victory":false,"max_hp_per_floor":[66,66,66,67,67,68,69,70,70,70,71,71,72,77,78,78,78,78],"card_choices":[{"not_picked":["Poisoned Stab","Dagger Spray"],"picked":"Calculated Gamble","floor":1.0},{"not_picked":["Slice","Outmaneuver","Heel Hook"],"picked":"SKIP","floor":4.0},{"not_picked":["Backstab","Burst","Deflect"],"picked":"SKIP","floor":6.0},{"not_picked":["Sucker Punch","Cloak And Dagger","Infinite Blades"],"picked":"SKIP","floor":7.0},{"not_picked":["Riddle With Holes","Quick Slash","Backflip"],"picked":"SKIP","floor":8.0},{"not_picked":["Wraith Form v2","Glass Knife","Bullet Time"],"picked":"SKIP","floor":10.0},{"not_picked":["Slice","Sucker Punch","Choke"],"picked":"SKIP","floor":11.0},{"not_picked":["Glass Knife","Envenom"],"picked":"Malaise","floor":12.0},{"not_picked":["Poisoned Stab","Riddle With Holes"],"picked":"Acrobatics","floor":13.0},{"not_picked":["Toxin Wave","ReplayTheSpireMod:Necrosis"],"picked":"Reflex","floor":15.0}],"player_experience":643236,"relics_obtained":[{"floor":6.0,"key":"ReplayTheSpireMod:Ninjato"},{"floor":9.0,"key":"DemoMod:SevenLeafClover"},{"floor":10.0,"key":"Du-Vu Doll"},{"floor":12.0,"key":"Turnip"},{"floor":12.0,"key":"ReplayTheSpireMod:Shallot"}],"event_choices":[{"cards_removed":["Strike_G"],"damage_healed":0.0,"max_hp_gain":0.0,"max_hp_loss":0.0,"gold_gain":0.0,"event_name":"The Cleric","player_choice":"Card Removal","floor":2.0,"gold_loss":75.0,"damage_taken":0.0},{"damage_healed":0.0,"max_hp_gain":0.0,"max_hp_loss":0.0,"gold_gain":0.0,"event_name":"FaceTrader","player_choice":"Trade","floor":3.0,"gold_loss":0.0,"damage_taken":0.0,"relics_obtained":["FaceOfCleric"]},{"damage_healed":0.0,"max_hp_gain":5.0,"max_hp_loss":0.0,"gold_gain":0.0,"event_name":"Big Fish","player_choice":"Donut","floor":14.0,"gold_loss":0.0,"damage_taken":0.0}],"is_beta":false,"boss_relics":[],"items_purged_floors":[],"is_endless":false,"potions_floor_spawned":[6,8,11],"killed_by":"Fading Forest","ascension_level":20}}