{"host":"rtw1tnr74gozsrw1","time":1612407461,"event":{"mods":["BaseMod","Colored Map","Colored Powertips","Highlight Path","Minty Spire (QoL Compilation)","StSLib","The Jungle"],"gold_per_floor":[110,60,60,60,60,60,78,78,78,109,127,127,127,52,52,151,151,169,268,268,287,336,236,269,269,269],"floor_reached":25,"language":"ENG","playtime":474,"items_purged":["Defend_B","Strike_B"],"score":288,"play_id":"b665a7dc-6784-4c4a-a8be-4c92473de1c1","local_time":"20210204035741","is_ascension_mode":true,"campfire_choices":[{"data":"Redo","floor":6,"key":"SMITH"},{"data":"Dualcast","floor":8,"key":"SMITH"},{"data":"Zap","floor":13,"key":"SMITH"},{"data":"Ball Lightning","floor":15,"key":"SMITH"}],"circlet_count":0,"master_deck":["Strike_B","Defend_B","Defend_B","Zap+1","Dualcast+1","Redo+1","Cold Snap","Ball Lightning+1","Creative AI","Self Repair","Cold Snap","Redo","Conserve Battery"],"relics":["Cracked Core","NeowsBlessing","Letter Opener","PreservedInsect","Sozu","Blood Vial","Meat on the Bone"],"acts_visited":["Exordium","TheCity"],"potions_floor_usage":[],"damage_taken":[{"damage":0,"enemies":"Jaw Worm","floor":1,"turns":1},{"damage":0,"enemies":"2 Louse","floor":7,"turns":1},{"damage":0,"enemies":"Lagavulin","floor":10,"turns":1},{"damage":7,"enemies":"Small Slimes","floor":11,"turns":2},{"damage":27,"enemies":"Slime Boss","floor":16,"turns":7},{"damage":7,"enemies":"Chosen","floor":18,"turns":4},{"damage":4,"enemies":"Spheric Guardian","floor":21,"turns":3},{"damage":42,"enemies":"Book of Stabbing","floor":24,"turns":5},{"damage":0,"enemies":"Book of Stabbing","floor":25,"turns":1}],"seed_played":"459130529791584871","potions_obtained":[{"floor":11,"key":"SpeedPotion"}],"is_trial":false,"path_per_floor":["M","?","T","?","?","R","M","R","T","E","M","?","R","$","R","B",null,"M","?","?","M","T","$","E","?"],"character_chosen":"DEFECT","items_purchased":[],"campfire_rested":0,"item_purchase_floors":[],"current_hp_per_floor":[75,75,75,75,75,75,75,75,75,75,68,61,61,61,61,34,75,68,68,68,71,71,71,38,38,38],"gold":269,"neow_bonus":"THREE_ENEMY_KILL","is_daily":false,"chose_seed":false,"campfire_upgraded":4,"win_rate":0.0,"timestamp":1612407461,"path_taken":["M","?","?","?","?","R","M","R","T","E","M","?","R","$","R","BOSS","M","?","?","M","?","$","E","?"],"items_purchased_type":[],"build_version":"2020-12-22","purchased_purges":2,"victory":false,"max_hp_per_floor":[75,75,75,75,75,75,75,75,75,75,75,75,75,75,75,75,75,75,75,75,75,75,75,75,75,75],"card_choices":[{"not_picked":["Barrage","Sweeping Beam"],"picked":"Redo","floor":1},{"not_picked":["Compile Driver","Coolheaded"],"picked":"Cold Snap","floor":7},{"not_picked":["Tempest","Stack"],"picked":"Ball Lightning","floor":10},{"not_picked":["Hologram","Beam Cell","Compile Driver"],"picked":"SKIP","floor":11},{"not_picked":["Seek","Hyperbeam"],"picked":"Creative AI","floor":16},{"not_picked":["Compile Driver","Stack"],"picked":"Self Repair","floor":18},{"not_picked":["Hologram","Coolheaded+1"],"picked":"Redo","floor":21},{"not_picked":["Melter","Rip and Tear+1"],"picked":"Conserve Battery","floor":24}],"player_experience":103693,"relics_obtained":[{"floor":3,"key":"Letter Opener"},{"floor":10,"key":"PreservedInsect"},{"floor":22,"key":"Blood Vial"},{"floor":24,"key":"Meat on the Bone"}],"event_choices":[{"cards_removed":["Strike_B"],"damage_healed":0,"gold_gain":0,"player_choice":"Card Removal","damage_taken":0,"max_hp_gain":0,"max_hp_loss":0,"event_name":"The Cleric","floor":2,"gold_loss":50},{"cards_removed":["Strike_B"],"damage_healed":0,"gold_gain":0,"player_choice":"Forget","damage_taken":0,"max_hp_gain":0,"max_hp_loss":0,"event_name":"Living Wall","floor":4,"gold_loss":0},{"damage_healed":0,"gold_gain":0,"player_choice":"Fled","damage_taken":0,"max_hp_gain":0,"max_hp_loss":0,"event_name":"Scrap Ooze","floor":5,"gold_loss":0},{"cards_removed":["Defend_B"],"damage_healed":0,"gold_gain":0,"player_choice":"Card Removal","damage_taken":7,"max_hp_gain":0,"max_hp_loss":0,"event_name":"Golden Wing","floor":12,"gold_loss":0},{"damage_healed":0,"gold_gain":99,"player_choice":"Stole From Cult","damage_taken":0,"max_hp_gain":0,"max_hp_loss":0,"event_name":"Nest","floor":19,"gold_loss":0},{"damage_healed":0,"gold_gain":0,"player_choice":"Read","damage_taken":0,"max_hp_gain":0,"max_hp_loss":0,"event_name":"The Library","floor":20,"gold_loss":0,"cards_obtained":["Cold Snap"]}],"is_beta":false,"boss_relics":[{"not_picked":["Nuclear Battery","Astrolabe"],"picked":"Sozu"}],"items_purged_floors":[14,23],"is_endless":false,"potions_floor_spawned":[11,21,24],"killed_by":"Book of Stabbing","ascension_level":4}}