{"host":"54jr43vd79817238","time":1612411117,"event":{"mods":["100% Spire Juice","ATMod(阿瑾Mod)","Act Like it!","Arknights","Aspiration","BaseMod","CapriCore","Dota2Spire","Friendly Minions","Gensokyo","Hallownest","Hermit","Jedi Mod","KomeijiMod","Lobotomy","LobotomyExtend","Marisa（F雨　魔理沙）","Minty Spire (QoL Compilation)","MostiFishMod","Quarter Circle Forward PUNCH!","Reliquary","Replay The Spire","Robot Space Explorer","RumiaBox-露米娅的神秘盒子","Slay the StarCraft II Mod","Spicy Shops","StSLib","TestMod","The Blackbeard","The Dragon Tamer","WarShipGirlsR/战舰少女R mod","Yakumo Yukari mod","Youmu（魂魄妖梦）","Yuyuko","[IsaacMod]以撒尖塔","【遗物卡牌】REMEMod"],"gold_per_floor":[115,7,23,43,81,81,98,98,176,176,196,196,11,39,39,139,19,37,50,65,82,94,94,122,77,157,51,51,62,96,106,106,204,84,94,107,117,13,27,27,60,10,83,83,10,10,10,43,43,43,43,43,43,7,40,40,40],"floor_reached":56,"language":"ZHS","playtime":2414,"items_purged":["Hallownest:curseDreamersLament"],"score":1050,"play_id":"969de5f2-33ef-414b-8cac-98045ac82196","local_time":"20210204115837","is_ascension_mode":true,"campfire_choices":[{"floor":6,"key":"RECALL"},{"data":"Moonworks:x16BigRocket","floor":8,"key":"SMITH"},{"data":"Creative AI","floor":10,"key":"SMITH"},{"data":"Moonworks:WeAreWaruda","floor":15,"key":"SMITH"},{"data":"Moonworks:AnotherUltimateWeapon","floor":23,"key":"SMITH"},{"data":"Pot Of Greed","floor":28,"key":"SMITH"},{"data":"Moonworks:Dash","floor":32,"key":"SMITH"},{"data":"Moonworks:UnpaidWork","floor":40,"key":"SMITH"},{"data":"Pot Of Greed","floor":44,"key":"SMITH"},{"data":"Pot Of Greed","floor":47,"key":"SMITH"},{"data":"Pot Of Greed","floor":49,"key":"SMITH"},{"data":"Moonworks:x16BigRocket+1","floor":53,"key":"SMITH"}],"circlet_count":0,"master_deck":["Moonworks:Strike","Moonworks:Strike","Moonworks:Strike","Moonworks:Strike","Moonworks:Defend","Moonworks:Defend","Moonworks:Defend","Moonworks:Defend","Moonworks:Ambush","Moonworks:LongDistanceShot","MostiFishMod:ButterFly","Creative AI+1","Moonworks:NicePresent","Moonworks:CookingTime","Moonworks:AnotherUltimateWeapon+1","Moonworks:Dash+1","Moonworks:x16BigRocket+2","Moonworks:WeAreWaruda+1","Moonworks:NicePresent","Moonworks:Gamble","Moonworks:ScrambledEve","Moonworks:NicePresent+1","Moonworks:StiffCrystal","Pot Of Greed+1","Pot Of Greed+1","Pot Of Greed+1","Moonworks:ScrambledEve","Moonworks:NicePresent","Moonworks:SakisCookie","Moonworks:ReflectiveShell","Moonworks:ForcedRevival+1","Moonworks:BindingChains+1","Moonworks:TacticalRetreat","Moonworks:SakisCookie+1","Moonworks:UnpaidWork+1","Moonworks:PlushieMaster","Moonworks:TreasureThief+1","Pot Of Greed+1"],"relics":["Moonworks:BrokenBomb","Moonworks:Homemark","DaveBox","AT_ATBox","testmod-TestBox","REME_ComplimentaryCards","HushsDoor","GuppysTail","testmod-Hope","Medical Kit","SynthV:TestCard","testmod-CasingShield","Hallownest:TeacherSealRelic","Membership Card","Pear","AT_TrinityForce","Grinning Jar","reliquary:BallBearing","Dota2Spire:BattleFury","testmod-Nine","Vajra","Replay:Ringing Soul","reliquary:PorcupineQuills","aspiration:Nostalgia","blackbeard:LoadTheCannons","reliquary:FeatherDuster","ClockworkSouvenir","Dota2Spire:HandOfMidas"],"acts_visited":["Hallownest:Greenpath","Hallownest:CityofTears","Hallownest:KingdomsEdge","TheEnding"],"potions_floor_usage":[3,11,56],"damage_taken":[{"damage":3,"enemies":"Hallownest:2_MossCreeps","floor":1,"turns":4},{"damage":2,"enemies":"Hallownest:2_Baldur","floor":2,"turns":3},{"damage":4,"enemies":"Hallownest:monsterHuskGuard","floor":3,"turns":4},{"damage":9,"enemies":"Hallownest:1_Ooma_and_2_Uuma","floor":4,"turns":7},{"damage":6,"enemies":"Hallownest:monsterFoolEater","floor":7,"turns":2},{"damage":8,"enemies":"Hallownest:MossCreep_and_Mosskin","floor":11,"turns":5},{"damage":15,"enemies":"Hallownest:eliteCrystalGuardian","floor":14,"turns":5},{"damage":26,"enemies":"Hallownest:BossFalseKnight","floor":16,"turns":5},{"damage":7,"enemies":"Hallownest:2_Mistakes","floor":18,"turns":3},{"damage":0,"enemies":"Hallownest:3_Youths","floor":19,"turns":5},{"damage":3,"enemies":"Hallownest:3_Mistakes","floor":20,"turns":4},{"damage":0,"enemies":"Hallownest:Warrior_and_Youth","floor":21,"turns":3},{"damage":9,"enemies":"Hallownest:2_Husk_Sentries","floor":22,"turns":4},{"damage":0,"enemies":"Hallownest:Nosk","floor":24,"turns":5},{"damage":0,"enemies":"Hallownest:monsterMisterMushroom","floor":27,"turns":2},{"damage":0,"enemies":"Hallownest:monsterShrumalOgre","floor":29,"turns":3},{"damage":24,"enemies":"Hallownest:eliteSoulWarrior","floor":30,"turns":4},{"damage":13,"enemies":"Hallownest:2_Husk_Sentries","floor":31,"turns":4},{"damage":14,"enemies":"Hallownest:BossMantisLord","floor":33,"turns":3},{"damage":6,"enemies":"Hallownest:Shield_Heavy","floor":35,"turns":3},{"damage":12,"enemies":"Hallownest:2_Littles","floor":36,"turns":4},{"damage":0,"enemies":"Hallownest:monsterPrimalAspid","floor":37,"turns":2},{"damage":2,"enemies":"Hallownest:2_Great","floor":38,"turns":4},{"damage":0,"enemies":"Hallownest:2_Soldiers_and_1_Guardian","floor":39,"turns":4},{"damage":0,"enemies":"Hallownest:eliteCollector","floor":41,"turns":4},{"damage":0,"enemies":"Hallownest:StalkingDevout","floor":48,"turns":3},{"damage":10,"enemies":"Hallownest:Radiance","floor":50,"turns":1},{"damage":30,"enemies":"Shield and Spear","floor":55,"turns":3},{"damage":77,"enemies":"The Heart","floor":56,"turns":2}],"seed_played":"-1627662590083239541","potions_obtained":[{"floor":1,"key":"Block Potion"},{"floor":2,"key":"Ancient Potion"},{"floor":7,"key":"jedi:StrikingPotion"},{"floor":11,"key":"Elixir"},{"floor":14,"key":"Moonworks:OneHundredPercentOrangeJuicePotion"}],"is_trial":false,"path_per_floor":["M","M","M","M","?","R","M","R","T","R","M","?","$","E","R","B",null,"M","M","M","M","M","R","E","?","T","M","R","M","E","M","R","B",null,"M","M","M","M","M","R","E","?","T","R","$","?","R","E","R","B",null,null,"R","$","E","B"],"character_chosen":"THE_STARBREAKER","items_purchased":["Membership Card","reliquary:PorcupineQuills","ClockworkSouvenir"],"campfire_rested":0,"item_purchase_floors":[13,45,54],"current_hp_per_floor":[57,58,56,54,54,54,52,52,52,52,57,57,57,62,62,70,70,67,70,67,70,61,61,70,76,76,76,76,76,52,43,43,60,76,75,64,76,76,76,76,76,76,76,76,76,76,76,79,79,79,79,79,79,79,77,0,0],"gold":40,"neow_bonus":"RANDOM_COLORLESS","is_daily":false,"chose_seed":false,"campfire_upgraded":11,"win_rate":0.0,"timestamp":1612411117,"path_taken":["M","M","?","M","?","R","M","R","T","R","M","?","$","E","R","BOSS","M","M","?","M","M","R","E","?","T","M","R","M","E","M","R","BOSS","M","M","M","?","M","R","E","?","T","R","?","?","R","E","R","BOSS","R","$","E","BOSS"],"items_purchased_type":["Relic","Relic","Relic"],"build_version":"2020-12-22","purchased_purges":1,"victory":false,"max_hp_per_floor":[60,60,60,60,60,60,60,60,60,60,60,60,60,70,70,70,70,70,70,70,70,70,70,70,76,76,76,76,76,76,76,76,76,76,76,76,76,76,76,76,76,76,76,76,76,76,76,79,79,79,79,79,79,79,79,61,61],"card_choices":[{"not_picked":[],"picked":"SuicideKing","floor":0},{"not_picked":["AT_PowerWithin","AT_Homeward"],"picked":"MostiFishMod:ButterFly","floor":0},{"not_picked":["Moonworks:CompletionReward","Moonworks:RedAndBlue"],"picked":"Moonworks:NicePresent","floor":1},{"not_picked":["Moonworks:CloudOfSeagulls","Moonworks:Assault","Moonworks:IndiscriminateFireSupport","Moonworks:SelfDestruct"],"picked":"Moonworks:CookingTime","floor":2},{"not_picked":["Moonworks:IndiscriminateFireSupport","Moonworks:SakisCookie","Moonworks:BigMagnum","Moonworks:DevilHand"],"picked":"Moonworks:AnotherUltimateWeapon","floor":3},{"not_picked":["Moonworks:Flamethrower","Moonworks:Assault","Moonworks:LulusLuckyEgg","Moonworks:Dinner"],"picked":"Moonworks:Dash","floor":4},{"not_picked":["Moonworks:AngelHand","Moonworks:BigMagnum","Moonworks:NicePresent","Moonworks:Dinner"],"picked":"Moonworks:MiracleRedBeanIceCream","floor":5},{"not_picked":["Moonworks:ImmovableObject","Moonworks:EvilSpyWorkPreparation","Moonworks:DeployBits","Moonworks:UnluckyCharm"],"picked":"Moonworks:x16BigRocket","floor":7},{"not_picked":["Moonworks:LulusLuckyEgg","Moonworks:IndiscriminateFireSupport","Moonworks:ImOnFire","Moonworks:Flamethrower"],"picked":"Moonworks:WeAreWaruda","floor":11},{"not_picked":["Moonworks:BindingChains","Moonworks:AngelHand","Moonworks:SakisCookie","Moonworks:WindyEnchantment"],"picked":"Moonworks:NicePresent","floor":14},{"not_picked":["Moonworks:WeAreWaruda","Moonworks:StarBlastingFuse","Moonworks:HolyNight","Moonworks:MetallicMonocoque"],"picked":"Moonworks:Gamble","floor":16},{"not_picked":["Moonworks:LulusLuckyEgg","Moonworks:BigMagnum+1","Moonworks:IndiscriminateFireSupport","Moonworks:ImOnFire"],"picked":"Moonworks:ScrambledEve","floor":18},{"not_picked":["Moonworks:LulusLuckyEgg+1","Moonworks:CookingTime+1","Moonworks:x16BigRocket+1","Moonworks:BigMagnum","Moonworks:ImOnFire+1"],"picked":"SKIP","floor":19},{"not_picked":["Moonworks:ScrambledEve","Moonworks:DeployBits","Moonworks:LulusLuckyEgg","Moonworks:CastOff"],"picked":"Moonworks:NicePresent+1","floor":20},{"not_picked":["Moonworks:BigMagnum","Moonworks:JonathanRush","Moonworks:CloudOfSeagulls","Moonworks:MiracleRedBeanIceCream","Moonworks:Bloodlust+1"],"picked":"SKIP","floor":21},{"not_picked":["Moonworks:BigMagnum","Moonworks:SelfDestruct","Moonworks:EvilSpyWorkPreparation","Moonworks:Gamble"],"picked":"Moonworks:StiffCrystal","floor":22},{"not_picked":["Moonworks:LulusLuckyEgg","Moonworks:CloudOfSeagulls","Moonworks:UnpaidWork","Moonworks:Dinner"],"picked":"Moonworks:ScrambledEve","floor":24},{"not_picked":["Moonworks:RedAndBlue+1","Moonworks:DeployBits","Moonworks:StiffCrystal","Moonworks:BeyondHell+1"],"picked":"Moonworks:NicePresent","floor":27},{"not_picked":["Moonworks:LulusLuckyEgg+1","Moonworks:SakisCookie","Moonworks:JonathanRush","Moonworks:IndiscriminateFireSupport","Moonworks:ImOnFire"],"picked":"SKIP","floor":29},{"not_picked":["Moonworks:Gamble","Moonworks:SealedMemories","Moonworks:TreasureThief","Moonworks:FinalBattle","Moonworks:Accelerator"],"picked":"SKIP","floor":30},{"not_picked":["Moonworks:ImOnFire","Moonworks:RagingMadness","Moonworks:MiracleRedBeanIceCream+1","Moonworks:LulusLuckyEgg"],"picked":"Moonworks:SakisCookie","floor":31},{"not_picked":["Moonworks:SinkOrSwim","Moonworks:EvilMastermind","Moonworks:MeltingMemories","Moonworks:RocketCannon"],"picked":"Moonworks:ReflectiveShell","floor":33},{"not_picked":["Moonworks:IndiscriminateFireSupport","Moonworks:ImOnFire+1","Moonworks:DeployBits","Moonworks:Assault"],"picked":"Moonworks:ForcedRevival+1","floor":35},{"not_picked":["Moonworks:LulusLuckyEgg","Moonworks:AngelHand","Moonworks:StiffCrystal","Moonworks:MiracleRedBeanIceCream"],"picked":"Moonworks:BindingChains+1","floor":36},{"not_picked":["Moonworks:SelfDestruct+1","Moonworks:UnluckyCharm+1","Moonworks:IndiscriminateFireSupport+1","Moonworks:StarBlastingFuse"],"picked":"Moonworks:TacticalRetreat","floor":37},{"not_picked":["Moonworks:Assault+1","Moonworks:IndiscriminateFireSupport+1","Moonworks:ImOnFire","Moonworks:JonathanRush"],"picked":"Moonworks:SakisCookie+1","floor":38},{"not_picked":["Moonworks:SakisCookie","Moonworks:SelfDestruct","Moonworks:AngelHand+1","Moonworks:NicePresent+1"],"picked":"Moonworks:UnpaidWork","floor":39},{"not_picked":["Moonworks:BigBangBell","Moonworks:LulusLuckyEgg","Moonworks:BigMagnum+1","Moonworks:NicePresent"],"picked":"Moonworks:PlushieMaster","floor":41},{"not_picked":["Moonworks:LulusLuckyEgg+1","Moonworks:Assault+1","Moonworks:SubspaceTunnel","Moonworks:EvilSpyWorkPreparation+1"],"picked":"Moonworks:TreasureThief+1","floor":48},{"not_picked":["Moonworks:BigMagnum+1","Moonworks:IndiscriminateFireSupport","Moonworks:SealedMemories+1","Moonworks:CloudOfSeagulls+1","Moonworks:EvilSpyWorkPreparation+1"],"picked":"SKIP","floor":55}],"player_experience":288973,"relics_obtained":[{"floor":1,"key":"SynthV:TestCard"},{"floor":5,"key":"testmod-CasingShield"},{"floor":14,"key":"Pear"},{"floor":24,"key":"Grinning Jar"},{"floor":26,"key":"reliquary:BallBearing"},{"floor":30,"key":"Dota2Spire:BattleFury"},{"floor":41,"key":"Vajra"},{"floor":43,"key":"Replay:Ringing Soul"},{"floor":48,"key":"reliquary:FeatherDuster"},{"floor":55,"key":"Dota2Spire:HandOfMidas"}],"event_choices":[{"damage_healed":0,"gold_gain":0,"player_choice":"Swap Relic","damage_taken":0,"relics_obtained":["aspiration:Nostalgia"],"max_hp_gain":0,"max_hp_loss":0,"event_name":"给自己的盒子","floor":46,"relics_lost":["AT_GuinsooRageblade"],"gold_loss":0}],"is_beta":false,"boss_relics":[{"not_picked":["MagicMushroom","EE1DDrone"],"picked":"AT_TrinityForce"},{"not_picked":[]},{"not_picked":["BloodWine","Cursed Key"],"picked":"testmod-Nine"},{"not_picked":[]}],"items_purged_floors":[13],"is_endless":false,"potions_floor_spawned":[1,2,7,11,14,21,22,27,30,33,38,41,55],"killed_by":"The Heart","ascension_level":2}}