{"host":"xp5rvh2jwe2ejyfm","time":1612398445,"event":{"mods":["Aspiration","BaseMod","BetterRewards","Colored Powertips","Conspire","Downfall","GifTheSpireLib","Gremlin Mod","Hermit","Hubris","Jorbs\u0027s Wanderer Trilogy","Minty Spire (QoL Compilation)","Replay The Spire","Robot Space Explorer","Shade Mod","Somnambulant","StSLib","The Bug Knight","The Clintock","The Construct","The Cursed","The Disciple","The Forsaken","The Hierophant","The Necromancer","The Runesmith","The Servant 0.9.4","The Valiant","The Witch","thorton"],"gold_per_floor":[110,127,107,40,59,59,86,86,86,100,128,128,5,18,18,114,114,130,130,19,38,52,52,52,52,52,52],"floor_reached":26,"language":"ENG","playtime":1122,"items_purged":[],"score":216,"play_id":"f8c66914-deef-4091-ad28-d3a937b861e8","local_time":"20210203192725","is_ascension_mode":false,"campfire_choices":[{"floor":6,"key":"RECALL"},{"floor":12,"key":"REST"},{"floor":15,"key":"REST"},{"floor":25,"key":"REST"}],"circlet_count":0,"master_deck":["somnambulantmod: SomnambulantStrike","somnambulantmod: SomnambulantStrike","somnambulantmod: SomnambulantStrike","somnambulantmod: SomnambulantStrike","somnambulantmod: SomnambulantStrike+1","somnambulantmod: Defend_Somnambulant","somnambulantmod: Defend_Somnambulant","somnambulantmod: Defend_Somnambulant+1","somnambulantmod: Defend_Somnambulant","somnambulantmod: QuickNap","somnambulantmod: PrimingPunch+1","somnambulantmod: RacingThoughts","somnambulantmod: Pinch","somnambulantmod: ImpenetrableMind","somnambulantmod: ImpenetrableMind","somnambulantmod: DarkeningMind","somnambulantmod: SnuggleUp","somnambulantmod: Nosebleed","somnambulantmod: MuscleMemory","somnambulantmod: DarkeningMind","somnambulantmod: ViralIdea","somnambulantmod: ViralIdea","somnambulantmod: Bruise","somnambulantmod: SickeningSwathe","somnambulantmod: Lucidity","somnambulantmod: Hush","somnambulantmod: HappyThoughts","somnambulantmod: SleepingBody","somnambulantmod: Harden+1","somnambulantmod: SleepingBody","somnambulantmod: DeeperSleep+1","somnambulantmod: MindWave+1"],"relics":["somnambulantmod: DreamJournal","NeowsBlessing","Dream Catcher","Iron Hammer","construct:ClawGrip"],"acts_visited":["Exordium","TheCity"],"potions_floor_usage":[7,10,10,11,16,21,21,22],"damage_taken":[{"damage":0,"enemies":"Small Slimes","floor":1,"turns":1},{"damage":0,"enemies":"Cultist","floor":2,"turns":1},{"damage":0,"enemies":"2 Louse","floor":5,"turns":2},{"damage":49,"enemies":"Lagavulin","floor":7,"turns":11},{"damage":9,"enemies":"Blue Slaver","floor":10,"turns":6},{"damage":8,"enemies":"Gremlin Nob","floor":11,"turns":4},{"damage":4,"enemies":"Gremlin Gang","floor":14,"turns":2},{"damage":46,"enemies":"Fading Forest","floor":16,"turns":11},{"damage":16,"enemies":"Shell Parasite","floor":18,"turns":7},{"damage":45,"enemies":"2 Thieves","floor":21,"turns":4},{"damage":16,"enemies":"Snecko","floor":22,"turns":7},{"damage":27,"enemies":"Slavers","floor":26,"turns":3}],"seed_played":"-2285505610704891278","potions_obtained":[{"floor":2,"key":"Dexterity Potion"},{"floor":3,"key":"Swift Potion"},{"floor":5,"key":"construct:ShiftPotion"},{"floor":7,"key":"Reflective Coating"},{"floor":8,"key":"Regen Potion"},{"floor":8,"key":"BlessingOfTheForge"},{"floor":10,"key":"Fruit Juice"},{"floor":16,"key":"ColorlessPotion"},{"floor":18,"key":"PowerPotion"}],"is_trial":false,"path_per_floor":["M","M","?","$","M","R","E","?","T","M","E","R","$","M","R","B",null,"M","?","$","M","M","PTL","PTL","R","E"],"character_chosen":"THE_SOMNAMBULANT","items_purchased":["somnambulantmod: ImpenetrableMind","somnambulantmod: DarkeningMind","somnambulantmod: ViralIdea","somnambulantmod: SleepingBody","somnambulantmod: Harden+1"],"campfire_rested":3,"item_purchase_floors":[4,13,13,20,20],"current_hp_per_floor":[70,70,70,70,70,70,21,21,21,32,24,48,48,44,69,23,79,63,63,63,18,2,2,2,27,0,0],"gold":52,"neow_bonus":"THREE_ENEMY_KILL","is_daily":false,"chose_seed":false,"campfire_upgraded":0,"win_rate":0.0,"timestamp":1612398445,"path_taken":["M","M","?","?","M","R","E","?","T","?","E","R","$","M","R","BOSS","M","?","$","M","?","PTL","PTL","R","E"],"items_purchased_type":["Card","Card","Card","Card","Card"],"build_version":"2020-12-22","purchased_purges":0,"victory":false,"max_hp_per_floor":[70,70,70,70,70,70,70,70,70,75,75,77,77,77,79,79,79,79,79,79,79,79,79,79,81,81,81],"card_choices":[{"not_picked":["somnambulantmod: Bruise","somnambulantmod: TimeCompression"],"picked":"somnambulantmod: RacingThoughts","floor":1},{"not_picked":["somnambulantmod: HeavyLids","somnambulantmod: NightmareFuel"],"picked":"somnambulantmod: Pinch","floor":2},{"not_picked":["somnambulantmod: MindWave","somnambulantmod: AllForNothing"],"picked":"somnambulantmod: ImpenetrableMind","floor":5},{"not_picked":["somnambulantmod: ImpenetrableMind","somnambulantmod: Relive"],"picked":"somnambulantmod: DarkeningMind","floor":7},{"not_picked":["somnambulantmod: TrepanningBlow","somnambulantmod: HeadSmack"],"picked":"somnambulantmod: SnuggleUp","floor":10},{"not_picked":["somnambulantmod: Stumble","somnambulantmod: HeavyLids"],"picked":"somnambulantmod: Nosebleed","floor":11},{"not_picked":["somnambulantmod: HeadSmack","somnambulantmod: Sleepyhead"],"picked":"somnambulantmod: MuscleMemory","floor":12},{"not_picked":["somnambulantmod: Sleepyhead","somnambulantmod: HappyThoughts"],"picked":"somnambulantmod: Bruise","floor":14},{"not_picked":["somnambulantmod: SnuggleUp","somnambulantmod: Remember"],"picked":"somnambulantmod: SickeningSwathe","floor":15},{"not_picked":["somnambulantmod: Mindlessness","somnambulantmod: GalaxyBrain"],"picked":"somnambulantmod: Lucidity","floor":16},{"not_picked":["somnambulantmod: SnuggleUp+1","somnambulantmod: Trauma"],"picked":"somnambulantmod: Hush","floor":18},{"not_picked":["somnambulantmod: Trauma+1","somnambulantmod: Unknow+1"],"picked":"somnambulantmod: SleepingBody","floor":21},{"not_picked":["somnambulantmod: TrepanningBlow","somnambulantmod: SnuggleUp"],"picked":"somnambulantmod: DeeperSleep+1","floor":22},{"not_picked":["somnambulantmod: RecurringDream+1","somnambulantmod: Hush"],"picked":"somnambulantmod: MindWave+1","floor":25}],"player_experience":410596,"relics_obtained":[{"floor":7,"key":"Dream Catcher"},{"floor":11,"key":"Iron Hammer"}],"event_choices":[{"damage_healed":0,"gold_gain":0,"player_choice":"Bought 1 Potion","damage_taken":0,"max_hp_gain":0,"max_hp_loss":0,"event_name":"The Woman in Blue","floor":3,"gold_loss":0},{"damage_healed":0,"gold_gain":0,"player_choice":"Got Potions","damage_taken":0,"max_hp_gain":0,"max_hp_loss":0,"event_name":"Lab","floor":8,"gold_loss":0},{"damage_healed":0,"gold_gain":0,"cards_transformed":["somnambulantmod: Defend_Somnambulant"],"player_choice":"Transformed","damage_taken":0,"max_hp_gain":0,"max_hp_loss":0,"event_name":"Transmorgrifier","floor":19,"gold_loss":0,"cards_obtained":["somnambulantmod: HappyThoughts"]}],"is_beta":false,"boss_relics":[{"not_picked":["aspiration:PoetsPen_weak","conspire:RunicOctahedron"],"picked":"construct:ClawGrip"}],"items_purged_floors":[],"is_endless":false,"potions_floor_spawned":[2,5,7,10,16,18],"killed_by":"Slavers","ascension_level":0}}