{"host":"tjq6rykv202u6iqx","time":1612469603,"event":{"mods":["AchievementEnabler","BaseMod","Minty Spire (QoL Compilation)","Rare Cards Sparkle","Relic Stats"],"gold_per_floor":[115,132,144,3,3,3,33,33,33,59,59,59,74,90,90,164,164,174,89,101,26,41,72,72,98,145,70,99,99,124,144,144,218,218,232,250,150,150,150,150,184,194,194,174,204,204,221,247,247,247,247,247,41,66,66],"floor_reached":56,"language":"ENG","playtime":6195,"items_purged":["Normality","Strike_B"],"score":2358,"play_id":"eaab7f31-7dc2-4c2a-8208-a5ff68be961c","local_time":"20210204141323","is_ascension_mode":true,"campfire_choices":[{"data":"Streamline","floor":6,"key":"SMITH"},{"data":"Rebound","floor":8,"key":"SMITH"},{"data":"Tempest","floor":12,"key":"SMITH"},{"data":"Biased Cognition","floor":15,"key":"SMITH"},{"data":"Seek","floor":24,"key":"SMITH"},{"data":"Defragment","floor":29,"key":"SMITH"},{"floor":32,"key":"REST"},{"data":"Coolheaded","floor":40,"key":"SMITH"},{"floor":46,"key":"RECALL"},{"data":"Echo Form","floor":49,"key":"SMITH"},{"data":"Reinforced Body","floor":52,"key":"SMITH"}],"circlet_count":0,"master_deck":["AscendersBane","Defend_B","Defend_B","Defend_B","Defend_B","Zap","Dualcast","Leap","Rebound+1","Biased Cognition+1","Rebound","Streamline+1","Seek+1","Tempest+1","Turbo","Cold Snap","Biased Cognition","Coolheaded+1","Compile Driver+1","Reinforced Body+1","Defragment+1","Turbo+1","Storm","Echo Form+1","Core Surge+1","Loop+1","Hologram+1","Meteor Strike+1","Cold Snap+1","Creative AI","Doom and Gloom+1"],"relics":["Cursed Key","Mercury Hourglass","Dead Branch","Runic Pyramid","Molten Egg 2","StrikeDummy","Unceasing Top","Ornamental Fan","Centennial Puzzle","Coffee Dripper","Meat on the Bone","Lizard Tail","The Courier","Runic Capacitor","Happy Flower"],"acts_visited":["Exordium","TheCity","TheBeyond","TheEnding"],"potions_floor_usage":[16,22,25,28,36,47,54,55,55],"damage_taken":[{"damage":3,"enemies":"Jaw Worm","floor":1,"turns":4},{"damage":3,"enemies":"Small Slimes","floor":2,"turns":4},{"damage":1,"enemies":"Cultist","floor":3,"turns":4},{"damage":20,"enemies":"Lagavulin","floor":7,"turns":7},{"damage":11,"enemies":"Gremlin Nob","floor":10,"turns":3},{"damage":1,"enemies":"3 Louse","floor":13,"turns":2},{"damage":8,"enemies":"Blue Slaver","floor":14,"turns":2},{"damage":0,"enemies":"The Guardian","floor":16,"turns":8},{"damage":0,"enemies":"Spheric Guardian","floor":18,"turns":3},{"damage":15,"enemies":"2 Thieves","floor":20,"turns":4},{"damage":12,"enemies":"Centurion and Healer","floor":22,"turns":3},{"damage":0,"enemies":"Gremlin Leader","floor":23,"turns":6},{"damage":13,"enemies":"Slavers","floor":25,"turns":3},{"damage":0,"enemies":"Gremlin Leader","floor":28,"turns":4},{"damage":3,"enemies":"Book of Stabbing","floor":30,"turns":4},{"damage":14,"enemies":"Snake Plant","floor":31,"turns":3},{"damage":10,"enemies":"Champ","floor":33,"turns":11},{"damage":6,"enemies":"Orb Walker","floor":35,"turns":3},{"damage":21,"enemies":"3 Darklings","floor":36,"turns":3},{"damage":0,"enemies":"Giant Head","floor":41,"turns":5},{"damage":5,"enemies":"Writhing Mass","floor":42,"turns":4},{"damage":0,"enemies":"Nemesis","floor":45,"turns":5},{"damage":9,"enemies":"Maw","floor":47,"turns":5},{"damage":9,"enemies":"Reptomancer","floor":48,"turns":3},{"damage":20,"enemies":"Time Eater","floor":50,"turns":5},{"damage":39,"enemies":"Shield and Spear","floor":54,"turns":6},{"damage":69,"enemies":"The Heart","floor":55,"turns":8}],"seed_played":"841436817331866254","potions_obtained":[{"floor":2,"key":"CultistPotion"},{"floor":3,"key":"PotionOfCapacity"},{"floor":10,"key":"SteroidPotion"},{"floor":16,"key":"Energy Potion"},{"floor":23,"key":"AttackPotion"},{"floor":25,"key":"Swift Potion"},{"floor":30,"key":"PowerPotion"},{"floor":36,"key":"Ancient Potion"},{"floor":44,"key":"SneckoOil"},{"floor":47,"key":"Energy Potion"},{"floor":54,"key":"SneckoOil"}],"is_trial":false,"path_per_floor":["M","M","M","$","?","R","E","R","T","E","?","R","M","M","R","B",null,"M","?","M","?","M","E","R","E","T","$","E","R","E","M","R","B",null,"M","M","$","?","?","R","E","M","T","?","E","R","M","E","R","B",null,"R","$","E","B",null],"character_chosen":"DEFECT","items_purchased":["Biased Cognition","Rebound","Runic Capacitor","Swift Potion","Doom and Gloom+1"],"campfire_rested":1,"item_purchase_floors":[4,4,53,53,53],"current_hp_per_floor":[61,58,57,57,57,57,37,37,37,26,26,26,25,17,17,17,58,58,58,43,43,31,31,31,18,18,18,18,18,15,1,22,12,56,50,29,29,29,29,29,29,36,36,36,36,36,39,42,42,34,62,62,62,35,43],"gold":66,"neow_bonus":"BOSS_RELIC","is_daily":false,"chose_seed":false,"campfire_upgraded":9,"win_rate":0.0,"timestamp":1612469603,"path_taken":["M","M","M","$","?","R","E","R","T","E","?","R","?","M","R","BOSS","M","?","M","?","M","E","R","E","T","$","E","R","E","M","R","BOSS","M","M","$","?","?","R","E","M","T","?","E","R","M","E","R","BOSS","R","$","E","BOSS"],"items_purchased_type":["Card","Card","Relic","Potion","Card"],"build_version":"2020-12-22","purchased_purges":2,"victory":true,"max_hp_per_floor":[71,71,71,71,71,71,71,71,71,71,71,71,71,71,71,71,71,71,71,71,71,71,71,71,71,71,71,71,71,71,71,71,71,71,71,71,71,71,71,71,71,71,71,71,71,71,71,71,71,71,71,71,71,71,71],"relic_stats":{"Centennial Puzzle":[30],"Lizard Tail":35,"Happy Flower":[2],"counters":[27,121],"Ornamental Fan":[68],"Dead Branch":[83],"Cursed Key":1,"obtain_stats":[{"Happy Flower":54,"Dead Branch":10,"The Courier":48,"Runic Capacitor":53,"Cursed Key":0,"Mercury Hourglass":7,"Centennial Puzzle":30,"Lizard Tail":45,"Ornamental Fan":28,"Molten Egg 2":19,"Coffee Dripper":34,"Cracked Core":0,"StrikeDummy":23,"Unceasing Top":25,"Runic Pyramid":17,"Meat on the Bone":41},{"Happy Flower":26,"Dead Branch":5,"The Courier":24,"Runic Capacitor":25,"Cursed Key":0,"Mercury Hourglass":4,"Centennial Puzzle":15,"Lizard Tail":22,"Ornamental Fan":14,"Molten Egg 2":9,"Coffee Dripper":17,"Cracked Core":0,"StrikeDummy":12,"Unceasing Top":13,"Runic Pyramid":8,"Meat on the Bone":20},{"Happy Flower":113,"Dead Branch":22,"The Courier":103,"Runic Capacitor":108,"Cursed Key":0,"Mercury Hourglass":19,"Centennial Puzzle":61,"Lizard Tail":95,"Ornamental Fan":57,"Molten Egg 2":37,"Coffee Dripper":75,"Cracked Core":0,"StrikeDummy":50,"Unceasing Top":53,"Runic Pyramid":34,"Meat on the Bone":86}],"Unceasing Top":[8],"Mercury Hourglass":[344],"Meat on the Bone":72},"card_choices":[{"not_picked":["Gash","Storm"],"picked":"Leap","floor":1},{"not_picked":["Beam Cell","Stack"],"picked":"Rebound","floor":2},{"not_picked":["Turbo","Redo","Capacitor"],"picked":"SKIP","floor":3},{"not_picked":["Consume","Stack"],"picked":"Seek","floor":7},{"not_picked":["Conserve Battery","Skim"],"picked":"Tempest","floor":10},{"not_picked":["Tempest","Reprogram"],"picked":"Turbo","floor":13},{"not_picked":["Gash","Steam"],"picked":"Cold Snap","floor":14},{"not_picked":["Hyperbeam","Amplify"],"picked":"Biased Cognition","floor":16},{"not_picked":["Redo","Barrage"],"picked":"Coolheaded","floor":18},{"not_picked":["Gash+1","Heatsinks"],"picked":"Compile Driver+1","floor":20},{"not_picked":["Ball Lightning+1","Amplify"],"picked":"Reinforced Body","floor":22},{"not_picked":["Undo","Amplify"],"picked":"Defragment","floor":23},{"not_picked":["Redo","Steam"],"picked":"Turbo+1","floor":25},{"not_picked":["Defragment","Hyperbeam+1"],"picked":"Storm","floor":28},{"not_picked":["Undo","Darkness+1"],"picked":"Echo Form","floor":30},{"not_picked":["Sweeping Beam+1","Ball Lightning+1","Redo"],"picked":"SKIP","floor":31},{"not_picked":["Meteor Strike+1","Buffer"],"picked":"Core Surge+1","floor":33},{"not_picked":["Double Energy","Barrage+1"],"picked":"Loop+1","floor":35},{"not_picked":["Reprogram","Redo","Stack"],"picked":"SKIP","floor":36},{"not_picked":["Gash+1","Loop"],"picked":"Hologram+1","floor":41},{"not_picked":["Rebound+1","Consume","Rip and Tear+1"],"picked":"SKIP","floor":42},{"not_picked":["Streamline+1","Melter+1"],"picked":"Meteor Strike+1","floor":45},{"not_picked":["Chill","Turbo+1"],"picked":"Cold Snap+1","floor":47},{"not_picked":["Lockon+1","Tempest"],"picked":"Creative AI","floor":48},{"not_picked":["Hologram","Lockon+1","Streamline+1"],"picked":"SKIP","floor":54}],"player_experience":919079,"relics_obtained":[{"floor":7,"key":"Mercury Hourglass"},{"floor":10,"key":"Dead Branch"},{"floor":23,"key":"StrikeDummy"},{"floor":25,"key":"Unceasing Top"},{"floor":28,"key":"Ornamental Fan"},{"floor":30,"key":"Centennial Puzzle"},{"floor":41,"key":"Meat on the Bone"},{"floor":45,"key":"Lizard Tail"},{"floor":48,"key":"The Courier"},{"floor":54,"key":"Happy Flower"}],"event_choices":[{"damage_healed":0,"gold_gain":0,"cards_transformed":["Strike_B"],"player_choice":"Change","damage_taken":0,"max_hp_gain":0,"max_hp_loss":0,"event_name":"Living Wall","floor":5,"gold_loss":0,"cards_obtained":["Streamline"]},{"cards_removed":["Strike_B"],"damage_healed":0,"gold_gain":0,"player_choice":"Purged","damage_taken":0,"max_hp_gain":0,"max_hp_loss":0,"event_name":"Purifier","floor":11,"gold_loss":0},{"damage_healed":0,"gold_gain":0,"player_choice":"Obtained Relic","damage_taken":0,"relics_obtained":["Molten Egg 2"],"max_hp_gain":0,"max_hp_loss":0,"event_name":"Addict","floor":19,"gold_loss":85},{"cards_removed":["Strike_B"],"damage_healed":0,"gold_gain":0,"player_choice":"Gave Gold","damage_taken":0,"max_hp_gain":0,"max_hp_loss":0,"event_name":"Beggar","floor":21,"gold_loss":75},{"damage_healed":0,"gold_gain":0,"player_choice":"Ignored","damage_taken":0,"max_hp_gain":0,"max_hp_loss":0,"event_name":"Tomb of Lord Red Mask","floor":38,"gold_loss":0},{"damage_healed":0,"gold_gain":0,"player_choice":"Ignored","damage_taken":0,"max_hp_gain":0,"max_hp_loss":0,"event_name":"The Moai Head","floor":39,"gold_loss":0},{"damage_healed":0,"gold_gain":0,"player_choice":"Bought 1 Potion","damage_taken":0,"max_hp_gain":0,"max_hp_loss":0,"event_name":"The Woman in Blue","floor":44,"gold_loss":0}],"is_beta":false,"boss_relics":[{"not_picked":["Astrolabe","Sozu"],"picked":"Runic Pyramid"},{"not_picked":["SlaversCollar","Fusion Hammer"],"picked":"Coffee Dripper"}],"items_purged_floors":[27,37],"is_endless":false,"potions_floor_spawned":[2,3,10,16,20,23,25,30,31,35,36,45,47,54],"ascension_level":16}}