{"host":"takgv9cv6xf64vhq","time":1612450057,"event":{"mods":["BaseMod","Colored Powertips","Conspire","Decade(王小明)","Downfall","Energized Spire","Hermit","Hubris","LagranYue(拉格朗・月)","Marisa（F雨　魔理沙）","Minty Spire (QoL Compilation)","Replay The Spire","StSLib","The Cursed","The Hierophant","The Jungle","The Servant 0.9.4","TheHeartMod"],"gold_per_floor":[113,113,113,132,282,282,50,50,50,70,89,108,108,123,123,202,202,217,231,247,106,106,137,137,166,242,319,36,47,58,58,58,132,132,147,166,166,178,192,226,226,257,257,107,117,117,132,161,161,161,161,161,33,61,61],"floor_reached":56,"language":"ZHS","playtime":3906,"items_purged":["Doubt","Strike_G","hubris:Compulsion","Strike_G"],"score":2469,"play_id":"2d4607b3-b763-45a2-bf2b-7e7a68dad29c","local_time":"20210204224737","is_ascension_mode":true,"campfire_choices":[{"data":"Neutralize","floor":6.0,"key":"SMITH"},{"data":"Survivor","floor":8.0,"key":"SMITH"},{"data":"Calculated Gamble","floor":13.0,"key":"SMITH"},{"data":"Strike_G","floor":15.0,"key":"PURGE"},{"data":"Storm of Steel","floor":24,"key":"SMITH"},{"data":"Backflip","floor":32,"key":"SMITH"},{"floor":46,"key":"RECALL"},{"data":"Deflect","floor":49,"key":"SMITH"},{"data":"A Thousand Cuts","floor":52,"key":"SMITH"}],"circlet_count":0,"master_deck":["AscendersBane","Strike_G","Defend_G","Defend_G","Defend_G","Defend_G","Survivor+1","Neutralize+1","Deflect+1","Dagger Throw","Calculated Gamble+1","Dagger Throw","Storm of Steel+1","Draining Mist+1","Backflip+1","Deadly Poison+1","ReplayTheSpireMod:Speed Training","Dagger Throw","Expertise","Storm of Steel+1","hubris:Sniper","A Thousand Cuts+1","hubris:SlightOfHand+1","ReplayTheSpireMod:The Works+1","conspire:PoisonWeapons+1","Infinite Blades+1","Concentrate","Madness","Madness","Expertise+1","Backflip","PiercingWail","PiercingWail","Blur","ReplayTheSpireMod:Speed Training","Hidden Blade"],"relics":["Ring of the Snake","ReplayTheSpireMod:TigerMarble","hubris:Icosahedron","LagranYue:NewUniverseRelic","expansioncontent:StudyCardRelic","Oddly Smooth Stone","Mirror","Paper Crane","conspire:DecoderRing","hubris:TinFlute","DollysMirror","Empty Cage","Turnip","LagranYue:MagicReflectiveArmorRelic","Torii","Darkstone Periapt","Boot"],"acts_visited":["Exordium","TheCity","TheBeyond","TheEnding"],"potions_floor_usage":[16,20,23,23,36,50,55,55],"damage_taken":[{"damage":13.0,"enemies":"Small Slimes","floor":1.0,"turns":7.0},{"damage":0.0,"enemies":"Jaw Worm","floor":4.0,"turns":4.0},{"damage":0.0,"enemies":"2 Louse","floor":10.0,"turns":2.0},{"damage":0.0,"enemies":"Large Slime","floor":11.0,"turns":5.0},{"damage":0.0,"enemies":"Exordium Wildlife","floor":12.0,"turns":1.0},{"damage":0.0,"enemies":"2 Fungi Beasts","floor":14.0,"turns":2.0},{"damage":8,"enemies":"Hexaghost","floor":16,"turns":8},{"damage":0,"enemies":"Shell Parasite","floor":18,"turns":2},{"damage":0,"enemies":"Chosen","floor":19,"turns":2},{"damage":0,"enemies":"Centurion and Healer","floor":20,"turns":2},{"damage":0,"enemies":"Gremlin Leader","floor":23,"turns":5},{"damage":0,"enemies":"conspire:Head Lice","floor":25,"turns":3},{"damage":0,"enemies":"3 Cultists","floor":29,"turns":2},{"damage":0,"enemies":"Snake Plant","floor":30,"turns":2},{"damage":0,"enemies":"Collector","floor":33,"turns":1},{"damage":0,"enemies":"Orb Walker","floor":35,"turns":2},{"damage":0,"enemies":"3 Darklings","floor":36,"turns":2},{"damage":0,"enemies":"Sphere and 2 Shapes","floor":38,"turns":1},{"damage":0,"enemies":"Spire Growth","floor":39,"turns":2},{"damage":0,"enemies":"Giant Head","floor":40,"turns":4},{"damage":9,"enemies":"R_Hoarder","floor":42,"turns":7},{"damage":0,"enemies":"Transient","floor":45,"turns":5},{"damage":0,"enemies":"Jaw Worm Horde","floor":47,"turns":1},{"damage":0,"enemies":"Nemesis","floor":48,"turns":3},{"damage":0,"enemies":"Awakened One","floor":50,"turns":4},{"damage":0,"enemies":"Shield and Spear","floor":54,"turns":2},{"damage":1,"enemies":"The Heart","floor":55,"turns":7}],"seed_played":"-3945293604643019192","potions_obtained":[{"floor":10.0,"key":"CultistPotion"},{"floor":12.0,"key":"Toxic Potion"},{"floor":16,"key":"Dexterity Potion"},{"floor":19,"key":"Fire Potion"},{"floor":30,"key":"Languid Potion"},{"floor":33,"key":"Block Potion"},{"floor":36,"key":"FearPotion"},{"floor":38,"key":"bronze:BurnAndBuffPotion"},{"floor":42,"key":"Flashbang"}],"is_trial":false,"path_per_floor":["M","$","?","M","?","R","$","R","T","M","M","M","R","M","R","B",null,"M","M","M","$","?","E","R","E","T","T","$","M","M","$","R","B",null,"M","M","?","M","M","E","?","E","T","$","M","R","M","E","R","B",null,"R","$","E","B",null],"character_chosen":"THE_SILENT","items_purchased":["LagranYue:NewUniverseRelic","ReplayTheSpireMod:Speed Training","DollysMirror","Blur","ReplayTheSpireMod:Speed Training"],"campfire_rested":0,"item_purchase_floors":[7,21,28,53,53],"current_hp_per_floor":[46,46,46,46,46,46,46,46,46,46,46,46,46,46,46,42,60,60,60,60,60,60,60,60,60,60,60,60,60,60,60,60,60,65,65,65,61,61,62,62,50,41,41,41,41,41,41,41,41,41,61,61,61,61,60],"gold":61,"neow_bonus":"RANDOM_COMMON_RELIC","is_daily":false,"chose_seed":true,"campfire_upgraded":7,"win_rate":0.0,"timestamp":1612450057,"path_taken":["M","$","?","M","?","R","$","R","T","M","M","M","R","M","R","BOSS","M","M","M","$","?","E","R","E","T","?","$","M","M","?","R","BOSS","M","M","?","?","M","E","?","E","T","$","M","R","M","E","R","BOSS","R","$","E","BOSS"],"items_purchased_type":["Relic","Card","Relic","Card","Card"],"build_version":"2020-12-22","purchased_purges":4,"victory":true,"max_hp_per_floor":[66,66,66,66,66,66,66,66,66,66,66,66,66,66,66,66,66,66,66,66,66,66,66,66,66,66,66,66,66,66,66,66,66,66,66,66,66,66,67,67,67,67,67,67,67,67,67,67,67,67,67,67,67,67,67],"card_choices":[{"not_picked":["Outmaneuver","Dagger Spray"],"picked":"Deflect","floor":1.0},{"not_picked":["Masterful Stab","ReplayTheSpireMod:Shiv Toss"],"picked":"Dagger Throw","floor":4.0},{"not_picked":["Bane","Riddle With Holes","Sucker Punch"],"picked":"SKIP","floor":10.0},{"not_picked":["Bane","Slice"],"picked":"Calculated Gamble","floor":11.0},{"not_picked":["Sucker Punch","Sneak Up","PiercingWail"],"picked":"SKIP","floor":12.0},{"not_picked":["Wraith Form v2","Quick Slash"],"picked":"Dagger Throw","floor":14.0},{"not_picked":["Burst","Glass Knife"],"picked":"Storm of Steel","floor":16},{"not_picked":["ReplayTheSpireMod:Exploit Weakness+1","Dodge and Roll"],"picked":"Draining Mist+1","floor":18},{"not_picked":["Poisoned Stab","Finisher"],"picked":"Backflip","floor":19},{"not_picked":["Outmaneuver+1","Bane"],"picked":"Deadly Poison+1","floor":20},{"not_picked":["Flechettes","Dash"],"picked":"Dagger Throw","floor":23},{"not_picked":["hubris:Counter","Bane"],"picked":"Expertise","floor":25},{"not_picked":["Blade Dance","Flechettes"],"picked":"hubris:Sniper","floor":29},{"not_picked":["Flying Knee+1","Backflip","Wraith Form v2"],"picked":"SKIP","floor":30},{"not_picked":["Unload","Storm of Steel"],"picked":"A Thousand Cuts","floor":33},{"not_picked":["Backflip","ReplayTheSpireMod:Tripwire"],"picked":"hubris:SlightOfHand+1","floor":35},{"not_picked":["Footwork","Bane+1"],"picked":"ReplayTheSpireMod:The Works+1","floor":36},{"not_picked":["Underhanded Strike","Outmaneuver"],"picked":"conspire:PoisonWeapons+1","floor":38},{"not_picked":["Slice","Cloak And Dagger"],"picked":"Infinite Blades+1","floor":39},{"not_picked":["Bane","Fluid Movement+1"],"picked":"Concentrate","floor":40},{"not_picked":["Slice+1","Finisher+1"],"picked":"Expertise+1","floor":42},{"not_picked":["hubris:SlightOfHand","Endless Agony+1"],"picked":"Backflip","floor":45},{"not_picked":["Hidden Blade","Venomology"],"picked":"PiercingWail","floor":47},{"not_picked":["Dagger Throw","Deadly Poison"],"picked":"PiercingWail","floor":48},{"not_picked":["Dagger Throw+1","Quick Slash"],"picked":"Hidden Blade","floor":54}],"player_experience":401328,"relics_obtained":[{"floor":23,"key":"Mirror"},{"floor":25,"key":"Paper Crane"},{"floor":26,"key":"conspire:DecoderRing"},{"floor":27,"key":"hubris:TinFlute"},{"floor":40,"key":"Turnip"},{"floor":42,"key":"LagranYue:MagicReflectiveArmorRelic"},{"floor":43,"key":"Torii"},{"floor":48,"key":"Darkstone Periapt"},{"floor":54,"key":"Boot"}],"event_choices":[{"damage_healed":0.0,"max_hp_gain":0.0,"max_hp_loss":0.0,"gold_gain":150.0,"event_name":"Liars Game","player_choice":"AGREE","floor":5.0,"gold_loss":0.0,"damage_taken":0.0,"cards_obtained":["Doubt"]},{"damage_healed":0,"gold_gain":0,"player_choice":"Bought 0 Potions","damage_taken":0,"max_hp_gain":0,"max_hp_loss":0,"event_name":"The Woman in Blue","floor":37,"gold_loss":0},{"damage_healed":0,"gold_gain":0,"player_choice":"Embrace Madness","damage_taken":12,"max_hp_gain":0,"max_hp_loss":0,"event_name":"Winding Halls","floor":41,"gold_loss":0,"cards_obtained":["Madness","Madness"]}],"is_beta":false,"boss_relics":[{"not_picked":["hubris:Stopwatch","ReplayTheSpireMod:DimensionalGlitch"],"picked":"expansioncontent:StudyCardRelic"},{"not_picked":["energizedSpire:HugeHouse","conspire:SlowCooker"],"picked":"Empty Cage"}],"items_purged_floors":[7,21,28,44],"is_endless":false,"potions_floor_spawned":[10,12,14,16,19,20,30,33,35,36,38,42],"ascension_level":16}}