{"host":"8is2j71l4wmybkoi","time":1612453314,"event":{"mods":["AchievementEnabler","BaseMod","Colored Map","Minty Spire (QoL Compilation)","Rare Cards Sparkle","StSLib","SuperFastMode"],"gold_per_floor":[111,111,111,111,135,135,178,194,220,220,246,246,282,318,330,441,453,486,186,186,206,231,231,231,275,298,298,316,335,34,59,59,148,148,169,194,225,225,245,288,288,303,303,342,342,362,383,60,60,60,60],"floor_reached":50,"language":"KOR","playtime":2142,"items_purged":["Defend_R","Writhe","Bash"],"score":1019,"play_id":"a140ae57-3306-460b-be05-73e041c22e5b","local_time":"20210205004154","is_ascension_mode":true,"campfire_choices":[{"data":"Hemokinesis","floor":6.0,"key":"SMITH"},{"data":"Flame Barrier","floor":10.0,"key":"SMITH"},{"data":"Shockwave","floor":12.0,"key":"SMITH"},{"data":"Armaments","floor":15.0,"key":"SMITH"},{"data":"Enlightenment","floor":23.0,"key":"SMITH"},{"data":"Rupture","floor":27.0,"key":"SMITH"},{"floor":32.0,"key":"REST"},{"floor":41,"key":"RECALL"},{"floor":49,"key":"REST"}],"circlet_count":0,"master_deck":["AscendersBane","Defend_R","Defend_R","Shockwave+1","Hemokinesis+1","Flame Barrier+1","Twin Strike","Armaments+1","Immolate","Heavy Blade+1","Immolate+1","Sentinel+1","Rupture+1","Bloodletting","Enlightenment+1","Offering","Reaper","Evolve","Shrug It Off","True Grit","Corruption","Burning Pact+1"],"relics":["Burning Blood","Golden Idol","Orichalcum","Akabeko","Odd Mushroom","MawBank","Astrolabe","Centennial Puzzle","Calipers","Strawberry","Toy Ornithopter","Fusion Hammer","FossilizedHelix","Boot","Lizard Tail","Red Skull"],"acts_visited":["Exordium","TheCity","TheBeyond"],"potions_floor_usage":[40,42,44,46,50,50],"damage_taken":[{"damage":7.0,"enemies":"Small Slimes","floor":1.0,"turns":3.0},{"damage":4.0,"enemies":"2 Louse","floor":5.0,"turns":3.0},{"damage":16.0,"enemies":"Gremlin Nob","floor":7.0,"turns":3.0},{"damage":2.0,"enemies":"Cultist","floor":8.0,"turns":3.0},{"damage":7.0,"enemies":"The Mushroom Lair","floor":11.0,"turns":4.0},{"damage":9.0,"enemies":"Lagavulin","floor":13.0,"turns":5.0},{"damage":2.0,"enemies":"Blue Slaver","floor":14.0,"turns":2.0},{"damage":13.0,"enemies":"The Guardian","floor":16.0,"turns":11.0},{"damage":5.0,"enemies":"Chosen","floor":18.0,"turns":4.0},{"damage":14.0,"enemies":"2 Thieves","floor":21.0,"turns":4.0},{"damage":8.0,"enemies":"Cultist and Chosen","floor":22.0,"turns":4.0},{"damage":11.0,"enemies":"Gremlin Leader","floor":25.0,"turns":4.0},{"damage":31.0,"enemies":"Centurion and Healer","floor":28.0,"turns":4.0},{"damage":11.0,"enemies":"3 Cultists","floor":29.0,"turns":2.0},{"damage":18.0,"enemies":"Snake Plant","floor":31.0,"turns":3.0},{"damage":84.0,"enemies":"Collector","floor":33.0,"turns":8.0},{"damage":16.0,"enemies":"Orb Walker","floor":35.0,"turns":3.0},{"damage":0.0,"enemies":"3 Shapes","floor":36.0,"turns":2.0},{"damage":20.0,"enemies":"Mind Bloom Boss Battle","floor":37.0,"turns":5.0},{"damage":16,"enemies":"Maw","floor":39,"turns":5},{"damage":51,"enemies":"Giant Head","floor":40,"turns":7},{"damage":27,"enemies":"Jaw Worm Horde","floor":42,"turns":3},{"damage":75,"enemies":"Reptomancer","floor":44,"turns":7},{"damage":0,"enemies":"3 Darklings","floor":46,"turns":2},{"damage":10,"enemies":"Maw","floor":47,"turns":5},{"damage":101,"enemies":"Donu and Deca","floor":50,"turns":7}],"seed_played":"-1674761344269912002","potions_obtained":[{"floor":5.0,"key":"SkillPotion"},{"floor":7.0,"key":"ColorlessPotion"},{"floor":16.0,"key":"Weak Potion"},{"floor":22.0,"key":"FairyPotion"},{"floor":25.0,"key":"PowerPotion"},{"floor":33.0,"key":"SpeedPotion"},{"floor":35.0,"key":"PowerPotion"},{"floor":40,"key":"BloodPotion"},{"floor":44,"key":"LiquidMemories"},{"floor":46,"key":"Explosive Potion"}],"is_trial":false,"path_per_floor":["M","?","?","?","M","R","E","M","T","R","?","R","E","M","R","B",null,"M","$","?","M","M","R","?","E","T","R","M","M","$","M","R","B",null,"M","M","?","?","M","E","R","M","T","E","?","M","M","$","R","B"],"character_chosen":"IRONCLAD","items_purchased":["Rupture","Bloodletting","Enlightenment","True Grit","Toy Ornithopter","Red Skull","Block Potion"],"campfire_rested":2,"item_purchase_floors":[19,19,19,30,30,48,48],"current_hp_per_floor":[67,44,44,49,51,51,41,45,45,45,44,44,41,45,45,38,61,62,62,62,54,52,52,52,47,54,54,38,33,33,21,43,28,63,68,74,69,69,70,45,45,29,29,18,18,29,25,25,46,0,0],"gold":60,"neow_bonus":"REMOVE_TWO","is_daily":false,"chose_seed":false,"campfire_upgraded":6,"win_rate":0.0,"timestamp":1612453314,"path_taken":["M","?","?","?","M","R","E","?","T","R","?","R","E","M","R","BOSS","M","$","?","M","M","R","?","E","T","R","M","M","$","M","R","BOSS","M","M","?","?","M","E","R","M","T","E","?","M","M","$","R","BOSS"],"items_purchased_type":["Card","Card","Card","Card","Relic","Relic","Potion"],"build_version":"2020-12-22","purchased_purges":3,"victory":false,"max_hp_per_floor":[68,68,68,68,68,68,68,68,68,68,68,68,68,68,68,68,68,68,68,68,68,68,68,68,68,75,75,75,75,75,75,75,75,75,75,75,75,71,71,71,71,71,71,71,71,71,71,71,71,71,71],"card_choices":[{"not_picked":["Iron Wave","Body Slam"],"picked":"Shockwave","floor":1.0},{"not_picked":["Thunderclap","Flex"],"picked":"Hemokinesis","floor":5.0},{"not_picked":["Body Slam","Clash","Cleave"],"picked":"SKIP","floor":7.0},{"not_picked":["Sword Boomerang","Perfected Strike"],"picked":"Flame Barrier","floor":8.0},{"not_picked":["Cleave","Seeing Red"],"picked":"Twin Strike","floor":11.0},{"not_picked":["Reckless Charge","Sword Boomerang","Shockwave"],"picked":"SKIP","floor":13.0},{"not_picked":["Feel No Pain","True Grit"],"picked":"Armaments","floor":14.0},{"not_picked":["Double Tap","Juggernaut"],"picked":"Immolate","floor":16.0},{"not_picked":["Armaments","Shockwave","Thunderclap"],"picked":"SKIP","floor":18.0},{"not_picked":["Second Wind","Sword Boomerang"],"picked":"Offering","floor":21.0},{"not_picked":["Armaments","Twin Strike","Clothesline"],"picked":"SKIP","floor":22.0},{"not_picked":["Armaments","Twin Strike","Clothesline"],"picked":"SKIP","floor":22.0},{"not_picked":["Fiend Fire","Perfected Strike"],"picked":"Reaper","floor":25.0},{"not_picked":["Headbutt+1","Shrug It Off"],"picked":"Evolve","floor":28.0},{"not_picked":["Iron Wave","Intimidate"],"picked":"Shrug It Off","floor":29.0},{"not_picked":["Shockwave","Infernal Blade+1","Pommel Strike"],"picked":"SKIP","floor":31.0},{"not_picked":["Shockwave","Infernal Blade+1","Pommel Strike"],"picked":"SKIP","floor":31.0},{"not_picked":["Immolate","Juggernaut"],"picked":"Corruption","floor":33.0},{"not_picked":["Spot Weakness+1","Dual Wield+1","Evolve"],"picked":"SKIP","floor":35.0},{"not_picked":["Iron Wave","Fire Breathing+1","Twin Strike"],"picked":"SKIP","floor":36.0},{"not_picked":["Anger+1","Sword Boomerang","Twin Strike"],"picked":"SKIP","floor":39},{"not_picked":["Twin Strike","Havoc","Sever Soul"],"picked":"SKIP","floor":40},{"not_picked":["Cleave","Sword Boomerang+1","Flame Barrier"],"picked":"SKIP","floor":42},{"not_picked":["Body Slam+1","Inflame"],"picked":"Burning Pact+1","floor":44},{"not_picked":["Sever Soul+1","Heavy Blade+1","Intimidate+1"],"picked":"SKIP","floor":46},{"not_picked":["Twin Strike","Anger","Burning Pact"],"picked":"SKIP","floor":47}],"player_experience":968904,"relics_obtained":[{"floor":7.0,"key":"Orichalcum"},{"floor":9.0,"key":"Akabeko"},{"floor":11.0,"key":"Odd Mushroom"},{"floor":13.0,"key":"MawBank"},{"floor":25.0,"key":"Calipers"},{"floor":26.0,"key":"Strawberry"},{"floor":37.0,"key":"FossilizedHelix"},{"floor":40,"key":"Boot"},{"floor":44,"key":"Lizard Tail"}],"event_choices":[{"damage_healed":0.0,"max_hp_gain":0.0,"max_hp_loss":0.0,"gold_gain":0.0,"event_name":"Golden Idol","player_choice":"Take Damage","floor":2.0,"gold_loss":0.0,"damage_taken":23.0,"relics_obtained":["Golden Idol"]},{"damage_healed":0.0,"max_hp_gain":0.0,"max_hp_loss":0.0,"gold_gain":0.0,"cards_transformed":["Strike_R"],"event_name":"Living Wall","player_choice":"Change","floor":3.0,"gold_loss":0.0,"damage_taken":0.0,"cards_obtained":["Havoc"]},{"cards_removed":["Havoc"],"damage_healed":5.0,"max_hp_gain":0.0,"max_hp_loss":0.0,"gold_gain":0.0,"event_name":"Bonfire Elementals","player_choice":"Offered Common","floor":4.0,"gold_loss":0.0,"damage_taken":0.0},{"cards_removed":["Havoc"],"damage_healed":5.0,"max_hp_gain":0.0,"max_hp_loss":0.0,"gold_gain":0.0,"event_name":"Bonfire Elementals","player_choice":"Offered Special","floor":4.0,"gold_loss":0.0,"damage_taken":0.0},{"damage_healed":0.0,"max_hp_gain":0.0,"max_hp_loss":0.0,"gold_gain":0.0,"event_name":"Mushrooms","player_choice":"Fought Mushrooms","floor":11.0,"gold_loss":0.0,"damage_taken":0.0},{"damage_healed":0.0,"max_hp_gain":0.0,"max_hp_loss":0.0,"gold_gain":0.0,"event_name":"Ghosts","player_choice":"Ignored","floor":20.0,"gold_loss":0.0,"damage_taken":0.0},{"damage_healed":0.0,"max_hp_gain":0.0,"max_hp_loss":0.0,"gold_gain":0.0,"event_name":"The Mausoleum","player_choice":"Opened","floor":24.0,"gold_loss":0.0,"damage_taken":0.0,"relics_obtained":["Centennial Puzzle"],"cards_obtained":["Writhe"]},{"damage_healed":0.0,"max_hp_gain":0.0,"max_hp_loss":0.0,"gold_gain":0.0,"event_name":"MindBloom","player_choice":"Fight","floor":37.0,"gold_loss":0.0,"damage_taken":0.0},{"damage_healed":0.0,"max_hp_gain":0.0,"max_hp_loss":4.0,"gold_gain":0.0,"event_name":"Winding Halls","player_choice":"Max HP","floor":38.0,"gold_loss":0.0,"damage_taken":0.0},{"damage_healed":0,"gold_gain":0,"player_choice":"Ignored","damage_taken":0,"max_hp_gain":0,"max_hp_loss":0,"event_name":"Tomb of Lord Red Mask","floor":45,"gold_loss":0}],"is_beta":false,"boss_relics":[{"not_picked":["Calling Bell","Empty Cage"],"picked":"Astrolabe"},{"not_picked":["Velvet Choker","Snecko Eye"],"picked":"Fusion Hammer"}],"items_purged_floors":[19,30,48],"is_endless":false,"potions_floor_spawned":[5,7,16,22,25,28,33,35,40,44,46],"killed_by":"Donu and Deca","ascension_level":15}}