{"host":"qm4rv4rkpk76sbxu","time":1612466921,"event":{"mods":["BaseMod","Bestiary","Block Reminder","DeckTracker","Filter the Spire","Keyboard Shortcuts","Minty Spire (QoL Compilation)","MonsterHotkey","Quick Restart","Random Character Button","Relic Stats","Slay-I","StSLib","Unceasing Turn Reminder","ojb\u0027s Better Paths Mod","ojb\u0027s Info Mod"],"gold_per_floor":[117,67,81,101,101,101,132,132,132,132,151,169,199,229,229,331,331,350,364,397,397,409,409,409],"floor_reached":23,"language":"ENG","playtime":1053,"items_purged":[],"score":241,"play_id":"98ed250e-4da0-42b6-bb3b-664308889b26","local_time":"20210204202841","is_ascension_mode":true,"campfire_choices":[{"data":"Dagger Throw","floor":6.0,"key":"SMITH"},{"data":"Dash","floor":8.0,"key":"SMITH"},{"data":"Catalyst","floor":10.0,"key":"SMITH"},{"data":"Deadly Poison","floor":15.0,"key":"SMITH"}],"circlet_count":0,"master_deck":["Strike_G","Strike_G","Strike_G","Strike_G","Strike_G","Defend_G","Defend_G","Defend_G","Defend_G","Survivor","Neutralize","Catalyst+1","Dash+1","Dagger Throw+1","Deadly Poison+1","Dash","Well Laid Plans","Bullet Time","CurseOfTheBell","Blur","Backstab","Reflex"],"relics":["Ring of the Snake","White Beast Statue","Boot","Blood Vial","Akabeko","Tiny Chest","Meat on the Bone","Unceasing Top","Red Mask","Nloth\u0027s Gift"],"acts_visited":["Exordium","TheCity"],"potions_floor_usage":[23],"damage_taken":[{"damage":0.0,"enemies":"Cultist","floor":1.0,"turns":4.0},{"damage":3.0,"enemies":"Jaw Worm","floor":3.0,"turns":5.0},{"damage":0.0,"enemies":"Small Slimes","floor":4.0,"turns":5.0},{"damage":20.0,"enemies":"Lagavulin","floor":7.0,"turns":5.0},{"damage":0.0,"enemies":"3 Louse","floor":11.0,"turns":3.0},{"damage":0.0,"enemies":"Red Slaver","floor":12.0,"turns":2.0},{"damage":12.0,"enemies":"3 Sentries","floor":13.0,"turns":9.0},{"damage":9.0,"enemies":"The Guardian","floor":16.0,"turns":9.0},{"damage":8.0,"enemies":"Shell Parasite","floor":18.0,"turns":4.0},{"damage":0.0,"enemies":"Chosen","floor":19.0,"turns":3.0},{"damage":57.0,"enemies":"Masked Bandits","floor":20.0,"turns":6.0},{"damage":0.0,"enemies":"Centurion and Healer","floor":22.0,"turns":7.0},{"damage":37,"enemies":"Book of Stabbing","floor":23,"turns":5}],"seed_played":"-2204551357772389672","potions_obtained":[{"floor":0.0,"key":"Regen Potion"},{"floor":0.0,"key":"ColorlessPotion"},{"floor":0.0,"key":"Weak Potion"},{"floor":3.0,"key":"Ancient Potion"},{"floor":7.0,"key":"ColorlessPotion"},{"floor":12.0,"key":"Strength Potion"},{"floor":13.0,"key":"Ancient Potion"},{"floor":16.0,"key":"DistilledChaos"},{"floor":18.0,"key":"FearPotion"},{"floor":19.0,"key":"Energy Potion"},{"floor":20.0,"key":"BlessingOfTheForge"},{"floor":22.0,"key":"Dexterity Potion"}],"is_trial":false,"path_per_floor":["M","?","M","M","?","R","E","R","T","R","M","M","E","?","R","B",null,"M","M","?","?","M","E"],"character_chosen":"THE_SILENT","items_purchased":[],"campfire_rested":0,"item_purchase_floors":[],"current_hp_per_floor":[70,70,67,67,67,67,47,47,47,47,47,47,35,35,35,28,70,62,64,21,21,35,0,0],"gold":409,"neow_bonus":"THREE_SMALL_POTIONS","is_daily":false,"chose_seed":false,"campfire_upgraded":4,"win_rate":0.0,"timestamp":1612466921,"path_taken":["M","?","M","M","?","R","E","R","T","R","?","?","E","?","R","BOSS","M","M","?","?","M","E"],"items_purchased_type":[],"build_version":"2020-12-22","purchased_purges":0,"victory":false,"max_hp_per_floor":[70,70,70,70,70,70,70,70,70,70,70,70,70,70,70,70,70,70,70,70,70,70,70,70],"relic_stats":{"Blood Vial":10,"counters":[13,67],"Tiny Chest":0,"Nloth\u0027s Gift":0,"Boot":[29],"obtain_stats":[{"Blood Vial":13,"Calling Bell":17,"Tiny Chest":17,"Red Mask":20,"Nloth\u0027s Gift":21,"Boot":9,"White Beast Statue":7,"Akabeko":14,"Unceasing Top":17,"Ring of the Snake":0,"Meat on the Bone":17},{"Blood Vial":7,"Calling Bell":8,"Tiny Chest":8,"Red Mask":11,"Nloth\u0027s Gift":11,"Boot":4,"White Beast Statue":4,"Akabeko":7,"Unceasing Top":8,"Ring of the Snake":0,"Meat on the Bone":8},{"Blood Vial":33,"Calling Bell":42,"Tiny Chest":42,"Red Mask":55,"Nloth\u0027s Gift":55,"Boot":19,"White Beast Statue":19,"Akabeko":33,"Unceasing Top":42,"Ring of the Snake":0,"Meat on the Bone":42}],"Unceasing Top":[0],"Ring of the Snake":[26],"Meat on the Bone":24},"card_choices":[{"not_picked":["Flechettes","Distraction"],"picked":"Catalyst","floor":1.0},{"not_picked":["Infinite Blades","Setup"],"picked":"Dash","floor":3.0},{"not_picked":["Tactician","Deflect"],"picked":"Dagger Throw","floor":4.0},{"not_picked":["Storm of Steel","Prepared","Concentrate"],"picked":"SKIP","floor":7.0},{"not_picked":["Heel Hook","Outmaneuver"],"picked":"Deadly Poison","floor":11.0},{"not_picked":["Setup","Slice"],"picked":"Dash","floor":12.0},{"not_picked":["Bullet Time","Dagger Spray"],"picked":"Well Laid Plans","floor":13.0},{"not_picked":["Malaise","A Thousand Cuts"],"picked":"Bullet Time","floor":16.0},{"not_picked":["Deadly Poison+1","PiercingWail","Slice"],"picked":"SKIP","floor":18.0},{"not_picked":["Backflip","Leg Sweep"],"picked":"Blur","floor":19.0},{"not_picked":["Finisher","Sucker Punch"],"picked":"Backstab","floor":20.0},{"not_picked":["Blade Dance","Deflect"],"picked":"Reflex","floor":22.0}],"player_experience":1512558,"relics_obtained":[{"floor":7.0,"key":"White Beast Statue"},{"floor":9.0,"key":"Boot"},{"floor":13.0,"key":"Blood Vial"},{"floor":17.0,"key":"Tiny Chest"},{"floor":17.0,"key":"Meat on the Bone"},{"floor":17.0,"key":"Unceasing Top"},{"floor":20.0,"key":"Red Mask"}],"event_choices":[{"cards_removed":["Defend_G"],"damage_healed":0.0,"max_hp_gain":0.0,"max_hp_loss":0.0,"gold_gain":0.0,"event_name":"The Cleric","player_choice":"Card Removal","floor":2.0,"gold_loss":50.0,"damage_taken":0.0},{"damage_healed":0.0,"max_hp_gain":0.0,"max_hp_loss":0.0,"gold_gain":0.0,"event_name":"The Woman in Blue","player_choice":"Bought 0 Potions","floor":5.0,"gold_loss":0.0,"damage_taken":0.0},{"damage_healed":0.0,"max_hp_gain":0.0,"max_hp_loss":0.0,"gold_gain":30.0,"event_name":"Dead Adventurer","player_choice":"Searched \u00273\u0027 times","floor":14.0,"gold_loss":0.0,"damage_taken":0.0,"relics_obtained":["Akabeko"]},{"damage_healed":0.0,"max_hp_gain":0.0,"max_hp_loss":0.0,"gold_gain":0.0,"event_name":"Masked Bandits","player_choice":"Fought Bandits","floor":20.0,"gold_loss":0.0,"damage_taken":0.0},{"damage_healed":0.0,"max_hp_gain":0.0,"max_hp_loss":0.0,"gold_gain":0.0,"event_name":"N\u0027loth","player_choice":"Traded Relic","floor":21.0,"relics_lost":["Calling Bell"],"gold_loss":0.0,"damage_taken":0.0,"relics_obtained":["Nloth\u0027s Gift"]}],"is_beta":false,"boss_relics":[{"not_picked":["Sozu","Busted Crown"],"picked":"Calling Bell"}],"items_purged_floors":[],"is_endless":false,"potions_floor_spawned":[3,7,11,12,13,16,18,19,20,22],"killed_by":"Book of Stabbing","ascension_level":4}}