{"host":"e326moqq81vao3qq","time":1612460587,"event":{"mods":["BaseMod","Colored Powertips","Highlight Path","Minty Spire (QoL Compilation)","Quick Restart","Relic Stats","Spicy Shops","StSLib","The Druid"],"gold_per_floor":[119,136,411,1,1,26,26,61,134,134,134,134,148,165,165,263,263,278,193,193,193,212,212,112,126,176,51,51,15,28,48,48,148,198,213,213,213,231,246,275,275,309,309,320,320,337,357,367,367,367,367,367,68,102,102],"floor_reached":56,"language":"ENG","playtime":3141,"items_purged":["Regret","Writhe","Injury","Injury"],"score":1408,"play_id":"396c54e3-796a-416d-aaa6-e7e7382197bb","local_time":"20210204124307","is_ascension_mode":true,"campfire_choices":[{"data":"Noxious Fumes","floor":7,"key":"SMITH"},{"data":"Expertise","floor":11,"key":"SMITH"},{"floor":15,"key":"RECALL"},{"data":"Adrenaline","floor":23,"key":"SMITH"},{"data":"Acrobatics","floor":28,"key":"SMITH"},{"data":"Deadly Poison","floor":32,"key":"SMITH"},{"floor":41,"key":"REST"},{"floor":49,"key":"REST"},{"data":"Catalyst","floor":52,"key":"SMITH"}],"circlet_count":0,"master_deck":["Strike_G","Strike_G+1","Strike_G","Strike_G","Defend_G+1","Defend_G","Defend_G","Defend_G","Defend_G","Survivor","Neutralize","Expertise+1","Noxious Fumes+1","Backstab+1","Acrobatics+1","Adrenaline+1","Leg Sweep+1","Bane+1","Clumsy","Crippling Poison","Deadly Poison+1","Deadly Poison","Adrenaline","Poisoned Stab+1","Noxious Fumes+1","Catalyst+1","PiercingWail","PiercingWail","Footwork","Caltrops","Backflip"],"relics":["Ring of the Snake","NeowsBlessing","Singing Bowl","Akabeko","Pantograph","Potion Belt","TungstenRod","Paper Crane","Matryoshka","Cursed Key","Blood Vial","Molten Egg 2","Bag of Marbles","Ornamental Fan","Centennial Puzzle","Tiny House","MealTicket","Gremlin Horn","Shuriken","Cauldron","StrikeDummy"],"acts_visited":["Exordium","TheCity","TheBeyond","TheEnding"],"potions_floor_usage":[8,8,33,33,42,47,50,50,50,55,55,55,55],"damage_taken":[{"damage":0,"enemies":"Cultist","floor":1,"turns":1},{"damage":0,"enemies":"Jaw Worm","floor":2,"turns":1},{"damage":0,"enemies":"Lagavulin","floor":6,"turns":1},{"damage":16,"enemies":"Gremlin Nob","floor":8,"turns":3},{"damage":0,"enemies":"2 Louse","floor":13,"turns":1},{"damage":0,"enemies":"Looter","floor":14,"turns":4},{"damage":38,"enemies":"Hexaghost","floor":16,"turns":12},{"damage":25,"enemies":"Shell Parasite","floor":18,"turns":7},{"damage":1,"enemies":"2 Thieves","floor":22,"turns":4},{"damage":5,"enemies":"Cultist and Chosen","floor":25,"turns":7},{"damage":1,"enemies":"Shelled Parasite and Fungi","floor":30,"turns":6},{"damage":9,"enemies":"Sentry and Sphere","floor":31,"turns":5},{"damage":47,"enemies":"Collector","floor":33,"turns":10},{"damage":20,"enemies":"3 Darklings","floor":35,"turns":5},{"damage":0,"enemies":"3 Shapes","floor":38,"turns":3},{"damage":7,"enemies":"Maw","floor":39,"turns":5},{"damage":46,"enemies":"Giant Head","floor":40,"turns":9},{"damage":6,"enemies":"Reptomancer","floor":42,"turns":6},{"damage":0,"enemies":"4 Shapes","floor":44,"turns":3},{"damage":4,"enemies":"3 Darklings","floor":46,"turns":4},{"damage":0,"enemies":"Maw","floor":47,"turns":7},{"damage":4,"enemies":"Jaw Worm Horde","floor":48,"turns":4},{"damage":50,"enemies":"Time Eater","floor":50,"turns":8},{"damage":41,"enemies":"Shield and Spear","floor":54,"turns":7},{"damage":68,"enemies":"The Heart","floor":55,"turns":10}],"seed_played":"7663910649656285743","potions_obtained":[{"floor":1,"key":"SteroidPotion"},{"floor":2,"key":"FearPotion"},{"floor":14,"key":"EssenceOfSteel"},{"floor":30,"key":"GamblersBrew"},{"floor":33,"key":"SteroidPotion"},{"floor":34,"key":"DistilledChaos"},{"floor":35,"key":"CultistPotion"},{"floor":44,"key":"GamblersBrew"},{"floor":46,"key":"BlessingOfTheForge"},{"floor":47,"key":"Fire Potion"},{"floor":48,"key":"EssenceOfSteel"},{"floor":53,"key":"Dexterity Potion"},{"floor":53,"key":"Regen Potion"},{"floor":53,"key":"PowerPotion"},{"floor":53,"key":"LiquidMemories"}],"is_trial":false,"path_per_floor":["M","M","?","$","T","E","R","E","T","?","R","T","M","M","R","B",null,"M","?","?","T","M","R","$","M","T","$","R","$","M","M","R","B",null,"M","?","?","M","M","E","R","E","T","M","?","M","M","M","R","B",null,"R","$","E","B",null],"character_chosen":"THE_SILENT","items_purchased":["Singing Bowl","Akabeko","Crippling Poison","Cauldron"],"campfire_rested":2,"item_purchase_floors":[4,4,29,53],"current_hp_per_floor":[70,70,70,70,70,72,72,56,56,43,43,43,45,45,45,32,74,49,49,49,49,50,50,50,49,49,49,49,49,50,43,43,23,81,63,63,63,65,60,18,43,39,39,41,41,41,43,43,69,39,89,89,89,48,22],"gold":102,"neow_bonus":"THREE_ENEMY_KILL","is_daily":false,"chose_seed":false,"campfire_upgraded":6,"win_rate":0.0,"timestamp":1612460587,"path_taken":["M","?","?","$","?","E","R","E","T","?","R","?","?","M","R","BOSS","M","?","?","?","M","R","$","M","T","$","R","$","M","M","R","BOSS","M","?","?","M","?","E","R","E","T","M","?","M","M","M","R","BOSS","R","$","E","BOSS"],"items_purchased_type":["Relic","Relic","Card","Relic"],"build_version":"2020-12-22","purchased_purges":4,"victory":true,"max_hp_per_floor":[70,70,70,70,70,72,72,72,72,72,72,72,74,74,74,74,74,74,74,74,74,74,74,74,76,76,76,76,76,76,76,76,76,81,83,83,83,83,83,85,85,85,85,85,85,87,87,89,89,89,89,89,89,89,89],"relic_stats":{"Singing Bowl":14,"Gremlin Horn":[7,7],"counters":[25,133],"Cursed Key":3,"Blood Vial":30,"Centennial Puzzle":[36],"Ornamental Fan":[84],"Shuriken":[4],"Pantograph":93,"MealTicket":0,"obtain_stats":[{"Potion Belt":6,"Tiny House":34,"NeowsBlessing":0,"Singing Bowl":4,"Gremlin Horn":42,"Paper Crane":9,"Cursed Key":17,"Akabeko":4,"Blood Vial":19,"Cauldron":53,"Centennial Puzzle":26,"Matryoshka":12,"Ornamental Fan":26,"Shuriken":43,"Pantograph":5,"Molten Egg 2":20,"MealTicket":40,"Bag of Marbles":21,"StrikeDummy":54,"TungstenRod":8,"Ring of the Snake":0},{"Potion Belt":3,"Tiny House":13,"NeowsBlessing":0,"Singing Bowl":2,"Gremlin Horn":18,"Paper Crane":4,"Cursed Key":7,"Akabeko":2,"Blood Vial":8,"Cauldron":23,"Centennial Puzzle":10,"Matryoshka":4,"Ornamental Fan":10,"Shuriken":18,"Pantograph":2,"Molten Egg 2":8,"MealTicket":17,"Bag of Marbles":8,"StrikeDummy":24,"TungstenRod":4,"Ring of the Snake":0},{"Potion Belt":3,"Tiny House":62,"NeowsBlessing":0,"Singing Bowl":2,"Gremlin Horn":90,"Paper Crane":6,"Cursed Key":23,"Akabeko":2,"Blood Vial":30,"Cauldron":116,"Centennial Puzzle":41,"Matryoshka":6,"Ornamental Fan":41,"Shuriken":90,"Pantograph":2,"Molten Egg 2":30,"MealTicket":84,"Bag of Marbles":30,"StrikeDummy":123,"TungstenRod":6,"Ring of the Snake":0}],"TungstenRod":111,"Ring of the Snake":[50]},"card_choices":[{"not_picked":["Underhanded Strike","Footwork"],"picked":"Expertise","floor":1},{"not_picked":["Expertise","Quick Slash"],"picked":"Noxious Fumes","floor":2},{"not_picked":["Prepared","Slice","Bane"],"picked":"Singing Bowl","floor":6},{"not_picked":["Dash","Doppelganger"],"picked":"Backstab","floor":8},{"not_picked":["Calculated Gamble","Bane","Expertise"],"picked":"Singing Bowl","floor":13},{"not_picked":["Accuracy","Distraction"],"picked":"Acrobatics","floor":14},{"not_picked":["Night Terror","Glass Knife"],"picked":"Adrenaline","floor":16},{"not_picked":["Prepared","Quick Slash"],"picked":"Leg Sweep+1","floor":18},{"not_picked":["Acrobatics","Eviscerate+1"],"picked":"Bane+1","floor":22},{"not_picked":["Slice+1","Prepared","All Out Attack+1"],"picked":"Singing Bowl","floor":25},{"not_picked":["Quick Slash+1","Dagger Spray+1"],"picked":"Deadly Poison","floor":30},{"not_picked":["Calculated Gamble","Endless Agony+1"],"picked":"Deadly Poison","floor":31},{"not_picked":["Night Terror","Phantasmal Killer"],"picked":"Adrenaline","floor":33},{"not_picked":["Calculated Gamble","Cloak And Dagger"],"picked":"Poisoned Stab+1","floor":34},{"not_picked":["Deadly Poison","Finisher+1","Deflect+1"],"picked":"Singing Bowl","floor":35},{"not_picked":["Bane+1","Blade Dance+1"],"picked":"Catalyst","floor":38},{"not_picked":["Endless Agony+1","Dagger Spray+1"],"picked":"PiercingWail","floor":39},{"not_picked":["Bane+1","Dagger Throw+1","Concentrate+1"],"picked":"Singing Bowl","floor":40},{"not_picked":["Backflip","Slice+1"],"picked":"PiercingWail","floor":42},{"not_picked":["Masterful Stab+1","Acrobatics+1"],"picked":"Footwork","floor":44},{"not_picked":["Flying Knee+1","Backstab+1","Prepared"],"picked":"Singing Bowl","floor":46},{"not_picked":["Dagger Throw+1","Prepared"],"picked":"Caltrops","floor":47},{"not_picked":["Accuracy","Dash+1","Dodge and Roll"],"picked":"Singing Bowl","floor":48},{"not_picked":["Storm of Steel","Cloak And Dagger+1"],"picked":"Backflip","floor":54}],"player_experience":270540,"relics_obtained":[{"floor":5,"key":"Pantograph"},{"floor":6,"key":"Potion Belt"},{"floor":8,"key":"TungstenRod"},{"floor":9,"key":"Paper Crane"},{"floor":12,"key":"Matryoshka"},{"floor":21,"key":"Bag of Marbles"},{"floor":26,"key":"Ornamental Fan"},{"floor":26,"key":"Centennial Puzzle"},{"floor":40,"key":"MealTicket"},{"floor":42,"key":"Gremlin Horn"},{"floor":43,"key":"Shuriken"},{"floor":54,"key":"StrikeDummy"}],"event_choices":[{"damage_healed":0,"gold_gain":275,"player_choice":"Desecrate","damage_taken":0,"max_hp_gain":0,"max_hp_loss":0,"event_name":"Golden Shrine","floor":3,"gold_loss":0,"cards_obtained":["Regret"]},{"damage_healed":0,"gold_gain":0,"player_choice":"Entered Light","damage_taken":14,"max_hp_gain":0,"max_hp_loss":0,"event_name":"Shining Light","floor":10,"gold_loss":0,"cards_upgraded":["Backstab","Defend_G"]},{"damage_healed":0,"gold_gain":0,"player_choice":"Obtained Relic","damage_taken":0,"relics_obtained":["Blood Vial"],"max_hp_gain":0,"max_hp_loss":0,"event_name":"Addict","floor":19,"gold_loss":85},{"damage_healed":0,"gold_gain":0,"player_choice":"Opened","damage_taken":0,"relics_obtained":["Molten Egg 2"],"max_hp_gain":0,"max_hp_loss":0,"event_name":"The Mausoleum","floor":20,"gold_loss":0,"cards_obtained":["Writhe"]},{"cards_removed":["Strike_G"],"damage_healed":0,"gold_gain":0,"player_choice":"Removed Attack","damage_taken":0,"max_hp_gain":0,"max_hp_loss":0,"event_name":"Falling","floor":36,"gold_loss":0},{"damage_healed":0,"gold_gain":0,"player_choice":"Copied","damage_taken":0,"max_hp_gain":0,"max_hp_loss":0,"event_name":"Duplicator","floor":37,"gold_loss":0,"cards_obtained":["Noxious Fumes"]},{"damage_healed":0,"gold_gain":0,"player_choice":"Ignored","damage_taken":0,"max_hp_gain":0,"max_hp_loss":0,"event_name":"Mysterious Sphere","floor":45,"gold_loss":0}],"is_beta":false,"boss_relics":[{"not_picked":["Pandora\u0027s Box","HoveringKite"],"picked":"Cursed Key"},{"not_picked":["Runic Pyramid","Philosopher\u0027s Stone"],"picked":"Tiny House"}],"items_purged_floors":[4,24,27,53],"is_endless":false,"potions_floor_spawned":[1,2,14,30,33,35,44,46,47,48],"ascension_level":3}}