{"host":"0ntunplbxyg40l63","time":1612464869,"event":{"mods":["BaseMod","Colored Powertips","Downfall","Minty Spire (QoL Compilation)","StSLib"],"gold_per_floor":[99,119,119,4,18,36,36,63,23,23,41,53,69,69,79,178,178,178,193,178,197,210,210,210,10,10,10,10],"floor_reached":26,"language":"ENG","playtime":1276,"items_purged":[],"score":235,"play_id":"ea5560c5-3266-431b-ae1d-1536faa11f12","local_time":"20210204185429","is_ascension_mode":false,"campfire_choices":[{"data":"bronze:BurnOut","floor":1,"key":"SMITH"},{"floor":18,"key":"RECALL"},{"floor":23,"key":"REST"},{"data":"bronze:BurnOut","floor":25,"key":"SMITH"}],"circlet_count":0,"master_deck":["bronze:Strike","bronze:Strike","bronze:Strike","bronze:Defend","bronze:Defend","bronze:Defend","bronze:Defend","bronze:Replicate+1","bronze:Goto+1","bronze:BurnOut+1","bronze:Shell+1","bronze:Turbo","bronze:ItsAFeature","bronze:DelayedSlice","bronze:BugBarrage","bronze:Allocate","bronze:Shield","bronze:DelayedSlice","bronze:OilSpill","bronze:BugBarrage","bronze:DelayedGuard","bronze:BurnOut+1","bronze:Backtrace","bronze:Shield","bronze:Backtrace","bronze:WildBeam","bronze:Repair"],"relics":["bronze:PlatinumCore","Ice Cream","Strawberry","downfall:HeartBlessingRed","downfall:HeartBlessingBlue"],"acts_visited":["Exordium","TheCity"],"potions_floor_usage":[11,13,16,26],"damage_taken":[{"damage":6,"enemies":"Cultist","floor":2,"turns":5},{"damage":0,"enemies":"downfall:FleeingMerchant","floor":4,"turns":4},{"damage":0,"enemies":"Small Slimes","floor":5,"turns":3},{"damage":7,"enemies":"2 Louse","floor":6,"turns":4},{"damage":7,"enemies":"Lagavulin","floor":8,"turns":6},{"damage":0,"enemies":"downfall:FleeingMerchant","floor":9,"turns":4},{"damage":8,"enemies":"Blue Slaver","floor":11,"turns":3},{"damage":0,"enemies":"Large Slime","floor":12,"turns":4},{"damage":0,"enemies":"3 Louse","floor":13,"turns":1},{"damage":2,"enemies":"Blue Slaver","floor":15,"turns":3},{"damage":17,"enemies":"IC_STATUS_ARCHETYPE","floor":16,"turns":4},{"damage":5,"enemies":"3 Byrds","floor":19,"turns":4},{"damage":10,"enemies":"downfall:FleeingMerchant","floor":20,"turns":4},{"damage":49,"enemies":"Shell Parasite","floor":21,"turns":8},{"damage":5,"enemies":"Sentry and Sphere","floor":22,"turns":3},{"damage":59,"enemies":"Book of Stabbing","floor":26,"turns":4}],"seed_played":"-5303515369094782272","potions_obtained":[{"floor":2,"key":"SteroidPotion"},{"floor":5,"key":"GamblersBrew"},{"floor":10,"key":"Regen Potion"},{"floor":10,"key":"Explosive Potion"},{"floor":11,"key":"bronze:FreeFunctionsPotion"},{"floor":13,"key":"champ:CounterPotion"}],"is_trial":false,"path_per_floor":["R","M","?","$","M","M","T","E","$","?","M","M","M","?","M","B",null,"R","M","$","M","M","R","T","R","E"],"character_chosen":"THE_AUTOMATON","items_purchased":["bronze:ItsAFeature","bronze:DelayedSlice","bronze:OilSpill"],"campfire_rested":1,"item_purchase_floors":[4,4,9],"current_hp_per_floor":[49,43,43,43,43,36,36,36,36,36,37,37,37,37,35,18,77,77,72,62,13,8,31,31,41,0,0,0],"gold":10,"neow_bonus":"THREE_RARE_CARDS","is_daily":false,"chose_seed":false,"campfire_upgraded":2,"win_rate":0.0,"timestamp":1612464869,"path_taken":["R","M","?","$","M","M","T","E","?","?","M","M","?","?","M","BOSS","R","M","$","M","M","R","T","R","E"],"items_purchased_type":["Card","Card","Card"],"build_version":"2020-12-22","purchased_purges":0,"victory":false,"max_hp_per_floor":[70,70,70,70,70,70,70,77,77,77,77,77,77,77,77,77,77,77,77,77,77,77,77,77,87,87,87,87],"card_choices":[{"not_picked":["bronze:HardenedForm","bronze:Hardcode"],"picked":"bronze:BurnOut","floor":0},{"not_picked":["bronze:Branch","bronze:CutThrough"],"picked":"bronze:Shell","floor":2},{"not_picked":["bronze:Separator","bronze:CutThrough"],"picked":"bronze:Turbo","floor":4},{"not_picked":["bronze:DelayedSlice","bronze:DarkDash"],"picked":"bronze:BugBarrage","floor":5},{"not_picked":["bronze:Terminator","bronze:Iterate"],"picked":"bronze:Allocate","floor":6},{"not_picked":["bronze:Constructor","bronze:Hardcode"],"picked":"bronze:Shield","floor":8},{"not_picked":["bronze:Overheat","bronze:Virus"],"picked":"bronze:DelayedSlice","floor":9},{"not_picked":["bronze:FineTuning","bronze:Turbo"],"picked":"bronze:BugBarrage","floor":11},{"not_picked":["bronze:Iterate","bronze:BronzeOrb"],"picked":"bronze:DelayedGuard","floor":12},{"not_picked":["bronze:Separator","bronze:BronzeOrb"],"picked":"bronze:BurnOut","floor":13},{"not_picked":["bronze:BitShift","bronze:Repulsor"],"picked":"bronze:Shield","floor":15},{"not_picked":["bronze:Branch","bronze:WildBeam+1"],"picked":"bronze:Backtrace","floor":19},{"not_picked":["bronze:CutThrough","bronze:Separator+1","bronze:FineTuning"],"picked":"SKIP","floor":20},{"not_picked":["bronze:FineTuning","bronze:BronzeArmor+1"],"picked":"bronze:WildBeam","floor":21},{"not_picked":["bronze:ForLoop","bronze:Invalidate"],"picked":"bronze:Repair","floor":22}],"player_experience":49425,"relics_obtained":[{"floor":7,"key":"Ice Cream"},{"floor":8,"key":"Strawberry"}],"event_choices":[{"damage_healed":0,"gold_gain":0,"player_choice":"Got Potions","damage_taken":0,"max_hp_gain":0,"max_hp_loss":0,"event_name":"Lab","floor":10,"gold_loss":0}],"is_beta":false,"boss_relics":[{"not_picked":["Cursed Key","Runic Dome"],"picked":"bronze:PlatinumCore"}],"items_purged_floors":[],"is_endless":false,"potions_floor_spawned":[2,5,11,13,21],"killed_by":"Book of Stabbing","ascension_level":0}}