{"host":"3498uni0c31c9bdm","time":1612436765,"event":{"mods":["BaseMod","Better Third Choice","Minty Spire (QoL Compilation)","Replay The Spire","StSLib"],"gold_per_floor":[114,94,71,113,164,164,164,164,193,193,193,226,226,191,222,70,70,147,147,167,167,17,17,33,33,33,60,113,126,126,126,126],"floor_reached":31,"language":"ENG","playtime":1027,"items_purged":[],"score":551,"play_id":"12e63c14-64d9-4431-9e87-5c7c80af14e7","local_time":"20210204220605","is_ascension_mode":true,"campfire_choices":[{"floor":6,"key":"RECALL"},{"floor":13,"key":"REST"},{"floor":25,"key":"REST"},{"floor":26,"key":"REST"}],"circlet_count":0,"master_deck":["AscendersBane","Strike_P","Strike_P","Strike_P","Strike_P","Defend_P+1","Defend_P","Defend_P","Defend_P","Eruption","Vigilance","Wish+1","PathToVictory","SashWhip","EmptyMind","Judgement","FearNoEvil","Crescendo+1","DevaForm","Pray","Necronomicurse","Regret","ForeignInfluence+1","WindmillStrike","Prostrate"],"relics":["PureWater","WingedGreaves","ReplayTheSpireMod:Ring of Exchange","Ring of Misfortune","Matryoshka","Bronze Scales","Lantern","Bag of Preparation","Membership Card","Necronomicon","CloakClasp","Pen Nib","Orichalcum","Centennial Puzzle","War Paint"],"acts_visited":["Exordium","TheCity"],"potions_floor_usage":[9,18,18,27,27],"damage_taken":[{"damage":1,"enemies":"Cultist","floor":1,"turns":4},{"damage":0,"enemies":"2 Louse","floor":4,"turns":3},{"damage":4,"enemies":"Lagavulin","floor":9,"turns":7},{"damage":35,"enemies":"Replay:BlueRogue","floor":12,"turns":7},{"damage":22,"enemies":"Lagavulin","floor":15,"turns":5},{"damage":13,"enemies":"Fading Forest","floor":18,"turns":11},{"damage":2,"enemies":"3 Byrds","floor":20,"turns":3},{"damage":17,"enemies":"Shell Parasite","floor":24,"turns":5},{"damage":28,"enemies":"Slavers","floor":27,"turns":6},{"damage":15,"enemies":"Centurion and Healer","floor":29,"turns":4},{"damage":6,"enemies":"Colosseum Slavers","floor":30,"turns":5},{"damage":23,"enemies":"Gremlin Leader","floor":31,"turns":6}],"seed_played":"4850258221127063619","potions_obtained":[{"floor":2,"key":"Venom Potion"},{"floor":4,"key":"Fire Potion"},{"floor":9,"key":"PowerPotion"},{"floor":20,"key":"Block Potion"},{"floor":24,"key":"BlessingOfTheForge"}],"is_trial":false,"path_per_floor":["M","?","$","M","T","R","PTL","PTL","E","?","T","E","R","?","E","$","R","B",null,"M","?","$","?","M","R","R","E","T","M","?","E"],"character_chosen":"WATCHER","items_purchased":["SashWhip","Bag of Preparation","CloakClasp"],"campfire_rested":3,"item_purchase_floors":[3,16,22],"current_hp_per_floor":[60,60,60,60,60,60,60,60,56,56,56,21,41,58,36,36,56,53,64,62,41,41,41,24,44,64,36,36,21,15,0,0],"gold":126,"neow_bonus":"ONE_RANDOM_RARE_CARD","is_daily":false,"chose_seed":false,"campfire_upgraded":0,"win_rate":0.0,"timestamp":1612436765,"path_taken":["M","?","$","?","?","R","PTL","PTL","E","?","T","E","R","?","E","?","R","BOSS","M","?","$","?","M","R","R","E","T","M","?","E"],"items_purchased_type":["Card","Relic","Relic"],"build_version":"2020-12-22","purchased_purges":0,"victory":false,"max_hp_per_floor":[68,68,68,68,68,68,68,68,68,68,68,68,68,68,68,68,68,68,68,68,68,68,68,68,68,68,68,68,68,68,68,68],"card_choices":[{"not_picked":["FollowUp","ClearTheMind"],"picked":"PathToVictory","floor":1},{"not_picked":["Collect","Omniscience"],"picked":"EmptyMind","floor":4},{"not_picked":["EmptyBody","Replay:Vibes"],"picked":"Judgement","floor":9},{"not_picked":["ClearTheMind","Evaluate"],"picked":"FearNoEvil","floor":12},{"not_picked":["InnerPeace","FearNoEvil"],"picked":"Crescendo","floor":15},{"not_picked":["DeusExMachina","Judgement"],"picked":"DevaForm","floor":18},{"not_picked":["Replay:Vibes","Indignation"],"picked":"Pray","floor":20},{"not_picked":["ClearTheMind","JustLucky"],"picked":"ForeignInfluence+1","floor":24},{"not_picked":["Conclude","Pray"],"picked":"WindmillStrike","floor":27},{"not_picked":["ClearTheMind","BowlingBash"],"picked":"Prostrate","floor":29}],"player_experience":835544,"relics_obtained":[{"floor":9,"key":"WingedGreaves"},{"floor":10,"key":"ReplayTheSpireMod:Ring of Exchange"},{"floor":10,"key":"Ring of Misfortune"},{"floor":11,"key":"Matryoshka"},{"floor":12,"key":"Bronze Scales"},{"floor":15,"key":"Lantern"},{"floor":21,"key":"Necronomicon"},{"floor":27,"key":"Orichalcum"},{"floor":28,"key":"Centennial Puzzle"},{"floor":28,"key":"War Paint"}],"event_choices":[{"damage_healed":0,"gold_gain":0,"player_choice":"Bought 1 Potion","damage_taken":0,"max_hp_gain":0,"max_hp_loss":0,"event_name":"The Woman in Blue","floor":2,"gold_loss":0},{"damage_healed":17,"gold_gain":0,"player_choice":"Healed","damage_taken":0,"max_hp_gain":0,"max_hp_loss":0,"event_name":"The Cleric","floor":14,"gold_loss":35},{"damage_healed":0,"gold_gain":0,"player_choice":"Obtained Book","damage_taken":21,"max_hp_gain":0,"max_hp_loss":0,"event_name":"Cursed Tome","floor":21,"gold_loss":0},{"damage_healed":0,"gold_gain":0,"player_choice":"Fight","damage_taken":0,"max_hp_gain":0,"max_hp_loss":0,"event_name":"Colosseum","floor":30,"gold_loss":0},{"damage_healed":0,"gold_gain":0,"player_choice":"Fled From Nobs","damage_taken":0,"max_hp_gain":0,"max_hp_loss":0,"event_name":"Colosseum","floor":30,"gold_loss":0}],"is_beta":false,"boss_relics":[{"not_picked":["VioletLotus","HolyWater"],"picked":"Membership Card"}],"items_purged_floors":[],"is_endless":false,"potions_floor_spawned":[4,9,15,20,24,30],"killed_by":"Gremlin Leader","ascension_level":15}}