{"host":"dhlnk6yox2l1s6up","time":1612410128,"event":{"mods":["BaseMod","Bestiary","Colored Map","Highlight Path","Minty Spire (QoL Compilation)","Relic Stats","StSLib"],"gold_per_floor":[111,111,111,127,137,162,162,197,197,197,197,228,240,275,275,378,378,395,413,50,50,16,50,50,77,103,103,122,152,552,567,567,667,667,687,687,701,204,222,255,255,281,329,329,329,329,341,374,374,374,374,374,37,69,69],"floor_reached":56,"language":"ENG","playtime":5104,"items_purged":["Strike_G","Strike_G","Skewer+1"],"score":2129,"play_id":"74e55a56-d84a-4321-95ef-86b5f0c1ead7","local_time":"20210203214208","is_ascension_mode":true,"campfire_choices":[{"data":"Noxious Fumes","floor":7.0,"key":"SMITH"},{"floor":11.0,"key":"REST"},{"floor":15.0,"key":"REST"},{"data":"Ghostly","floor":24,"key":"SMITH"},{"data":"Ghostly","floor":27,"key":"SMITH"},{"data":"Ghostly","floor":32,"key":"SMITH"},{"floor":41,"key":"RECALL"},{"data":"Ghostly","floor":44,"key":"SMITH"},{"data":"Adrenaline","floor":49,"key":"SMITH"}],"circlet_count":0,"master_deck":["AscendersBane","Defend_G+1","Defend_G+1","Defend_G+1","Defend_G+1","Defend_G+1","Survivor+1","Neutralize+1","Noxious Fumes+1","Blade Dance+1","Bane+1","Dodge and Roll+1","Blade Dance+1","Bouncing Flask+1","After Image+1","Leg Sweep+1","Footwork+1","Ghostly+1","Ghostly+1","Ghostly+1","Ghostly+1","Ghostly+1","Well Laid Plans+1","Sucker Punch+1","Dagger Throw+1","Backflip+1","Blade Dance+1","Acrobatics+1","After Image+1","Doppelganger+1","Deadly Poison+1","Night Terror+1","Acrobatics+1","Adrenaline+1","Bouncing Flask","PiercingWail+1"],"relics":["Ring of the Snake","Snake Skull","Omamori","Bottled Tornado","Kunai","Frozen Egg 2","Gremlin Horn","Coffee Dripper","Vajra","Dream Catcher","Regal Pillow","Oddly Smooth Stone","Old Coin","Meat on the Bone","Calling Bell","Bag of Marbles","Letter Opener","Torii","Lantern","Molten Egg 2","Calipers","War Paint","Nunchaku","Blue Candle","Mark of the Bloom","Juzu Bracelet","Medical Kit","Whetstone"],"acts_visited":["Exordium","TheCity","TheBeyond","TheEnding"],"potions_floor_usage":[23,30,55,55,55],"damage_taken":[{"damage":0.0,"enemies":"2 Louse","floor":1.0,"turns":4.0},{"damage":4.0,"enemies":"Small Slimes","floor":4.0,"turns":5.0},{"damage":0.0,"enemies":"Cultist","floor":5.0,"turns":3.0},{"damage":15.0,"enemies":"3 Sentries","floor":6.0,"turns":7.0},{"damage":23.0,"enemies":"Gremlin Nob","floor":8.0,"turns":4.0},{"damage":2.0,"enemies":"Lagavulin","floor":12.0,"turns":5.0},{"damage":3.0,"enemies":"2 Fungi Beasts","floor":13.0,"turns":4.0},{"damage":18.0,"enemies":"Gremlin Nob","floor":14.0,"turns":4.0},{"damage":12.0,"enemies":"The Guardian","floor":16.0,"turns":10.0},{"damage":0,"enemies":"Chosen","floor":18,"turns":4},{"damage":8,"enemies":"2 Thieves","floor":19,"turns":5},{"damage":4,"enemies":"Gremlin Leader","floor":23,"turns":7},{"damage":0,"enemies":"Slavers","floor":25,"turns":6},{"damage":0,"enemies":"Centurion and Healer","floor":28,"turns":6},{"damage":1,"enemies":"Book of Stabbing","floor":29,"turns":6},{"damage":0,"enemies":"Colosseum Slavers","floor":30,"turns":4},{"damage":8,"enemies":"Colosseum Nobs","floor":30,"turns":4},{"damage":1,"enemies":"Snake Plant","floor":31,"turns":5},{"damage":0,"enemies":"Champ","floor":33,"turns":15},{"damage":0,"enemies":"3 Darklings","floor":35,"turns":5},{"damage":1,"enemies":"Orb Walker","floor":37,"turns":5},{"damage":0,"enemies":"Sphere and 2 Shapes","floor":39,"turns":5},{"damage":0,"enemies":"Giant Head","floor":40,"turns":11},{"damage":0,"enemies":"Reptomancer","floor":42,"turns":6},{"damage":0,"enemies":"Maw","floor":47,"turns":7},{"damage":0,"enemies":"Giant Head","floor":48,"turns":8},{"damage":1,"enemies":"Awakened One","floor":50,"turns":16},{"damage":0,"enemies":"Shield and Spear","floor":54,"turns":7},{"damage":2,"enemies":"The Heart","floor":55,"turns":13}],"seed_played":"-2063310619063359562","potions_obtained":[{"floor":5.0,"key":"DuplicationPotion"},{"floor":6.0,"key":"SkillPotion"},{"floor":8.0,"key":"Poison Potion"},{"floor":13.0,"key":"ColorlessPotion"},{"floor":23,"key":"LiquidMemories"},{"floor":25,"key":"SpeedPotion"},{"floor":28,"key":"Weak Potion"},{"floor":30,"key":"Poison Potion"},{"floor":31,"key":"FearPotion"},{"floor":48,"key":"Swift Potion"}],"is_trial":false,"path_per_floor":["M","?","?","M","M","E","R","E","T","?","R","E","M","E","R","B",null,"M","M","$","?","$","E","R","E","T","R","M","E","?","M","R","B",null,"M","?","M","$","M","E","R","E","T","R","T","?","M","E","R","B",null,"R","$","E","B",null],"character_chosen":"THE_SILENT","items_purchased":["Footwork+1","Vajra","BlessingOfTheForge","Well Laid Plans+1","Lantern","Molten Egg 2","Bouncing Flask","Medical Kit"],"campfire_rested":2,"item_purchase_floors":[20,20,20,22,38,38,53,53],"current_hp_per_floor":[63,63,56,52,52,37,37,14,14,14,35,33,30,12,33,21,58,58,50,50,35,35,31,31,31,31,31,31,30,22,21,21,21,32,32,32,31,31,31,31,31,31,31,31,31,31,31,31,31,30,30,30,30,30,28],"gold":69,"neow_bonus":"RANDOM_COMMON_RELIC","is_daily":false,"chose_seed":false,"campfire_upgraded":6,"win_rate":0.0,"timestamp":1612410128,"path_taken":["M","?","?","M","M","E","R","E","T","?","R","E","?","E","R","BOSS","M","M","$","?","?","E","R","E","T","R","?","E","?","M","R","BOSS","M","?","M","$","M","E","R","E","T","R","?","?","M","E","R","BOSS","R","$","E","BOSS"],"items_purchased_type":["Card","Relic","Potion","Card","Relic","Relic","Card","Relic"],"build_version":"2020-12-22","purchased_purges":3,"victory":true,"max_hp_per_floor":[70,70,70,70,70,70,70,70,70,70,70,70,70,70,70,70,70,70,70,70,35,35,35,35,35,35,35,35,35,35,35,35,35,35,35,35,35,35,35,35,35,35,35,35,35,35,35,35,35,35,35,35,35,35,35],"relic_stats":{"Regal Pillow":0,"Mark of the Bloom":4,"Gremlin Horn":[18,18],"Torii":5,"counters":[29,191],"Blue Candle":[0],"Snake Skull":[327],"Juzu Bracelet":0,"Letter Opener":[307],"Whetstone":[],"War Paint":["Defend_G","Defend_G"],"Medical Kit":[5],"Dream Catcher":0,"Nunchaku":[16],"Kunai":[116],"obtain_stats":[{"Regal Pillow":25,"Lantern":38,"Mark of the Bloom":46,"Calipers":40,"Gremlin Horn":14,"Torii":34,"Vajra":20,"Snake Skull":0,"Juzu Bracelet":48,"Whetstone":54,"Bottled Tornado":8,"Old Coin":30,"Dream Catcher":23,"Nunchaku":43,"Kunai":9,"Ring of the Snake":0,"Blue Candle":45,"Oddly Smooth Stone":29,"Omamori":6,"Letter Opener":34,"Frozen Egg 2":12,"War Paint":42,"Medical Kit":53,"Calling Bell":34,"Molten Egg 2":38,"Coffee Dripper":17,"Bag of Marbles":34,"Meat on the Bone":30},{"Regal Pillow":13,"Lantern":21,"Mark of the Bloom":24,"Calipers":23,"Gremlin Horn":8,"Torii":19,"Vajra":11,"Snake Skull":0,"Juzu Bracelet":26,"Whetstone":28,"Bottled Tornado":5,"Old Coin":17,"Dream Catcher":12,"Nunchaku":24,"Kunai":5,"Ring of the Snake":0,"Blue Candle":24,"Oddly Smooth Stone":15,"Omamori":4,"Letter Opener":19,"Frozen Egg 2":6,"War Paint":24,"Medical Kit":27,"Calling Bell":19,"Molten Egg 2":21,"Coffee Dripper":9,"Bag of Marbles":19,"Meat on the Bone":17},{"Regal Pillow":68,"Lantern":118,"Mark of the Bloom":140,"Calipers":134,"Gremlin Horn":36,"Torii":108,"Vajra":55,"Snake Skull":0,"Juzu Bracelet":155,"Whetstone":178,"Bottled Tornado":23,"Old Coin":88,"Dream Catcher":62,"Nunchaku":140,"Kunai":23,"Ring of the Snake":0,"Blue Candle":140,"Oddly Smooth Stone":80,"Omamori":19,"Letter Opener":108,"Frozen Egg 2":28,"War Paint":140,"Medical Kit":171,"Calling Bell":108,"Molten Egg 2":118,"Coffee Dripper":46,"Bag of Marbles":108,"Meat on the Bone":88}],"Ring of the Snake":[58],"Meat on the Bone":0},"card_choices":[{"not_picked":["Dodge and Roll","Escape Plan"],"picked":"Skewer","floor":1.0},{"not_picked":["Poisoned Stab","Escape Plan"],"picked":"Noxious Fumes","floor":4.0},{"not_picked":["Choke","Infinite Blades"],"picked":"Blade Dance","floor":5.0},{"not_picked":["Endless Agony","Quick Slash"],"picked":"Bane","floor":6.0},{"not_picked":["Masterful Stab","Finisher","Heel Hook"],"picked":"SKIP","floor":8.0},{"not_picked":["Prepared","Backflip"],"picked":"Dodge and Roll","floor":12.0},{"not_picked":["Sucker Punch","Finisher"],"picked":"Blade Dance","floor":13.0},{"not_picked":["Night Terror","Underhanded Strike"],"picked":"Bouncing Flask","floor":14.0},{"not_picked":["A Thousand Cuts+1","Wraith Form v2+1"],"picked":"After Image+1","floor":16.0},{"not_picked":["Prepared+1","Backflip"],"picked":"Leg Sweep","floor":18},{"not_picked":["Bane","Dash","Flying Knee"],"picked":"SKIP","floor":19},{"not_picked":["Footwork+1","Cloak And Dagger"],"picked":"Sucker Punch+1","floor":23},{"not_picked":["Masterful Stab+1","Crippling Poison"],"picked":"Dagger Throw+1","floor":25},{"not_picked":["Bane","Calculated Gamble+1"],"picked":"Backflip+1","floor":28},{"not_picked":["Deadly Poison","Prepared"],"picked":"Blade Dance+1","floor":29},{"not_picked":["Riddle With Holes","Bouncing Flask"],"picked":"Acrobatics+1","floor":30},{"not_picked":["Poisoned Stab","Dagger Spray"],"picked":"After Image+1","floor":31},{"not_picked":["Unload","Die Die Die"],"picked":"Doppelganger","floor":33},{"not_picked":["Poisoned Stab+1","Outmaneuver+1","Quick Slash"],"picked":"SKIP","floor":35},{"not_picked":["Underhanded Strike","Flying Knee+1","Acrobatics"],"picked":"SKIP","floor":37},{"not_picked":["Outmaneuver","Poisoned Stab+1","Dagger Spray+1"],"picked":"SKIP","floor":39},{"not_picked":["Blade Dance+1","Blur"],"picked":"Deadly Poison+1","floor":40},{"not_picked":["Underhanded Strike+1","Phantasmal Killer"],"picked":"Night Terror","floor":42},{"not_picked":["Outmaneuver+1","Underhanded Strike+1"],"picked":"Acrobatics+1","floor":47},{"not_picked":["Dodge and Roll","Cloak And Dagger"],"picked":"Adrenaline","floor":48},{"not_picked":["Expertise+1","Leg Sweep+1"],"picked":"PiercingWail+1","floor":54}],"player_experience":6100109,"relics_obtained":[{"floor":6.0,"key":"Omamori"},{"floor":8.0,"key":"Bottled Tornado"},{"floor":9.0,"key":"Kunai"},{"floor":12.0,"key":"Frozen Egg 2"},{"floor":14.0,"key":"Gremlin Horn"},{"floor":23,"key":"Dream Catcher"},{"floor":25,"key":"Regal Pillow"},{"floor":29,"key":"Oddly Smooth Stone"},{"floor":30,"key":"Old Coin"},{"floor":30,"key":"Meat on the Bone"},{"floor":34,"key":"Bag of Marbles"},{"floor":34,"key":"Letter Opener"},{"floor":34,"key":"Torii"},{"floor":40,"key":"Calipers"},{"floor":42,"key":"War Paint"},{"floor":43,"key":"Nunchaku"},{"floor":45,"key":"Blue Candle"},{"floor":48,"key":"Juzu Bracelet"},{"floor":54,"key":"Whetstone"}],"event_choices":[{"damage_healed":0.0,"max_hp_gain":0.0,"max_hp_loss":0.0,"gold_gain":0.0,"event_name":"Liars Game","player_choice":"Ignored","floor":2.0,"gold_loss":0.0,"damage_taken":0.0},{"cards_removed":["Strike_G"],"damage_healed":0.0,"max_hp_gain":0.0,"max_hp_loss":0.0,"gold_gain":0.0,"event_name":"Golden Wing","player_choice":"Card Removal","floor":3.0,"gold_loss":0.0,"damage_taken":7.0},{"cards_removed":["Strike_G"],"damage_healed":0.0,"max_hp_gain":0.0,"max_hp_loss":0.0,"gold_gain":0.0,"event_name":"Purifier","player_choice":"Purged","floor":10.0,"gold_loss":0.0,"damage_taken":0.0},{"damage_healed":0,"gold_gain":0,"player_choice":"Became a Ghost","damage_taken":0,"max_hp_gain":0,"max_hp_loss":35,"event_name":"Ghosts","floor":21,"gold_loss":0,"cards_obtained":["Ghostly","Ghostly","Ghostly","Ghostly","Ghostly"]},{"damage_healed":0,"gold_gain":0,"player_choice":"Fight","damage_taken":0,"max_hp_gain":0,"max_hp_loss":0,"event_name":"Colosseum","floor":30,"gold_loss":0},{"damage_healed":0,"gold_gain":0,"player_choice":"Fought Nobs","damage_taken":0,"max_hp_gain":0,"max_hp_loss":0,"event_name":"Colosseum","floor":30,"gold_loss":0},{"cards_removed":["Strike_G"],"damage_healed":0,"gold_gain":0,"player_choice":"Removed Attack","damage_taken":0,"max_hp_gain":0,"max_hp_loss":0,"event_name":"Falling","floor":36,"gold_loss":0},{"damage_healed":0,"gold_gain":0,"player_choice":"Upgrade","damage_taken":0,"relics_obtained":["Mark of the Bloom"],"max_hp_gain":0,"max_hp_loss":0,"event_name":"MindBloom","floor":46,"gold_loss":0,"cards_upgraded":["Defend_G","Defend_G","Defend_G","Survivor","Neutralize","Skewer","Blade Dance","Bane","Dodge and Roll","Blade Dance","Bouncing Flask","Leg Sweep","Ghostly","Doppelganger","Night Terror"]}],"is_beta":false,"boss_relics":[{"not_picked":["Astrolabe","SacredBark"],"picked":"Coffee Dripper"},{"not_picked":["Tiny House","HoveringKite"],"picked":"Calling Bell"}],"items_purged_floors":[20,38,53],"is_endless":false,"potions_floor_spawned":[5,6,8,13,23,25,28,30,31,33,42,47,48,54],"ascension_level":10}}