{"host":"zsnmfqgcm92hlreo","time":1612478625,"event":{"mods":["AchievementEnabler","BaseMod","Bestiary","Block Reminder","Colored Map","Colored Powertips","Minty Spire (QoL Compilation)","Permanent Neow","Quick Restart","Relic Stats","StSLib","Weighted Paths"],"gold_per_floor":[115,135,149,163,11,11,42,42,88,99,99,99,99],"floor_reached":12,"language":"ENG","playtime":629,"items_purged":[],"score":160,"play_id":"3b4e36e0-cb8c-4eec-96a1-331e7527b6a6","local_time":"20210204164345","is_ascension_mode":true,"campfire_choices":[{"floor":6.0,"key":"REST"},{"floor":8.0,"key":"REST"},{"data":"Hyperbeam","floor":11.0,"key":"SMITH"}],"circlet_count":0,"master_deck":["AscendersBane","Strike_B","Strike_B","Strike_B","Strike_B","Defend_B","Defend_B","Defend_B","Defend_B","Zap","Dualcast","Echo Form","Sweeping Beam","Hologram","Amplify","Double Energy","Hyperbeam+1","Double Energy+1","Coolheaded+1"],"relics":["Cracked Core","Toxic Egg 2","Oddly Smooth Stone"],"acts_visited":["Exordium"],"potions_floor_usage":[12],"damage_taken":[{"damage":1.0,"enemies":"Cultist","floor":1.0,"turns":3.0},{"damage":4.0,"enemies":"Jaw Worm","floor":2.0,"turns":4.0},{"damage":0.0,"enemies":"2 Louse","floor":3.0,"turns":2.0},{"damage":25.0,"enemies":"Exordium Thugs","floor":4.0,"turns":3.0},{"damage":22.0,"enemies":"3 Sentries","floor":7.0,"turns":3.0},{"damage":0.0,"enemies":"2 Fungi Beasts","floor":10.0,"turns":1.0},{"damage":69,"enemies":"Gremlin Nob","floor":12,"turns":4}],"seed_played":"-8679036889634090856","potions_obtained":[{"floor":1.0,"key":"ColorlessPotion"},{"floor":3.0,"key":"AttackPotion"},{"floor":7.0,"key":"DistilledChaos"},{"floor":10.0,"key":"Ancient Potion"}],"is_trial":false,"path_per_floor":["M","M","M","M","$","R","E","R","T","M","R","E"],"character_chosen":"DEFECT","items_purchased":["Hyperbeam"],"campfire_rested":2,"item_purchase_floors":[5],"current_hp_per_floor":[63,59,59,34,34,55,33,54,54,54,54,0,0],"gold":99,"neow_bonus":"ONE_RANDOM_RARE_CARD","is_daily":false,"chose_seed":false,"campfire_upgraded":1,"win_rate":0.0,"timestamp":1612478625,"path_taken":["M","M","M","M","?","R","E","R","T","M","R","E"],"items_purchased_type":["Card"],"build_version":"2020-12-22","purchased_purges":0,"victory":false,"max_hp_per_floor":[71,71,71,71,71,71,71,71,71,71,71,71,71],"relic_stats":{"counters":[7,20],"obtain_stats":[{"Oddly Smooth Stone":9,"Toxic Egg 2":7,"Cracked Core":0},{"Oddly Smooth Stone":5,"Toxic Egg 2":5,"Cracked Core":0},{"Oddly Smooth Stone":15,"Toxic Egg 2":15,"Cracked Core":0}]},"card_choices":[{"not_picked":["Force Field","Storm"],"picked":"Sweeping Beam","floor":1.0},{"not_picked":["Go for the Eyes","Rebound"],"picked":"Hologram","floor":2.0},{"not_picked":["Stack","Streamline"],"picked":"Amplify","floor":3.0},{"not_picked":["Compile Driver","Gash"],"picked":"Double Energy","floor":4.0},{"not_picked":["Blizzard","Compile Driver"],"picked":"Double Energy+1","floor":7.0},{"not_picked":["Conserve Battery+1","Sweeping Beam"],"picked":"Coolheaded+1","floor":10.0}],"player_experience":1017861,"relics_obtained":[{"floor":7.0,"key":"Toxic Egg 2"},{"floor":9.0,"key":"Oddly Smooth Stone"}],"event_choices":[],"is_beta":false,"boss_relics":[],"items_purged_floors":[],"is_endless":false,"potions_floor_spawned":[1,3,7,10],"killed_by":"Gremlin Nob","ascension_level":20}}