{"host":"gtv41eena9h15rk5","time":1612443305,"event":{"mods":["BaseMod","Colored Powertips","Downfall","Marisa£®ÏF”Í°°ƒß¿Ì…≥£©","Minty Spire (QoL Compilation)","Replay The Spire","Shop Mod","StSLib","The Bug Knight","The Construct","The Cursed","The Runesmith","The Servant 0.9.4","[IsaacMod]“‘»ˆº‚À˛"],"gold_per_floor":[217,217,267,280,296,328,328,353,376,376,456,468,483,507,507,507,507],"floor_reached":16,"language":"ZHS","playtime":565,"items_purged":[],"score":121,"play_id":"03116a2f-95fa-420b-a294-684cc040486f","local_time":"20210204205505","is_ascension_mode":true,"campfire_choices":[{"floor":7,"key":"REST"},{"floor":15,"key":"REST"}],"circlet_count":0,"master_deck":["Strike_G","Strike_G","Strike_G","Strike_G","Strike_G","Defend_G","Defend_G","Defend_G","Defend_G","Defend_G","Survivor","Neutralize","DoctorFetus+1","Dash","Catalyst","Deadly Poison","ReplayTheSpireMod:Tripwire","Bomb","Pain","Deflect","Envenom"],"relics":["Ring of the Snake","HushsDoor","MoneyPower","AnarchistCookbook","Bag of Marbles","MaYiHuaBei","Juzu Bracelet","WarpedTongs","Lantern"],"acts_visited":["Exordium"],"potions_floor_usage":[16],"damage_taken":[{"damage":0,"enemies":"Small Slimes","floor":1,"turns":3},{"damage":39,"enemies":"Hiden Room Battle","floor":3,"turns":4},{"damage":0,"enemies":"Jaw Worm","floor":4,"turns":4},{"damage":0,"enemies":"2 Louse","floor":5,"turns":2},{"damage":9,"enemies":"Lagavulin","floor":6,"turns":6},{"damage":2,"enemies":"HollowMod:MossKnight","floor":8,"turns":6},{"damage":1,"enemies":"Lots of Slimes","floor":12,"turns":1},{"damage":14,"enemies":"Large Slime","floor":13,"turns":5},{"damage":48,"enemies":"The Guardian","floor":16,"turns":8}],"seed_played":"-8636360097463247593","potions_obtained":[{"floor":3,"key":"Doom Potion"},{"floor":6,"key":"SteroidPotion"},{"floor":8,"key":"Elixir"},{"floor":13,"key":"LiquidMemories"}],"is_trial":false,"path_per_floor":["M","?","?","M","M","E","R","E","T","?","?","M","M","T","R","B"],"character_chosen":"THE_SILENT","items_purchased":[],"campfire_rested":2,"item_purchase_floors":[],"current_hp_per_floor":[70,70,31,31,31,22,43,41,41,41,41,40,26,26,47,0,0],"gold":507,"neow_bonus":"HUNDRED_GOLD","is_daily":false,"chose_seed":false,"campfire_upgraded":0,"win_rate":0.0,"timestamp":1612443305,"path_taken":["M","?","?","?","M","E","R","E","T","?","?","M","M","?","R","BOSS"],"items_purchased_type":[],"build_version":"2020-12-22","purchased_purges":0,"victory":false,"max_hp_per_floor":[70,70,70,70,70,70,70,70,70,70,70,70,70,70,70,70,70],"card_choices":[{"not_picked":[],"picked":"DoctorFetus","floor":0},{"not_picked":["Outmaneuver","Hidden Blade"],"picked":"Dash","floor":1},{"not_picked":["Toxin Wave","Dagger Throw"],"picked":"Catalyst","floor":3},{"not_picked":["ReplayTheSpireMod:Exploit Weakness","Catalyst"],"picked":"Bomb","floor":4},{"not_picked":["Flying Knee","Dagger Throw"],"picked":"Deadly Poison","floor":5},{"not_picked":["Slice","Dagger Spray"],"picked":"ReplayTheSpireMod:Tripwire","floor":6},{"not_picked":["Choke","Concentrate"],"picked":"Bomb","floor":8},{"not_picked":["ReplayTheSpireMod:Shiv Toss","Masterful Stab"],"picked":"Deflect","floor":12},{"not_picked":["Crippling Poison","Escape Plan"],"picked":"Envenom","floor":13}],"player_experience":243181,"relics_obtained":[{"floor":3,"key":"AnarchistCookbook"},{"floor":3,"key":"Bag of Marbles"},{"floor":6,"key":"MaYiHuaBei"},{"floor":8,"key":"Juzu Bracelet"},{"floor":14,"key":"Lantern"}],"event_choices":[{"damage_healed":0,"gold_gain":0,"player_choice":"Grow","damage_taken":0,"max_hp_gain":0,"max_hp_loss":0,"event_name":"Living Wall","floor":2,"gold_loss":0,"cards_upgraded":["DoctorFetus"]},{"damage_healed":0,"gold_gain":0,"player_choice":"Fight","damage_taken":0,"max_hp_gain":0,"max_hp_loss":0,"event_name":"HidenRoomEvent","floor":3,"gold_loss":0},{"damage_healed":0,"gold_gain":0,"player_choice":"Rummage","damage_taken":0,"relics_obtained":["WarpedTongs"],"max_hp_gain":0,"max_hp_loss":0,"event_name":"Accursed Blacksmith","floor":10,"gold_loss":0,"cards_obtained":["Pain"]},{"damage_healed":0,"gold_gain":80,"player_choice":"Gained Gold","damage_taken":0,"max_hp_gain":0,"max_hp_loss":0,"event_name":"Golden Wing","floor":11,"gold_loss":0}],"is_beta":false,"boss_relics":[],"items_purged_floors":[],"is_endless":false,"potions_floor_spawned":[3,6,8,13],"killed_by":"The Guardian","ascension_level":2}}