{"host":"6a9c3xws62y7efyw","time":1612401280,"event":{"mods":["BaseMod","Colored Map","Minty Spire (QoL Compilation)","Relic Stats","StSLib"],"gold_per_floor":[117,117,136,136,136,163,174,174,225,225,239,269,269,285,285,285,285],"floor_reached":16,"language":"ENG","playtime":472,"items_purged":[],"score":270,"play_id":"394ff39f-7d47-4181-b735-c21400a02dcd","local_time":"20210203171440","is_ascension_mode":true,"campfire_choices":[{"data":"Poisoned Stab","floor":8,"key":"SMITH"},{"data":"Burst","floor":10,"key":"SMITH"},{"data":"Cloak And Dagger","floor":13,"key":"SMITH"},{"data":"Leg Sweep","floor":15,"key":"SMITH"}],"circlet_count":0,"master_deck":["AscendersBane","Strike_G","Strike_G","Strike_G+1","Strike_G","Defend_G","Defend_G","Defend_G","Defend_G","Survivor+1","Neutralize","Poisoned Stab+1","Escape Plan","Leg Sweep+1","Dagger Throw","Burst+1","Cloak And Dagger+1","Venomology"],"relics":["Ring of the Snake","NeowsBlessing","Strawberry","Omamori","Singing Bowl"],"acts_visited":["Exordium"],"potions_floor_usage":[16,16,16],"damage_taken":[{"damage":0,"enemies":"Small Slimes","floor":1,"turns":1},{"damage":0,"enemies":"Cultist","floor":3,"turns":1},{"damage":0,"enemies":"Gremlin Nob","floor":6,"turns":1},{"damage":0,"enemies":"Jaw Worm","floor":7,"turns":3},{"damage":1,"enemies":"Looter","floor":11,"turns":5},{"damage":13,"enemies":"3 Sentries","floor":12,"turns":10},{"damage":0,"enemies":"Blue Slaver","floor":14,"turns":4},{"damage":36,"enemies":"Slime Boss","floor":16,"turns":7}],"seed_played":"9178685852325180690","potions_obtained":[{"floor":11,"key":"Poison Potion"},{"floor":12,"key":"CunningPotion"},{"floor":14,"key":"Poison Potion"}],"is_trial":false,"path_per_floor":["M","?","M","?","?","E","M","R","T","R","M","E","R","M","R","B"],"character_chosen":"THE_SILENT","items_purchased":[],"campfire_rested":0,"item_purchase_floors":[],"current_hp_per_floor":[59,59,59,59,39,46,46,46,46,46,45,32,32,34,34,0,0],"gold":285,"neow_bonus":"THREE_ENEMY_KILL","is_daily":false,"chose_seed":false,"campfire_upgraded":4,"win_rate":0.0,"timestamp":1612401280,"path_taken":["M","?","?","?","?","E","M","R","T","R","M","E","R","M","R","BOSS"],"items_purchased_type":[],"build_version":"2020-12-22","purchased_purges":0,"victory":false,"max_hp_per_floor":[66,66,66,66,66,73,73,73,73,73,73,73,73,75,75,75,75],"relic_stats":{"Singing Bowl":2,"counters":[8,32],"obtain_stats":[{"NeowsBlessing":0,"Singing Bowl":12,"Strawberry":6,"Omamori":9,"Ring of the Snake":0},{"NeowsBlessing":0,"Singing Bowl":6,"Strawberry":3,"Omamori":4,"Ring of the Snake":0},{"NeowsBlessing":0,"Singing Bowl":21,"Strawberry":3,"Omamori":6,"Ring of the Snake":0}],"Ring of the Snake":[16]},"card_choices":[{"not_picked":["Outmaneuver","PiercingWail"],"picked":"Poisoned Stab","floor":1},{"not_picked":["Quick Slash","Infinite Blades"],"picked":"Leg Sweep","floor":3},{"not_picked":["Slice","Eviscerate"],"picked":"Dagger Throw","floor":6},{"not_picked":["Terror","PiercingWail"],"picked":"Burst","floor":7},{"not_picked":["Underhanded Strike","Outmaneuver"],"picked":"Cloak And Dagger","floor":11},{"not_picked":["Backstab","Expertise"],"picked":"Venomology","floor":12},{"not_picked":["Masterful Stab","Terror","Dodge and Roll"],"picked":"Singing Bowl","floor":14}],"player_experience":1473195,"relics_obtained":[{"floor":6,"key":"Strawberry"},{"floor":9,"key":"Omamori"},{"floor":12,"key":"Singing Bowl"}],"event_choices":[{"damage_healed":0,"gold_gain":0,"cards_transformed":["Strike_G"],"player_choice":"Transformed","damage_taken":0,"max_hp_gain":0,"max_hp_loss":0,"event_name":"Transmorgrifier","floor":2,"gold_loss":0,"cards_obtained":["Escape Plan"]},{"cards_removed":["Defend_G"],"damage_healed":0,"gold_gain":0,"player_choice":"Forget","damage_taken":0,"max_hp_gain":0,"max_hp_loss":0,"event_name":"Living Wall","floor":4,"gold_loss":0},{"damage_healed":0,"gold_gain":0,"player_choice":"Entered Light","damage_taken":20,"max_hp_gain":0,"max_hp_loss":0,"event_name":"Shining Light","floor":5,"gold_loss":0,"cards_upgraded":["Survivor","Strike_G"]}],"is_beta":false,"boss_relics":[],"items_purged_floors":[],"is_endless":false,"potions_floor_spawned":[11,12,14],"killed_by":"Slime Boss","ascension_level":20}}