{"host":"Sean","time":1612435294,"event":{"mods":["BaseMod","Block Reminder","Colored Map","Colored Powertips","Highlight Path","Minty Spire (QoL Compilation)","Permanent Neow","Relic Stats"],"gold_per_floor":[112,128,228,241,252,252,271,296,296,296,310,326,346,20,20,125,125,138,138,16,32,45,80,80,92,116,141,151,162,179,193,193,292,292,303,14,289,328,360,395,411,422,422,422,422],"floor_reached":44,"language":"ENG","playtime":3278,"items_purged":["Defend_R","Defend_R"],"score":592,"play_id":"101ea3b6-95d7-4115-b9dc-a81a4b61f452","local_time":"20210204104134","is_ascension_mode":false,"campfire_choices":[{"data":"Perfected Strike","floor":6.0,"key":"SMITH"},{"data":"Whirlwind","floor":10.0,"key":"SMITH"},{"data":"Apotheosis","floor":15.0,"key":"SMITH"},{"data":"Barricade","floor":24.0,"key":"SMITH"},{"data":"Mind Blast","floor":32,"key":"SMITH"}],"circlet_count":0,"master_deck":["Strike_R","Strike_R","Strike_R","Strike_R","Strike_R","Defend_R","Defend_R","Bash","Mind Blast+1","Perfected Strike+1","Combust","Evolve","Twin Strike","Metallicize","Whirlwind+1","Wild Strike","Fire Breathing","Power Through","Apotheosis+1","Shrug It Off","Dark Embrace","Barricade+1","CurseOfTheBell","Flame Barrier+1","Seeing Red+1","True Grit+1","True Grit+1","True Grit+1","Rage+1","Shrug It Off+1","True Grit+1","Impervious+1","Seeing Red+1","Rupture","HandOfGreed","Regret","Entrench+1","Anger+1"],"relics":["Burning Blood","Centennial Puzzle","Bronze Scales","Membership Card","Calling Bell","Potion Belt","Toxic Egg 2","Charon\u0027s Ashes","Red Skull","White Beast Statue","Shuriken","Orichalcum","Pen Nib","Coffee Dripper","Toy Ornithopter","Bag of Marbles"],"acts_visited":["Exordium","TheCity","TheBeyond"],"potions_floor_usage":[33,38,40,40,44,44],"damage_taken":[{"damage":2.0,"enemies":"Small Slimes","floor":1.0,"turns":4.0},{"damage":6.0,"enemies":"Cultist","floor":2.0,"turns":3.0},{"damage":6.0,"enemies":"Jaw Worm","floor":4.0,"turns":4.0},{"damage":23.0,"enemies":"Exordium Wildlife","floor":5.0,"turns":6.0},{"damage":15.0,"enemies":"Gremlin Gang","floor":7.0,"turns":3.0},{"damage":18.0,"enemies":"Lagavulin","floor":8.0,"turns":6.0},{"damage":0.0,"enemies":"3 Louse","floor":11.0,"turns":1.0},{"damage":0.0,"enemies":"Large Slime","floor":12.0,"turns":4.0},{"damage":0.0,"enemies":"2 Fungi Beasts","floor":13.0,"turns":2.0},{"damage":37.0,"enemies":"The Guardian","floor":16.0,"turns":9.0},{"damage":12.0,"enemies":"3 Byrds","floor":18.0,"turns":3.0},{"damage":2.0,"enemies":"Spheric Guardian","floor":21.0,"turns":3.0},{"damage":20.0,"enemies":"Centurion and Healer","floor":22.0,"turns":7.0},{"damage":23.0,"enemies":"Book of Stabbing","floor":23.0,"turns":5.0},{"damage":16.0,"enemies":"3 Cultists","floor":25.0,"turns":5.0},{"damage":14.0,"enemies":"Slavers","floor":27.0,"turns":4.0},{"damage":3.0,"enemies":"Cultist and Chosen","floor":28.0,"turns":6.0},{"damage":0.0,"enemies":"Snecko","floor":29.0,"turns":3.0},{"damage":3.0,"enemies":"3 Cultists","floor":30.0,"turns":4.0},{"damage":8,"enemies":"Centurion and Healer","floor":31,"turns":6},{"damage":25,"enemies":"Champ","floor":33,"turns":14},{"damage":5,"enemies":"3 Shapes","floor":35,"turns":4},{"damage":8,"enemies":"3 Darklings","floor":38,"turns":3},{"damage":18,"enemies":"4 Shapes","floor":39,"turns":4},{"damage":1,"enemies":"Reptomancer","floor":40,"turns":6},{"damage":38,"enemies":"Writhing Mass","floor":41,"turns":4},{"damage":43,"enemies":"Transient","floor":42,"turns":5},{"damage":24,"enemies":"Nemesis","floor":44,"turns":2}],"seed_played":"-557217699958067510","potions_obtained":[{"floor":4.0,"key":"Swift Potion"},{"floor":5.0,"key":"Block Potion"},{"floor":7.0,"key":"Strength Potion"},{"floor":8.0,"key":"EssenceOfSteel"},{"floor":16.0,"key":"EssenceOfSteel"},{"floor":21.0,"key":"DuplicationPotion"},{"floor":22.0,"key":"LiquidMemories"},{"floor":23.0,"key":"AttackPotion"},{"floor":25.0,"key":"Swift Potion"},{"floor":27.0,"key":"ColorlessPotion"},{"floor":28.0,"key":"SneckoOil"},{"floor":29.0,"key":"DuplicationPotion"},{"floor":30.0,"key":"LiquidBronze"},{"floor":31,"key":"ElixirPotion"},{"floor":33,"key":"FearPotion"},{"floor":35,"key":"LiquidMemories"},{"floor":38,"key":"Energy Potion"},{"floor":40,"key":"GamblersBrew"},{"floor":41,"key":"Explosive Potion"}],"is_trial":false,"path_per_floor":["M","M","?","M","M","R","M","E","T","R","M","M","M","$","R","B",null,"M","?","$","M","M","E","R","M","T","E","M","M","M","M","R","B",null,"M","$","?","M","M","E","M","M","T","E"],"character_chosen":"IRONCLAD","items_purchased":["Membership Card","Apotheosis","Shrug It Off","Dark Embrace","White Beast Statue","Seeing Red+1","Toy Ornithopter","Rupture","HandOfGreed"],"campfire_rested":0,"item_purchase_floors":[14,14,14,14,20,36,36,36,36],"current_hp_per_floor":[80,80,80,80,63,63,54,42,42,42,48,54,60,60,60,29,80,74,74,74,78,64,47,47,37,37,29,32,38,41,39,39,20,80,80,80,80,80,68,80,48,11,11,0,0],"gold":422,"neow_bonus":"RANDOM_COLORLESS","is_daily":false,"chose_seed":false,"campfire_upgraded":5,"win_rate":0.0,"timestamp":1612435294,"path_taken":["M","M","?","M","M","R","?","E","T","R","?","?","M","?","R","BOSS","M","?","$","M","M","E","R","M","T","E","M","M","M","M","R","BOSS","M","$","?","M","M","E","M","?","T","E"],"items_purchased_type":["Relic","Card","Card","Card","Relic","Card","Relic","Card","Card"],"build_version":"2020-12-18","purchased_purges":2,"victory":false,"max_hp_per_floor":[80,80,80,80,80,80,80,80,80,80,80,80,80,80,80,80,80,80,80,80,80,80,80,80,80,80,80,80,80,80,80,80,80,80,80,80,80,80,80,80,80,80,80,80,80],"relic_stats":{"Centennial Puzzle":[54],"counters":[28,130],"Shuriken":[6],"Bronze Scales":[262],"Charon\u0027s Ashes":[266],"Pen Nib":[8],"Orichalcum":[78],"obtain_stats":[{"Potion Belt":17,"Charon\u0027s Ashes":17,"Pen Nib":27,"Orichalcum":26,"Burning Blood":0,"White Beast Statue":20,"Calling Bell":17,"Centennial Puzzle":8,"Shuriken":23,"Bronze Scales":9,"Coffee Dripper":34,"Bag of Marbles":40,"Membership Card":14,"Toxic Egg 2":17,"Red Skull":19,"Toy Ornithopter":36},{"Potion Belt":10,"Charon\u0027s Ashes":10,"Pen Nib":16,"Orichalcum":15,"Burning Blood":0,"White Beast Statue":11,"Calling Bell":10,"Centennial Puzzle":6,"Shuriken":14,"Bronze Scales":6,"Coffee Dripper":21,"Bag of Marbles":25,"Membership Card":9,"Toxic Egg 2":10,"Red Skull":11,"Toy Ornithopter":22},{"Potion Belt":42,"Charon\u0027s Ashes":42,"Pen Nib":69,"Orichalcum":65,"Burning Blood":0,"White Beast Statue":45,"Calling Bell":42,"Centennial Puzzle":26,"Shuriken":60,"Bronze Scales":26,"Coffee Dripper":102,"Bag of Marbles":119,"Membership Card":33,"Toxic Egg 2":42,"Red Skull":45,"Toy Ornithopter":106}],"Burning Blood":151,"Toy Ornithopter":25},"card_choices":[{"not_picked":["Madness","Jack Of All Trades"],"picked":"Mind Blast","floor":0.0},{"not_picked":["Dual Wield","Sentinel"],"picked":"Perfected Strike","floor":1.0},{"not_picked":["Rampage","Blood for Blood"],"picked":"Combust","floor":2.0},{"not_picked":["Perfected Strike","Power Through"],"picked":"Evolve","floor":4.0},{"not_picked":["Intimidate","Evolve"],"picked":"Twin Strike","floor":5.0},{"not_picked":["Ghostly Armor","True Grit"],"picked":"Metallicize","floor":7.0},{"not_picked":["Warcry","Sword Boomerang"],"picked":"Whirlwind","floor":8.0},{"not_picked":["Entrench","Power Through"],"picked":"Wild Strike","floor":11.0},{"not_picked":["Heavy Blade","Anger"],"picked":"Fire Breathing","floor":12.0},{"not_picked":["Cleave","Havoc"],"picked":"Power Through","floor":13.0},{"not_picked":["Feed","Juggernaut"],"picked":"Barricade","floor":16.0},{"not_picked":["Clash+1","Battle Trance+1"],"picked":"Flame Barrier+1","floor":18.0},{"not_picked":["Dropkick","Body Slam"],"picked":"Seeing Red+1","floor":21.0},{"not_picked":["Whirlwind","Demon Form"],"picked":"True Grit+1","floor":22.0},{"not_picked":["Iron Wave","Headbutt+1"],"picked":"True Grit+1","floor":23.0},{"not_picked":["Twin Strike","Clothesline+1"],"picked":"True Grit+1","floor":25.0},{"not_picked":["Body Slam","Armaments+1"],"picked":"Rage+1","floor":27.0},{"not_picked":["Dual Wield+1","Wild Strike"],"picked":"Shrug It Off+1","floor":28.0},{"not_picked":["Reaper","Perfected Strike+1","Headbutt"],"picked":"SKIP","floor":29.0},{"not_picked":["Cleave","Perfected Strike"],"picked":"True Grit+1","floor":30.0},{"not_picked":["Clothesline+1","Iron Wave","Hemokinesis"],"picked":"SKIP","floor":31},{"not_picked":["Exhume+1","Corruption"],"picked":"Impervious+1","floor":33},{"not_picked":["Twin Strike","Iron Wave","Clash"],"picked":"SKIP","floor":35},{"not_picked":["Flex+1","Perfected Strike"],"picked":"Entrench+1","floor":38},{"not_picked":["Evolve","Wild Strike"],"picked":"Anger+1","floor":39},{"not_picked":["Metallicize","Thunderclap","Clothesline"],"picked":"SKIP","floor":40},{"not_picked":["Havoc+1","True Grit+1","Sword Boomerang"],"picked":"SKIP","floor":41},{"not_picked":["Uppercut","Searing Blow","Rage+1"],"picked":"SKIP","floor":42}],"player_experience":516511,"relics_obtained":[{"floor":8.0,"key":"Centennial Puzzle"},{"floor":9.0,"key":"Bronze Scales"},{"floor":17.0,"key":"Potion Belt"},{"floor":17.0,"key":"Toxic Egg 2"},{"floor":17.0,"key":"Charon\u0027s Ashes"},{"floor":23.0,"key":"Shuriken"},{"floor":26.0,"key":"Orichalcum"},{"floor":27.0,"key":"Pen Nib"},{"floor":40,"key":"Bag of Marbles"}],"event_choices":[{"damage_healed":0.0,"max_hp_gain":0.0,"max_hp_loss":0.0,"gold_gain":100.0,"event_name":"Golden Shrine","player_choice":"Pray","floor":3.0,"gold_loss":0.0,"damage_taken":0.0},{"damage_healed":0.0,"max_hp_gain":0.0,"max_hp_loss":0.0,"gold_gain":0.0,"event_name":"The Mausoleum","player_choice":"Opened","floor":19.0,"gold_loss":0.0,"damage_taken":0.0,"relics_obtained":["Red Skull"]},{"damage_healed":0,"gold_gain":275,"player_choice":"Desecrate","damage_taken":0,"max_hp_gain":0,"max_hp_loss":0,"event_name":"Golden Shrine","floor":37,"gold_loss":0,"cards_obtained":["Regret"]}],"is_beta":true,"boss_relics":[{"not_picked":["Pandora\u0027s Box","Runic Pyramid"],"picked":"Calling Bell"},{"not_picked":["Black Blood","Runic Dome"],"picked":"Coffee Dripper"}],"items_purged_floors":[14,36],"is_endless":false,"potions_floor_spawned":[4,5,7,8,12,16,21,22,23,25,27,28,29,30,31,33,35,38,39,40,41,42],"killed_by":"Nemesis","ascension_level":0}}