{"host":"23qk1co0p3p8qz56","time":1612430221,"event":{"mods":["AchievementEnabler","Act Like it!","Arknights","BaseMod","Better Note","Better Third Choice","BetterRewards","CapriCore","Lobotomy","LobotomyExtend","MarisaÅiñ∂âJÅ@ñÇóùçπÅj","Minty Spire (QoL Compilation)","StSLib","The Animator","The Senshi","Waifu the Spire"],"gold_per_floor":[119,139,153,182,199,199,217,231,231,241,9,9,9,38,115,135,135,135,152,175,175,175,175],"floor_reached":16,"language":"ENG","playtime":2254,"items_purged":[],"score":112,"play_id":"ec1e6db7-3b86-40d2-8f1e-29fb24d41fb3","local_time":"20210204021701","is_ascension_mode":false,"campfire_choices":[{"floor":6,"key":"REST"},{"data":"animator:Aqua","floor":6,"key":"SMITH"},{"floor":11,"key":"REST"},{"floor":15,"key":"REST"}],"circlet_count":0,"master_deck":["animator:Defend_Konosuba","animator:Strike","animator:Strike","animator:Strike","animator:Defend","animator:Defend","animator:Defend","animator:Kazuma","animator:Aqua+1","animator:RoryMercury","animator:Elsword","animator:ChlammyZell","animator:Darkness","animator:Alexander","animator:Berserker","animator:SwordMaiden","animator:Vanir","animator:Bozes","animator:Evileye","animator:Nanami","animator:Tet","animator:Verdia"],"relics":["animator:LivingPicture","animator:TheMissingPiece","animator:PurgingStone","LetterFromLob","Bag of Marbles","MealTicket"],"acts_visited":["Exordium"],"potions_floor_usage":[],"damage_taken":[{"damage":0,"enemies":"Small Slimes","floor":1,"turns":3},{"damage":5,"enemies":"Cultist","floor":2,"turns":5},{"damage":0,"enemies":"2 Louse","floor":3,"turns":3},{"damage":20,"enemies":"2 Fungi Beasts","floor":4,"turns":4},{"damage":16,"enemies":"Large Slime","floor":5,"turns":6},{"damage":0,"enemies":"Small Slimes","floor":1,"turns":3},{"damage":0,"enemies":"Cultist","floor":2,"turns":4},{"damage":0,"enemies":"2 Louse","floor":4,"turns":3},{"damage":28,"enemies":"3 Sentries","floor":8,"turns":7},{"damage":5,"enemies":"2 Fungi Beasts","floor":10,"turns":3},{"damage":9,"enemies":"Lots of Slimes","floor":13,"turns":3},{"damage":21,"enemies":"Exordium Thugs","floor":14,"turns":5},{"damage":68,"enemies":"Slime Boss","floor":16,"turns":11}],"seed_played":"4135204645046653793","potions_obtained":[{"floor":1,"key":"GamblersBrew"},{"floor":5,"key":"SneckoOil"},{"floor":4,"key":"PowerPotion"},{"floor":8,"key":"animator:FalseLifePotion"}],"is_trial":false,"path_per_floor":["M","M","M","M","M","R","M","M","M","?","M","$","R","?","E","T","M","R","M","M","M","R","B"],"character_chosen":"THE_ANIMATOR","items_purchased":["animator:Bozes","Bag of Marbles"],"campfire_rested":3,"item_purchase_floors":[5,5],"current_hp_per_floor":[72,67,69,51,37,58,72,72,72,73,73,73,73,48,48,46,67,67,61,43,64,0,0],"gold":175,"neow_bonus":"TEN_PERCENT_HP_BONUS","is_daily":false,"chose_seed":false,"campfire_upgraded":1,"win_rate":0.0,"timestamp":1612430221,"path_taken":["M","M","M","M","M","R","M","M","M","?","M","$","R","?","E","T","M","R","M","M","M","R","BOSS"],"items_purchased_type":["Card","Relic"],"build_version":"2020-12-22","purchased_purges":0,"victory":false,"max_hp_per_floor":[72,72,72,72,72,72,72,72,72,73,73,73,73,73,73,73,73,73,73,73,73,73,73],"card_choices":[{"not_picked":["animator:Azekura","animator:MaesHughes"],"picked":"animator:RoryMercury","floor":1},{"not_picked":["animator:Tyuule","animator:DolaRiku"],"picked":"animator:Elsword","floor":2},{"not_picked":["animator:DolaSchwi","animator:AcuraTooru"],"picked":"animator:ChlammyZell","floor":3},{"not_picked":["animator:Verdia","animator:Aqua"],"picked":"animator:Darkness","floor":4},{"not_picked":["animator:Emonzaemon","animator:Geryuganshoop"],"picked":"animator:Alexander","floor":5},{"not_picked":["animator:Darkness","animator:Togame"],"picked":"animator:Berserker","floor":1},{"not_picked":["animator:Lu","animator:Alexander"],"picked":"animator:SwordMaiden","floor":2},{"not_picked":["animator:YunYun","animator:Verdia"],"picked":"animator:Vanir","floor":4},{"not_picked":["animator:Fredrika","animator:Souei"],"picked":"animator:Evileye","floor":8},{"not_picked":["animator:Ain","animator:Priestess"],"picked":"animator:Nanami","floor":10},{"not_picked":["animator:Azekura","animator:Vanir"],"picked":"animator:Tet","floor":13},{"not_picked":["animator:Hans","animator:YunYun"],"picked":"animator:Verdia","floor":14}],"player_experience":4779,"relics_obtained":[{"floor":1,"key":"LetterFromLob"},{"floor":1,"key":"LetterFromLob"},{"floor":8,"key":"MealTicket"}],"event_choices":[{"cards_removed":["animator:Elsword"],"damage_healed":0,"gold_gain":0,"player_choice":"Give","damage_taken":0,"max_hp_gain":0,"max_hp_loss":0,"event_name":"betterNote:BetterNote","floor":3,"gold_loss":0,"cards_obtained":["ats:Apocalypse"]},{"cards_removed":["animator:Strike_Konosuba"],"damage_healed":0,"gold_gain":0,"player_choice":"Offered Basic","damage_taken":0,"max_hp_gain":0,"max_hp_loss":0,"event_name":"Bonfire Elementals","floor":7,"gold_loss":0}],"is_beta":false,"boss_relics":[],"items_purged_floors":[],"is_endless":false,"potions_floor_spawned":[1,5,4,8,14],"killed_by":"Slime Boss","ascension_level":0}}