{"host":"kqjncq1jgqa58i7s","time":1612466402,"event":{"mods":["AchievementEnabler","BaseMod","Colored Map","Minty Spire (QoL Compilation)","Relic Stats"],"gold_per_floor":[119,131,131,146,166,201,201,201,201],"floor_reached":8,"language":"ENG","playtime":636,"items_purged":[],"score":116,"play_id":"5b049578-b45c-4d22-a5ff-00dec484afd5","local_time":"20210204202002","is_ascension_mode":true,"campfire_choices":[{"floor":7,"key":"REST"}],"circlet_count":0,"master_deck":["AscendersBane","Strike_G","Strike_G","Strike_G","Strike_G","Strike_G","Defend_G","Defend_G","Defend_G","Defend_G","Survivor","Neutralize","Cloak And Dagger","Sucker Punch","Dagger Spray","Dodge and Roll","Malaise"],"relics":["Ring of the Snake","Blue Candle"],"acts_visited":["Exordium"],"potions_floor_usage":[6,6],"damage_taken":[{"damage":3.0,"enemies":"Jaw Worm","floor":1.0,"turns":4.0},{"damage":1.0,"enemies":"2 Louse","floor":2.0,"turns":3.0},{"damage":0.0,"enemies":"Small Slimes","floor":4.0,"turns":4.0},{"damage":7.0,"enemies":"Blue Slaver","floor":5.0,"turns":5.0},{"damage":45,"enemies":"Lagavulin","floor":6,"turns":7},{"damage":38,"enemies":"Gremlin Nob","floor":8,"turns":4}],"seed_played":"-6966883471058159546","potions_obtained":[{"floor":1.0,"key":"LiquidBronze"},{"floor":5.0,"key":"Explosive Potion"}],"is_trial":false,"path_per_floor":["M","M","?","M","M","E","R","E"],"character_chosen":"THE_SILENT","items_purchased":[],"campfire_rested":1,"item_purchase_floors":[],"current_hp_per_floor":[62,61,54,54,47,2,23,0,0],"gold":201,"neow_bonus":"TEN_PERCENT_HP_BONUS","is_daily":false,"chose_seed":false,"campfire_upgraded":0,"win_rate":0.0,"timestamp":1612466402,"path_taken":["M","M","?","M","M","E","R","E"],"items_purchased_type":[],"build_version":"2020-12-22","purchased_purges":0,"victory":false,"max_hp_per_floor":[72,72,72,72,72,72,72,72,72],"relic_stats":{"counters":[6,27],"Blue Candle":[0],"obtain_stats":[{"Blue Candle":6,"Ring of the Snake":0},{"Blue Candle":5,"Ring of the Snake":0},{"Blue Candle":23,"Ring of the Snake":0}],"Ring of the Snake":[12]},"card_choices":[{"not_picked":["Bouncing Flask","Deflect"],"picked":"Cloak And Dagger","floor":1.0},{"not_picked":["Outmaneuver","PiercingWail"],"picked":"Sucker Punch","floor":2.0},{"not_picked":["Expertise","Finisher"],"picked":"Dagger Spray","floor":4.0},{"not_picked":["PiercingWail","Dagger Spray"],"picked":"Dodge and Roll","floor":5.0},{"not_picked":["Doppelganger","Reflex"],"picked":"Malaise","floor":6}],"player_experience":1653548,"relics_obtained":[{"floor":6,"key":"Blue Candle"}],"event_choices":[{"cards_removed":["Defend_G"],"damage_healed":0.0,"max_hp_gain":0.0,"max_hp_loss":0.0,"gold_gain":0.0,"event_name":"Golden Wing","player_choice":"Card Removal","floor":3.0,"gold_loss":0.0,"damage_taken":7.0}],"is_beta":false,"boss_relics":[],"items_purged_floors":[],"is_endless":false,"potions_floor_spawned":[1,5],"killed_by":"Gremlin Nob","ascension_level":20}}