{"host":"f7rb14kzcw8hx1r1","time":1612434334,"event":{"mods":["BaseMod","Better Note","Better Third Choice","Colored Map","Highlight Path","Hubris","Minty Spire (QoL Compilation)","Replay The Spire","StSLib","The Forsaken"],"gold_per_floor":[118,128,148,148,73,407,426,426,449,463,463,491,547,564,564,667,667,684,784,784,213,231,231,231,257,283,294,325,26,26,38,38,137,137,156,156,156,156,174,174,24,40,40,40,57,70,84,103,103,103],"floor_reached":51,"language":"ENG","playtime":1759,"items_purged":["Strike_G","Strike_G","Strike_G","Strike_G"],"score":799,"play_id":"adb1f95a-eb96-4e6f-8ea1-bc8a9c5942fc","local_time":"20210204112534","is_ascension_mode":false,"campfire_choices":[{"data":"Replay:Poison Smokescreen","floor":8.0,"key":"SMITH"},{"data":"Crippling Poison","floor":15.0,"key":"SMITH"},{"data":"Draining Mist","floor":23.0,"key":"SMITH"},{"data":"Catalyst","floor":30,"key":"SMITH"},{"data":"Blade Dance","floor":32,"key":"SMITH"},{"data":"Hidden Blade","floor":40,"key":"SMITH"},{"data":"Acrobatics","floor":44,"key":"SMITH"},{"data":"Bouncing Flask","floor":49,"key":"SMITH"}],"circlet_count":0,"master_deck":["Defend_G","Defend_G+1","Defend_G+1","Defend_G","Defend_G","Survivor","Neutralize+1","ReplayTheSpireMod:Scrap Shanks","Poisoned Stab","Flying Knee","Crippling Poison+1","Replay:Poison Smokescreen+1","Hidden Blade+1","Predator","Envenom+1","Deadly Poison","Cloak And Dagger+1","ReplayTheSpireMod:Brewmster+1","Draining Mist+1","Acrobatics+1","Blade Dance+1","Catalyst+1","Accuracy+1","PiercingWail+1","Corpse Explosion","Deadly Poison+1","Bouncing Flask+1","Infinite Blades+1","Catalyst+1"],"relics":["Snecko Heart","Old Coin","Pen Nib","Iron Hammer","War Paint","Frozen Egg 2","Philosopher\u0027s Stone","theForsaken:Lifeblossom","Lee\u0027s Waffle","Replay:Bottled Flurry","Blue Doll","Darkstone Periapt","Coffee Dripper","hubris:Towel","hubris:ToyBattleship"],"acts_visited":["Exordium","TheCity","TheBeyond"],"potions_floor_usage":[27,27,28,28,28,29,31,31,33,33,33,39,39,48,48,50,50,50,50],"damage_taken":[{"damage":5.0,"enemies":"Small Slimes","floor":1.0,"turns":5.0},{"damage":5.0,"enemies":"Jaw Worm","floor":2.0,"turns":5.0},{"damage":0.0,"enemies":"2 Louse","floor":3.0,"turns":2.0},{"damage":19.0,"enemies":"Lagavulin","floor":6.0,"turns":9.0},{"damage":4.0,"enemies":"Blue Slaver","floor":7.0,"turns":3.0},{"damage":2.0,"enemies":"2 Fungi Beasts","floor":10.0,"turns":4.0},{"damage":7.0,"enemies":"Gremlin Nob","floor":12.0,"turns":4.0},{"damage":0.0,"enemies":"Gremlin Nob","floor":13.0,"turns":3.0},{"damage":0.0,"enemies":"Red Slaver","floor":14.0,"turns":2.0},{"damage":0.0,"enemies":"Hexaghost","floor":16.0,"turns":7.0},{"damage":0.0,"enemies":"Chosen","floor":18.0,"turns":4.0},{"damage":3.0,"enemies":"Spheric Guardian","floor":22.0,"turns":6.0},{"damage":10.0,"enemies":"Gremlin Leader","floor":25.0,"turns":5.0},{"damage":5,"enemies":"Shelled Parasite and Fungi","floor":27,"turns":4},{"damage":7,"enemies":"Slavers","floor":28,"turns":4},{"damage":0,"enemies":"Centurion and Healer","floor":31,"turns":5},{"damage":3,"enemies":"Champ","floor":33,"turns":6},{"damage":4,"enemies":"3 Shapes","floor":35,"turns":2},{"damage":5,"enemies":"Orb Walker","floor":39,"turns":3},{"damage":3,"enemies":"Sphere and 2 Shapes","floor":42,"turns":4},{"damage":0,"enemies":"Spire Growth","floor":45,"turns":3},{"damage":0,"enemies":"3 Darklings","floor":46,"turns":1},{"damage":11,"enemies":"4 Shapes","floor":47,"turns":3},{"damage":12,"enemies":"Spire Growth","floor":48,"turns":4},{"damage":18,"enemies":"Time Eater","floor":50,"turns":5}],"seed_played":"5091895984149799169","potions_obtained":[{"floor":1.0,"key":"Adrenaline Potion"},{"floor":2.0,"key":"Strength Potion"},{"floor":7.0,"key":"AttackPotion"},{"floor":10.0,"key":"Reflective Coating"},{"floor":13.0,"key":"LifebloodPotion"},{"floor":27,"key":"AttackPotion"},{"floor":33,"key":"Weak Potion"},{"floor":48,"key":"Venom Potion"}],"is_trial":false,"path_per_floor":["M","M","M","?","$","E","M","R","T","M","T","E","?","M","R","B",null,"M","?","?","$","M","R","?","E","T","M","E","$","R","M","R","B",null,"M","?","?","?","M","R","$","M","T","R","M","M","M","M","R","B",null],"character_chosen":"THE_SILENT","items_purchased":["theForsaken:Lifeblossom","Lee\u0027s Waffle","ReplayTheSpireMod:Brewmster+1","Fruit Juice","Accuracy+1"],"campfire_rested":0,"item_purchase_floors":[21,21,21,29,29],"current_hp_per_floor":[65,60,60,60,60,41,37,37,37,35,35,28,28,28,28,28,70,70,70,70,77,74,74,74,67,67,68,67,72,72,78,78,81,82,80,78,78,78,74,74,74,76,76,76,78,78,70,64,64,52],"gold":103,"neow_bonus":"BOSS_RELIC","is_daily":false,"chose_seed":false,"campfire_upgraded":8,"win_rate":0.0,"timestamp":1612434334,"path_taken":["M","M","M","?","$","E","M","R","T","M","?","E","?","M","R","BOSS","M","?","?","$","?","R","?","E","T","M","E","$","R","M","R","BOSS","M","?","?","?","M","R","$","M","T","R","M","M","?","M","R","BOSS"],"items_purchased_type":["Relic","Relic","Card","Potion","Card"],"build_version":"2020-12-22","purchased_purges":4,"victory":true,"max_hp_per_floor":[70,70,70,70,70,70,70,70,70,70,70,70,70,70,70,70,70,70,70,70,77,77,77,77,77,77,77,77,82,82,82,82,82,82,82,78,78,78,78,78,78,78,78,78,78,78,78,78,78,78],"card_choices":[{"not_picked":["hubris:Counter","Tactician"],"picked":"ReplayTheSpireMod:Scrap Shanks","floor":1.0},{"not_picked":["PiercingWail","Slice"],"picked":"Poisoned Stab","floor":2.0},{"not_picked":["Dodge and Roll","Underhanded Strike"],"picked":"Flying Knee","floor":3.0},{"not_picked":["Underhanded Strike","Backflip"],"picked":"Crippling Poison","floor":6.0},{"not_picked":["ReplayTheSpireMod:Exploit Weakness","Flying Knee"],"picked":"Replay:Poison Smokescreen","floor":7.0},{"not_picked":["ReplayTheSpireMod:Speed Training","Backflip"],"picked":"Hidden Blade","floor":10.0},{"not_picked":["Outmaneuver","Storm of Steel","Sneak Up"],"picked":"SKIP","floor":12.0},{"not_picked":["Calculated Gamble","Dash"],"picked":"Predator","floor":13.0},{"not_picked":["Prepared","Toxin Wave","Sucker Punch"],"picked":"SKIP","floor":14.0},{"not_picked":["ReplayTheSpireMod:From All Sides","ReplayTheSpireMod:Necrosis"],"picked":"Envenom+1","floor":16.0},{"not_picked":["Dodge and Roll","Sucker Punch"],"picked":"Deadly Poison","floor":18.0},{"not_picked":["Bane+1","Heel Hook+1"],"picked":"Draining Mist","floor":22.0},{"not_picked":["Poisoned Stab+1","Wraith Form v2+1"],"picked":"Acrobatics","floor":25},{"not_picked":["Setup","Flying Knee"],"picked":"Blade Dance","floor":27},{"not_picked":["Masterful Stab","Phantasmal Killer"],"picked":"Catalyst","floor":28},{"not_picked":["Reflex+1","Choke"],"picked":"PiercingWail+1","floor":31},{"not_picked":["Poison Darts","Doppelganger"],"picked":"Corpse Explosion","floor":33},{"not_picked":["Poisoned Stab","Deadly Poison","Underhanded Strike"],"picked":"SKIP","floor":35},{"not_picked":["Heel Hook","Bane+1","Deflect"],"picked":"SKIP","floor":39},{"not_picked":["Calculated Gamble","Dagger Spray+1"],"picked":"Deadly Poison+1","floor":42},{"not_picked":["Backflip","Dagger Throw"],"picked":"Bouncing Flask","floor":45},{"not_picked":["Backflip+1","hubris:SlightOfHand","Dodge and Roll"],"picked":"SKIP","floor":46},{"not_picked":["Bane+1","Grand Finale"],"picked":"Infinite Blades+1","floor":47},{"not_picked":["Well Laid Plans+1","Infinite Blades+1"],"picked":"Catalyst+1","floor":48}],"player_experience":957977,"relics_obtained":[{"floor":6.0,"key":"Old Coin"},{"floor":9.0,"key":"Pen Nib"},{"floor":11.0,"key":"Iron Hammer"},{"floor":12.0,"key":"War Paint"},{"floor":13.0,"key":"Frozen Egg 2"},{"floor":25,"key":"Replay:Bottled Flurry"},{"floor":26,"key":"Blue Doll"},{"floor":28,"key":"Darkstone Periapt"},{"floor":43,"key":"hubris:ToyBattleship"}],"event_choices":[{"damage_healed":0.0,"max_hp_gain":0.0,"max_hp_loss":0.0,"gold_gain":30.0,"event_name":"Dead Adventurer","player_choice":"Searched \u00273\u0027 times","floor":13.0,"gold_loss":0.0,"damage_taken":0.0},{"damage_healed":0.0,"max_hp_gain":0.0,"max_hp_loss":0.0,"gold_gain":100.0,"event_name":"Golden Shrine","player_choice":"Pray","floor":19.0,"gold_loss":0.0,"damage_taken":0.0},{"damage_healed":0.0,"max_hp_gain":0.0,"max_hp_loss":0.0,"gold_gain":0.0,"cards_transformed":["Strike_G"],"event_name":"Transmorgrifier","player_choice":"Transformed","floor":20.0,"gold_loss":0.0,"damage_taken":0.0,"cards_obtained":["Cloak And Dagger"]},{"damage_healed":0.0,"max_hp_gain":0.0,"max_hp_loss":0.0,"gold_gain":0.0,"event_name":"Accursed Blacksmith","player_choice":"Forge","floor":24.0,"gold_loss":0.0,"damage_taken":0.0,"cards_upgraded":["Cloak And Dagger"]},{"damage_healed":0,"gold_gain":0,"player_choice":"Max HP","damage_taken":0,"max_hp_gain":0,"max_hp_loss":4,"event_name":"Winding Halls","floor":36,"gold_loss":0},{"cards_removed":["ReplayTheSpireMod:Brewmster"],"damage_healed":0,"gold_gain":0,"player_choice":"Give","damage_taken":0,"max_hp_gain":0,"max_hp_loss":0,"event_name":"betterNote:BetterNote","floor":38,"gold_loss":0,"cards_obtained":["Inflame"]}],"is_beta":false,"boss_relics":[{"not_picked":["Abe\u0027s Treasure","Pandora\u0027s Box"],"picked":"Philosopher\u0027s Stone"},{"not_picked":["Replay:Wanted Poster","hubris:GrandSneckoEye"],"picked":"Coffee Dripper"}],"items_purged_floors":[5,21,29,41],"is_endless":false,"potions_floor_spawned":[1,2,7,10,13,22,27,31,33,35,46,47,48],"ascension_level":0}}