{"host":"rtw1tnr74gozsrw1","time":1612398735,"event":{"mods":["BaseMod","Colored Map","Colored Powertips","Highlight Path","Infinite Spire","Minty Spire (QoL Compilation)","Replay The Spire","StSLib","The Jungle"],"gold_per_floor":[112,37,37,37,53,53,72,72,96,96,116,116,116,16,16,120,120,136,136,148,76,76,76],"floor_reached":22,"language":"ENG","playtime":400,"items_purged":["Strike_B","Defend_B"],"score":172,"play_id":"b06808c3-0e9d-4826-84e5-8c7a1e600fbc","local_time":"20210204013215","is_ascension_mode":false,"campfire_choices":[{"data":"Zap","floor":6,"key":"SMITH"},{"data":"Redo","floor":8,"key":"SMITH"},{"data":"Dualcast","floor":10,"key":"SMITH"},{"data":"Ball Lightning","floor":12,"key":"SMITH"},{"data":"Cold Snap","floor":15,"key":"SMITH"}],"circlet_count":0,"master_deck":["Zap+1","Cold Snap","Cold Snap+1","Redo+1","Ball Lightning+1","FTL+1","Seek","Sweeping Beam","Sweeping Beam","BasicCrystalCard","Thunder Strike","Fusion","Decay","Crystallizer"],"relics":["Cracked Core","NeowsBlessing","Bronze Scales","Pandora\u0027s Box"],"acts_visited":["Exordium","TheCity"],"potions_floor_usage":[],"damage_taken":[{"damage":0,"enemies":"2 Louse","floor":1,"turns":1},{"damage":0,"enemies":"Cultist","floor":5,"turns":1},{"damage":0,"enemies":"Small Slimes","floor":7,"turns":1},{"damage":0,"enemies":"Blue Slaver","floor":11,"turns":2},{"damage":35,"enemies":"The Guardian","floor":16,"turns":8},{"damage":16,"enemies":"2 Thieves","floor":18,"turns":3},{"damage":17,"enemies":"Shell Parasite","floor":20,"turns":3}],"seed_played":"4831405091504166045","potions_obtained":[{"floor":4,"key":"PotionOfCapacity"},{"floor":4,"key":"Explosive Potion"},{"floor":4,"key":"DistilledChaos"}],"is_trial":false,"path_per_floor":["M","$","?","?","M","R","M","R","T","R","M","R","?","$","R","B",null,"M","?","M","$","?"],"character_chosen":"DEFECT","items_purchased":["Crystallizer"],"campfire_rested":0,"item_purchase_floors":[21],"current_hp_per_floor":[75,75,75,75,75,75,75,75,75,75,75,75,75,75,75,40,75,59,59,42,42,42,42],"gold":76,"neow_bonus":"THREE_ENEMY_KILL","is_daily":false,"chose_seed":false,"campfire_upgraded":5,"win_rate":0.0,"timestamp":1612398735,"path_taken":["M","$","?","?","M","R","?","R","T","R","M","R","?","$","R","BOSS","M","?","M","$","?"],"items_purchased_type":["Card"],"build_version":"2020-12-22","purchased_purges":2,"victory":false,"max_hp_per_floor":[75,75,75,75,75,75,75,75,75,75,75,75,75,75,75,75,75,75,75,75,75,75,75],"card_choices":[{"not_picked":["Chaos","Rip and Tear"],"picked":"Cold Snap","floor":1},{"not_picked":["Beam Cell","Coolheaded"],"picked":"Cold Snap","floor":5},{"not_picked":["Coolheaded","Recycle"],"picked":"Redo","floor":7},{"not_picked":["Go for the Eyes","Rebound"],"picked":"Ball Lightning","floor":11},{"not_picked":["Buffer","Hyperbeam"],"picked":"Seek","floor":16},{"not_picked":["Reprogram","Steam","Force Field"],"picked":"SKIP","floor":18},{"not_picked":["Steam Power","Heatsinks+1","Coolheaded"],"picked":"SKIP","floor":20}],"player_experience":95930,"relics_obtained":[{"floor":9,"key":"Bronze Scales"}],"event_choices":[{"damage_healed":0,"gold_gain":0,"player_choice":"Got Potions","damage_taken":0,"max_hp_gain":0,"max_hp_loss":0,"event_name":"Lab","floor":4,"gold_loss":0},{"damage_healed":0,"gold_gain":0,"player_choice":"Smashed Altar","damage_taken":0,"max_hp_gain":0,"max_hp_loss":0,"event_name":"Forgotten Altar","floor":19,"gold_loss":0,"cards_obtained":["Decay"]},{"damage_healed":0,"gold_gain":0,"player_choice":"Ignored","damage_taken":0,"max_hp_gain":0,"max_hp_loss":0,"event_name":"The Mausoleum","floor":22,"gold_loss":0}],"is_beta":false,"boss_relics":[{"not_picked":["Painkiller Herb","Runic Pyramid"],"picked":"Pandora\u0027s Box"}],"items_purged_floors":[2,14],"is_endless":false,"potions_floor_spawned":[5,7,16,20],"ascension_level":0}}