{"host":"j4g6ia6asvpyu2b0","time":1612444660,"event":{"mods":["BaseMod","Colored Map","Minty Spire (QoL Compilation)","Permanent Neow","Quick Restart","Relic Stats","StSLib","Unceasing Turn Reminder"],"gold_per_floor":[112,112,129,146,160,160,188,188,269,281,317,339,198,224,224,334,334,360,310,329,355,377,421,421,459,486,486,521,544,196,224,224,335,335,362,84,103,121,143,171,191,226,226,564,864,893,912,953,953,953,953,953,271,314,314],"floor_reached":56,"language":"ENG","playtime":2721,"items_purged":["Strike_G","Strike_G","Strike_G"],"score":1739,"play_id":"c853892a-af44-4ccb-bae9-9c2a21944890","local_time":"20210204061740","is_ascension_mode":true,"campfire_choices":[{"data":"Apotheosis","floor":6.0,"key":"SMITH"},{"floor":8.0,"key":"RECALL"},{"data":"Noxious Fumes","floor":15.0,"key":"SMITH"},{"data":"Burst","floor":24.0,"key":"SMITH"},{"data":"Metamorphosis","floor":32.0,"key":"SMITH"},{"data":"Neutralize","floor":49,"key":"SMITH"},{"data":"Strike_G","floor":52,"key":"SMITH"}],"circlet_count":0,"master_deck":["Strike_G","Strike_G+1","Defend_G","Defend_G","Defend_G","Defend_G+1","Defend_G","Survivor","Neutralize+1","Apotheosis+1","Deadly Poison+1","Deadly Poison","Backflip","Dodge and Roll","Flying Knee","Bane","Die Die Die","Acrobatics","Noxious Fumes+1","Outmaneuver","Burst+1","Sucker Punch","Prepared","Quick Slash","Die Die Die","PiercingWail+1","Die Die Die","Dodge and Roll+1","Footwork","Caltrops","Metamorphosis+1","Phantasmal Killer","Wraith Form v2","Dodge and Roll","Infinite Blades","PiercingWail","Discovery","Panache","Cloak And Dagger+1","Dodge and Roll","Deadly Poison+1","Malaise","Bouncing Flask","Tools of the Trade","Well Laid Plans","Sadistic Nature","Dark Shackles","Deadly Poison","Expertise","Poisoned Stab","Slice","Distraction"],"relics":["Ring of the Serpent","FaceOfCleric","Mango","Bottled Lightning","CeramicFish","Coffee Dripper","Gremlin Horn","Potion Belt","War Paint","Mummified Hand","Bag of Preparation","Ornamental Fan","Meat on the Bone","Old Coin","Vajra","Pear","Membership Card","Shuriken","Boot","Art of War"],"acts_visited":["Exordium","TheCity","TheBeyond","TheEnding"],"potions_floor_usage":[42,46,47,50,55,55,55],"damage_taken":[{"damage":0.0,"enemies":"Jaw Worm","floor":1.0,"turns":5.0},{"damage":0.0,"enemies":"Cultist","floor":3.0,"turns":3.0},{"damage":3.0,"enemies":"2 Louse","floor":4.0,"turns":3.0},{"damage":1.0,"enemies":"Red Slaver","floor":5.0,"turns":5.0},{"damage":2.0,"enemies":"Gremlin Nob","floor":7.0,"turns":3.0},{"damage":4.0,"enemies":"2 Fungi Beasts","floor":10.0,"turns":3.0},{"damage":5.0,"enemies":"3 Sentries","floor":11.0,"turns":9.0},{"damage":5.0,"enemies":"Gremlin Gang","floor":12.0,"turns":3.0},{"damage":8.0,"enemies":"Exordium Thugs","floor":14.0,"turns":5.0},{"damage":10.0,"enemies":"Hexaghost","floor":16.0,"turns":7.0},{"damage":1.0,"enemies":"3 Byrds","floor":18.0,"turns":4.0},{"damage":0.0,"enemies":"Chosen","floor":20.0,"turns":4.0},{"damage":6.0,"enemies":"Snecko","floor":21.0,"turns":4.0},{"damage":30.0,"enemies":"Chosen and Byrds","floor":22.0,"turns":5.0},{"damage":9.0,"enemies":"Slavers","floor":23.0,"turns":2.0},{"damage":2.0,"enemies":"Book of Stabbing","floor":25.0,"turns":5.0},{"damage":0.0,"enemies":"Gremlin Leader","floor":28.0,"turns":5.0},{"damage":2.0,"enemies":"Snake Plant","floor":29.0,"turns":4.0},{"damage":15.0,"enemies":"Sentry and Sphere","floor":31.0,"turns":5.0},{"damage":0.0,"enemies":"Collector","floor":33.0,"turns":6.0},{"damage":0.0,"enemies":"3 Darklings","floor":35.0,"turns":3.0},{"damage":6.0,"enemies":"3 Shapes","floor":37.0,"turns":4.0},{"damage":15,"enemies":"Writhing Mass","floor":39,"turns":7},{"damage":2,"enemies":"Nemesis","floor":40,"turns":7},{"damage":0,"enemies":"3 Darklings","floor":41,"turns":3},{"damage":24,"enemies":"Giant Head","floor":42,"turns":8},{"damage":11,"enemies":"Nemesis","floor":44,"turns":7},{"damage":44,"enemies":"Reptomancer","floor":46,"turns":5},{"damage":0,"enemies":"Transient","floor":47,"turns":5},{"damage":3,"enemies":"Giant Head","floor":48,"turns":7},{"damage":36,"enemies":"Time Eater","floor":50,"turns":11},{"damage":6,"enemies":"Shield and Spear","floor":54,"turns":5},{"damage":82,"enemies":"The Heart","floor":55,"turns":9}],"seed_played":"-4858940929273936384","potions_obtained":[{"floor":3.0,"key":"ColorlessPotion"},{"floor":7.0,"key":"DuplicationPotion"},{"floor":10.0,"key":"Fire Potion"},{"floor":12.0,"key":"Strength Potion"},{"floor":22.0,"key":"SneckoOil"},{"floor":25.0,"key":"Poison Potion"},{"floor":28.0,"key":"Strength Potion"},{"floor":33.0,"key":"LiquidMemories"},{"floor":39,"key":"BlessingOfTheForge"},{"floor":40,"key":"AttackPotion"},{"floor":41,"key":"FairyPotion"},{"floor":42,"key":"EssenceOfSteel"},{"floor":47,"key":"SteroidPotion"}],"is_trial":false,"path_per_floor":["M","?","M","M","M","R","E","R","T","M","E","M","$","M","R","B",null,"M","?","M","M","M","E","R","E","T","?","E","M","$","M","R","B",null,"M","$","M","?","M","E","M","E","T","E","?","E","M","E","R","B",null,"R","$","E","B",null],"character_chosen":"THE_SILENT","items_purchased":["Noxious Fumes","Caltrops","Metamorphosis","Mummified Hand","Infinite Blades","Membership Card","Shuriken","Well Laid Plans","Sadistic Nature","Dark Shackles","Deadly Poison","LiquidBronze","AttackPotion","Boot","Expertise","Poisoned Stab","Slice"],"campfire_rested":0,"item_purchase_floors":[13,30,30,36,36,53,53,53,53,53,53,53,53,53,53,53,53],"current_hp_per_floor":[63,63,64,62,62,62,75,75,75,72,68,64,64,57,57,48,86,86,86,87,82,53,45,45,44,44,26,27,26,26,12,12,13,101,102,102,97,87,73,72,73,50,50,52,52,21,34,54,54,31,122,122,122,117,48],"gold":314,"neow_bonus":"RANDOM_COLORLESS_2","is_daily":false,"chose_seed":false,"campfire_upgraded":6,"win_rate":0.0,"timestamp":1612444660,"path_taken":["M","?","M","M","M","R","E","R","T","M","E","M","$","M","R","BOSS","M","?","M","M","?","E","R","E","T","?","E","M","$","M","R","BOSS","M","$","M","?","M","E","M","E","T","E","?","E","M","E","R","BOSS","R","$","E","BOSS"],"items_purchased_type":["Card","Card","Card","Relic","Card","Relic","Relic","Card","Card","Card","Card","Potion","Potion","Relic","Card","Card","Card"],"build_version":"2020-12-22","purchased_purges":3,"victory":true,"max_hp_per_floor":[63,63,64,65,66,66,81,81,81,82,83,84,84,85,85,86,86,87,87,88,89,90,91,91,92,92,97,98,99,99,100,100,101,101,102,102,103,103,104,105,106,107,107,108,108,109,110,121,121,122,122,122,122,123,124],"relic_stats":{"Gremlin Horn":[17,17],"counters":[33,171],"CeramicFish":324,"Bag of Preparation":[18],"War Paint":["Defend_G","Deadly Poison"],"Boot":[2],"FaceOfCleric":32,"Mummified Hand":[64],"Ornamental Fan":[64],"Shuriken":[5],"Art of War":[1],"obtain_stats":[{"Potion Belt":25,"Pear":48,"Gremlin Horn":23,"CeramicFish":11,"Vajra":46,"Mango":7,"Bag of Preparation":40,"War Paint":28,"Boot":53,"Old Coin":44,"FaceOfCleric":2,"Mummified Hand":36,"Ornamental Fan":42,"Shuriken":53,"Coffee Dripper":17,"Art of War":54,"Bottled Lightning":9,"Membership Card":53,"Ring of the Serpent":34,"Ring of the Snake":0,"Meat on the Bone":43},{"Potion Belt":16,"Pear":30,"Gremlin Horn":15,"CeramicFish":7,"Vajra":28,"Mango":5,"Bag of Preparation":24,"War Paint":17,"Boot":31,"Old Coin":27,"FaceOfCleric":1,"Mummified Hand":21,"Ornamental Fan":26,"Shuriken":31,"Coffee Dripper":10,"Art of War":32,"Bottled Lightning":5,"Membership Card":31,"Ring of the Serpent":20,"Ring of the Snake":0,"Meat on the Bone":26},{"Potion Belt":70,"Pear":146,"Gremlin Horn":65,"CeramicFish":31,"Vajra":134,"Mango":19,"Bag of Preparation":111,"War Paint":75,"Boot":157,"Old Coin":129,"FaceOfCleric":5,"Mummified Hand":93,"Ornamental Fan":122,"Shuriken":157,"Coffee Dripper":46,"Art of War":162,"Bottled Lightning":19,"Membership Card":157,"Ring of the Serpent":90,"Ring of the Snake":0,"Meat on the Bone":122}],"Meat on the Bone":72},"card_choices":[{"not_picked":["Metamorphosis","Secret Technique"],"picked":"Apotheosis","floor":0.0},{"not_picked":["Prepared","Underhanded Strike"],"picked":"Deadly Poison","floor":1.0},{"not_picked":["Flying Knee","Dagger Spray"],"picked":"Deadly Poison","floor":3.0},{"not_picked":["Slice","Acrobatics"],"picked":"Backflip","floor":4.0},{"not_picked":["Bane","Outmaneuver"],"picked":"Dodge and Roll","floor":5.0},{"not_picked":["Tactician","Accuracy"],"picked":"Flying Knee","floor":7.0},{"not_picked":["Sucker Punch","Underhanded Strike"],"picked":"Bane","floor":10.0},{"not_picked":["Tactician","Dash"],"picked":"Die Die Die","floor":11.0},{"not_picked":["Prepared","All Out Attack"],"picked":"Acrobatics","floor":12.0},{"not_picked":["Concentrate","Choke"],"picked":"Outmaneuver","floor":14.0},{"not_picked":["Malaise","Phantasmal Killer"],"picked":"Burst","floor":16.0},{"not_picked":["Choke","Backstab"],"picked":"Sucker Punch","floor":18.0},{"not_picked":["Deflect+1","Acrobatics"],"picked":"Prepared","floor":20.0},{"not_picked":["Outmaneuver","Prepared+1"],"picked":"Quick Slash","floor":21.0},{"not_picked":["Slice+1","Flechettes"],"picked":"Die Die Die","floor":22.0},{"not_picked":["Poisoned Stab","Deflect"],"picked":"PiercingWail+1","floor":23.0},{"not_picked":["Sucker Punch","Deflect+1"],"picked":"Die Die Die","floor":25.0},{"not_picked":["Poisoned Stab","Sucker Punch"],"picked":"Dodge and Roll+1","floor":28.0},{"not_picked":["Noxious Fumes+1","Bane"],"picked":"Footwork","floor":29.0},{"not_picked":["Dagger Spray+1","Sucker Punch"],"picked":"Phantasmal Killer","floor":31.0},{"not_picked":["Bullet Time","Grand Finale"],"picked":"Wraith Form v2","floor":33.0},{"not_picked":["Setup+1","Calculated Gamble"],"picked":"Dodge and Roll","floor":35.0},{"not_picked":["Slice","Infinite Blades"],"picked":"PiercingWail","floor":37.0},{"not_picked":["The Bomb","Mind Blast"],"picked":"Discovery","floor":38.0},{"not_picked":["Swift Strike","Impatience"],"picked":"Panache","floor":38.0},{"not_picked":["Dagger Spray","Sucker Punch+1"],"picked":"Cloak And Dagger+1","floor":39},{"not_picked":["Outmaneuver","Slice","Concentrate"],"picked":"SKIP","floor":40},{"not_picked":["Finisher","Prepared+1"],"picked":"Dodge and Roll","floor":41},{"not_picked":["Poisoned Stab","Slice+1"],"picked":"Deadly Poison+1","floor":42},{"not_picked":["Deadly Poison","Backflip+1"],"picked":"Malaise","floor":44},{"not_picked":["Slice","Concentrate+1","Underhanded Strike"],"picked":"SKIP","floor":46},{"not_picked":["Bane","All Out Attack+1"],"picked":"Bouncing Flask","floor":47},{"not_picked":["Dagger Spray+1","Eviscerate+1"],"picked":"Tools of the Trade","floor":48},{"not_picked":["Dagger Spray+1","Cloak And Dagger"],"picked":"Distraction","floor":54}],"player_experience":1133716,"relics_obtained":[{"floor":7.0,"key":"Mango"},{"floor":9.0,"key":"Bottled Lightning"},{"floor":11.0,"key":"CeramicFish"},{"floor":23.0,"key":"Gremlin Horn"},{"floor":25.0,"key":"Potion Belt"},{"floor":28.0,"key":"War Paint"},{"floor":40,"key":"Bag of Preparation"},{"floor":42,"key":"Ornamental Fan"},{"floor":43,"key":"Meat on the Bone"},{"floor":44,"key":"Old Coin"},{"floor":46,"key":"Vajra"},{"floor":48,"key":"Pear"},{"floor":54,"key":"Art of War"}],"event_choices":[{"damage_healed":0.0,"max_hp_gain":0.0,"max_hp_loss":0.0,"gold_gain":0.0,"event_name":"FaceTrader","player_choice":"Trade","floor":2.0,"gold_loss":0.0,"damage_taken":0.0,"relics_obtained":["FaceOfCleric"]},{"damage_healed":0.0,"max_hp_gain":0.0,"max_hp_loss":0.0,"gold_gain":0.0,"event_name":"The Joust","player_choice":"Bet on Owner","floor":19.0,"gold_loss":50.0,"damage_taken":0.0},{"damage_healed":0.0,"max_hp_gain":5.0,"max_hp_loss":0.0,"gold_gain":0.0,"event_name":"Forgotten Altar","player_choice":"Shed Blood","floor":27.0,"gold_loss":0.0,"damage_taken":23.0},{"damage_healed":0.0,"max_hp_gain":0.0,"max_hp_loss":0.0,"gold_gain":0.0,"event_name":"SensoryStone","player_choice":"Memory 3","floor":38.0,"gold_loss":0.0,"damage_taken":10.0},{"damage_healed":0,"gold_gain":300,"player_choice":"Gold","damage_taken":0,"max_hp_gain":0,"max_hp_loss":0,"event_name":"Wheel of Change","floor":45,"gold_loss":0}],"is_beta":false,"boss_relics":[{"not_picked":["Busted Crown","Velvet Choker"],"picked":"Coffee Dripper"},{"not_picked":["Sozu","Empty Cage"],"picked":"Ring of the Serpent"}],"items_purged_floors":[13,30,53],"is_endless":false,"potions_floor_spawned":[3,7,10,12,22,25,28,33,39,40,41,42,47],"ascension_level":3}}