{"host":"qrbkigq52dd42dk0","time":1612475657,"event":{"mods":["AchievementEnabler","BaseMod","Colored Map","Colored Powertips","Minty Spire (QoL Compilation)","Morshu Shopkeeper - ENHANCED","Quick Restart","StSLib","SuperFastMode","The IronCluck"],"gold_per_floor":[117,117,130,78,94,94,123,135,162,162,35,61,61,77,77,151,151,162,181,106,117,130,130,130,55,82,82,99,114,114,146,158,244,256,280,341,353,365,73,73,106,106,133,147,166,199,199,199],"floor_reached":47,"language":"ENG","playtime":2789,"items_purged":["Strike_R","Strike_R"],"score":913,"play_id":"f76d2d65-e510-4d4d-95da-a75fdf3cba0d","local_time":"20210204225417","is_ascension_mode":true,"campfire_choices":[{"data":"Armaments","floor":6,"key":"SMITH"},{"data":"Demon Form","floor":10,"key":"SMITH"},{"floor":15,"key":"REST"},{"floor":23,"key":"REST"},{"floor":27,"key":"RECALL"},{"data":"Feed","floor":30,"key":"SMITH"},{"floor":32,"key":"REST"},{"floor":40,"key":"REST"}],"circlet_count":0,"master_deck":["AscendersBane","Strike_R","Strike_R","Defend_R","Defend_R","Defend_R","Defend_R","Bash","Feed+1","Armaments+1","Shrug It Off","Demon Form+1","Pommel Strike","Spot Weakness+1","True Grit+1","Heavy Blade+1","Offering+1","Burning Pact+1","Seeing Red+1","Double Tap+1","Battle Trance+1","Panacea+1","True Grit+1","Disarm+1","Demon Form"],"relics":["Burning Blood","Torii","Regal Pillow","Toxic Egg 2","Anchor","Toy Ornithopter","Sozu","Vajra","MawBank","Fusion Hammer","Du-Vu Doll","Chemical X","FossilizedHelix","Nunchaku"],"acts_visited":["Exordium","TheCity","TheBeyond"],"potions_floor_usage":[12,16,18,35],"damage_taken":[{"damage":1,"enemies":"Cultist","floor":1,"turns":4},{"damage":6,"enemies":"2 Louse","floor":3,"turns":4},{"damage":0,"enemies":"Small Slimes","floor":5,"turns":3},{"damage":37,"enemies":"3 Sentries","floor":7,"turns":13},{"damage":1,"enemies":"Red Slaver","floor":8,"turns":5},{"damage":44,"enemies":"Gremlin Nob","floor":12,"turns":5},{"damage":5,"enemies":"Gremlin Gang","floor":14,"turns":5},{"damage":39,"enemies":"The Guardian","floor":16,"turns":12},{"damage":8,"enemies":"2 Thieves","floor":18,"turns":3},{"damage":11,"enemies":"3 Byrds","floor":19,"turns":6},{"damage":34,"enemies":"Snecko","floor":21,"turns":5},{"damage":16,"enemies":"Snake Plant","floor":22,"turns":4},{"damage":19,"enemies":"Sentry and Sphere","floor":28,"turns":5},{"damage":6,"enemies":"Centurion and Healer","floor":29,"turns":4},{"damage":71,"enemies":"Book of Stabbing","floor":31,"turns":7},{"damage":34,"enemies":"Collector","floor":33,"turns":8},{"damage":8,"enemies":"3 Darklings","floor":35,"turns":5},{"damage":71,"enemies":"2 Orb Walkers","floor":36,"turns":5},{"damage":66,"enemies":"Nemesis","floor":41,"turns":7},{"damage":0,"enemies":"3 Shapes","floor":44,"turns":4},{"damage":0,"enemies":"3 Darklings","floor":45,"turns":4},{"damage":53,"enemies":"Reptomancer","floor":46,"turns":6},{"damage":15,"enemies":"Transient","floor":47,"turns":4}],"seed_played":"-1157034166861999055","potions_obtained":[{"floor":8,"key":"Explosive Potion"},{"floor":12,"key":"Swift Potion"},{"floor":14,"key":"Energy Potion"},{"floor":16,"key":"Strength Potion"}],"is_trial":false,"path_per_floor":["M","T","M","?","M","R","E","M","T","R","$","E","?","M","R","B",null,"M","M","?","M","M","R","?","$","T","R","M","M","R","E","R","B",null,"M","?","?","?","$","R","E","?","T","M","M","E","M"],"character_chosen":"IRONCLAD","items_purchased":["Spot Weakness+1","True Grit+1","Chemical X","True Grit+1"],"campfire_rested":4,"item_purchase_floors":[11,11,39,39],"current_hp_per_floor":[80,80,83,83,89,89,62,67,67,67,67,29,29,33,76,48,84,87,86,86,62,52,98,98,98,98,98,88,92,92,27,75,47,95,98,33,33,97,97,97,41,41,41,51,57,10,0,0],"gold":199,"neow_bonus":"ONE_RANDOM_RARE_CARD","is_daily":false,"chose_seed":false,"campfire_upgraded":3,"win_rate":0.0,"timestamp":1612475657,"path_taken":["M","?","M","?","M","R","E","?","T","R","$","E","?","?","R","BOSS","M","?","?","M","M","R","?","$","T","R","?","M","R","E","R","BOSS","M","?","?","?","$","R","E","?","T","M","?","E","M"],"items_purchased_type":["Card","Card","Relic","Card"],"build_version":"2020-12-22","purchased_purges":2,"victory":false,"max_hp_per_floor":[83,83,86,86,89,89,93,93,93,93,93,93,93,96,96,96,96,96,100,100,104,104,104,104,104,104,104,107,111,111,111,111,111,111,111,111,111,97,97,97,101,96,96,100,100,100,100,100],"card_choices":[{"not_picked":["Warcry","Anger"],"picked":"Armaments","floor":1},{"not_picked":["Warcry","Armaments","Second Wind"],"picked":"SKIP","floor":3},{"not_picked":["Flex","Disarm"],"picked":"Shrug It Off","floor":5},{"not_picked":["Second Wind+1","Warcry+1"],"picked":"Demon Form","floor":7},{"not_picked":["Twin Strike","Cleave"],"picked":"Pommel Strike","floor":8},{"not_picked":["Carnage","Iron Wave"],"picked":"Heavy Blade","floor":12},{"not_picked":["Pommel Strike","True Grit+1","Clash"],"picked":"SKIP","floor":14},{"not_picked":["Juggernaut","Exhume+1"],"picked":"Offering+1","floor":16},{"not_picked":["Wild Strike","Thunderclap","Feel No Pain+1"],"picked":"SKIP","floor":18},{"not_picked":["Evolve","Body Slam"],"picked":"Burning Pact+1","floor":19},{"not_picked":["Headbutt","Shockwave+1","Warcry+1"],"picked":"SKIP","floor":21},{"not_picked":["Body Slam","Anger","Twin Strike"],"picked":"SKIP","floor":22},{"not_picked":["Evolve+1","Clash+1","Clothesline"],"picked":"SKIP","floor":28},{"not_picked":["Clash","Headbutt","Dual Wield+1"],"picked":"SKIP","floor":29},{"not_picked":["Rupture","Offering+1"],"picked":"Seeing Red+1","floor":31},{"not_picked":["Juggernaut","Brutality"],"picked":"Double Tap+1","floor":33},{"not_picked":["Whirlwind","Anger"],"picked":"Battle Trance+1","floor":35},{"not_picked":["Forethought+1","Dramatic Entrance"],"picked":"Panacea+1","floor":37},{"not_picked":["Sword Boomerang+1","Impervious+1"],"picked":"Disarm+1","floor":41},{"not_picked":["Burning Pact+1","Armaments+1","Warcry+1"],"picked":"SKIP","floor":44},{"not_picked":["Second Wind+1","Body Slam","Dropkick"],"picked":"SKIP","floor":45},{"not_picked":["Ghostly Armor+1","Twin Strike"],"picked":"Demon Form","floor":46}],"player_experience":206262,"relics_obtained":[{"floor":2,"key":"Torii"},{"floor":7,"key":"Toxic Egg 2"},{"floor":9,"key":"Anchor"},{"floor":12,"key":"Toy Ornithopter"},{"floor":26,"key":"Vajra"},{"floor":31,"key":"MawBank"},{"floor":36,"key":"Du-Vu Doll"},{"floor":41,"key":"FossilizedHelix"},{"floor":46,"key":"Nunchaku"}],"event_choices":[{"damage_healed":0,"gold_gain":0,"player_choice":"Paid Gold","damage_taken":0,"relics_obtained":["Regal Pillow"],"max_hp_gain":0,"max_hp_loss":0,"event_name":"WeMeetAgain","floor":4,"gold_loss":52},{"damage_healed":0,"gold_gain":0,"player_choice":"Upgraded","damage_taken":0,"max_hp_gain":0,"max_hp_loss":0,"event_name":"Upgrade Shrine","floor":13,"gold_loss":0,"cards_upgraded":["Heavy Blade"]},{"cards_removed":["Strike_R"],"damage_healed":0,"gold_gain":0,"player_choice":"Gave Gold","damage_taken":0,"max_hp_gain":0,"max_hp_loss":0,"event_name":"Beggar","floor":20,"gold_loss":75},{"damage_healed":0,"gold_gain":0,"player_choice":"Bought 0 Potions","damage_taken":0,"max_hp_gain":0,"max_hp_loss":0,"event_name":"The Woman in Blue","floor":24,"gold_loss":0},{"damage_healed":0,"gold_gain":0,"player_choice":"Fight","damage_taken":0,"max_hp_gain":0,"max_hp_loss":0,"event_name":"Mysterious Sphere","floor":36,"gold_loss":0},{"damage_healed":0,"gold_gain":0,"player_choice":"Memory 1","damage_taken":0,"max_hp_gain":0,"max_hp_loss":0,"event_name":"SensoryStone","floor":37,"gold_loss":0},{"damage_healed":97,"gold_gain":0,"player_choice":"Heal","damage_taken":0,"max_hp_gain":0,"max_hp_loss":14,"event_name":"The Moai Head","floor":38,"gold_loss":0},{"damage_healed":0,"gold_gain":0,"player_choice":"Max HP","damage_taken":0,"max_hp_gain":0,"max_hp_loss":5,"event_name":"Winding Halls","floor":42,"gold_loss":0}],"is_beta":false,"boss_relics":[{"not_picked":["SlaversCollar","Runic Pyramid"],"picked":"Sozu"},{"not_picked":["Runic Cube","Busted Crown"],"picked":"Fusion Hammer"}],"items_purged_floors":[25,39],"is_endless":false,"potions_floor_spawned":[8,12,14,16,18,22,28,29,35,44,45],"killed_by":"Transient","ascension_level":13}}