{"host":"djoj10dqzzvtkauc","time":1612473898,"event":{"mods":["2.2 Compatiblity","BaseMod","Colored Map","DeckTracker","Highlight Path","Keyboard Shortcuts","Marisa£¨Ùöéë¡¡Øª×âÞÞ£©","Minty Spire (QoL Compilation)","Permanent Neow","Quick Restart","Random Character Button","StSLib","SuperFastMode","everything is the same but u backflip on backflip"],"gold_per_floor":[115,134,151,162,175,175,175,175,201,211,55,55,78,112,112,243,243,267,366,94,117,142,142,142],"floor_reached":23,"language":"KOR","playtime":978,"items_purged":["Defend_G"],"score":193,"play_id":"4749cbaa-61d2-4b7c-98d1-e48d7c885d15","local_time":"20210205062458","is_ascension_mode":false,"campfire_choices":[{"data":"Footwork","floor":6,"key":"SMITH"},{"data":"Prepared","floor":8,"key":"SMITH"},{"data":"Skewer","floor":15,"key":"SMITH"}],"circlet_count":0,"master_deck":["Strike_G","Strike_G","Strike_G","Strike_G","Strike_G","Defend_G","Defend_G","Defend_G","Defend_G","Survivor","Neutralize","Footwork+1","Deflect","Reflex","PiercingWail","Prepared+1","Acrobatics","Footwork","Injury","Skewer+1","Underhanded Strike","Tools of the Trade","CurseOfTheBell","Dagger Throw","Well Laid Plans","Backflip","Prepared"],"relics":["Ring of the Snake","Toy Ornithopter","Tiny Chest","Golden Idol","Dream Catcher","Calling Bell","Orichalcum","Kunai","Torii","Lantern","Bronze Scales"],"acts_visited":["Exordium","TheCity"],"potions_floor_usage":[13,14,16,16],"damage_taken":[{"damage":0,"enemies":"Small Slimes","floor":1,"turns":3},{"damage":4,"enemies":"Cultist","floor":2,"turns":5},{"damage":0,"enemies":"2 Louse","floor":3,"turns":4},{"damage":5,"enemies":"2 Fungi Beasts","floor":4,"turns":6},{"damage":8,"enemies":"Large Slime","floor":5,"turns":13},{"damage":0,"enemies":"Blue Slaver","floor":10,"turns":6},{"damage":0,"enemies":"Looter","floor":13,"turns":5},{"damage":25,"enemies":"3 Sentries","floor":14,"turns":12},{"damage":25,"enemies":"The Guardian","floor":16,"turns":17},{"damage":5,"enemies":"Shell Parasite","floor":18,"turns":9},{"damage":17,"enemies":"Chosen","floor":21,"turns":6},{"damage":50,"enemies":"Slavers","floor":23,"turns":6}],"seed_played":"5118465358196952010","potions_obtained":[{"floor":1,"key":"Block Potion"},{"floor":3,"key":"Regen Potion"},{"floor":4,"key":"FearPotion"},{"floor":13,"key":"Dexterity Potion"},{"floor":16,"key":"Ancient Potion"}],"is_trial":false,"path_per_floor":["M","M","M","M","M","R","?","R","T","M","$","?","M","E","R","B",null,"M","?","$","M","T","E"],"character_chosen":"THE_SILENT","items_purchased":["Footwork","Well Laid Plans","Backflip","Lantern"],"campfire_rested":0,"item_purchase_floors":[11,20,20,20],"current_hp_per_floor":[70,66,66,61,53,53,53,53,53,53,53,53,58,53,53,38,70,65,65,65,48,48,0,0],"gold":142,"neow_bonus":"RANDOM_COMMON_RELIC","is_daily":false,"chose_seed":false,"campfire_upgraded":3,"win_rate":0.0,"timestamp":1612473898,"path_taken":["M","M","M","M","M","R","?","R","T","M","?","?","M","E","R","BOSS","M","?","$","M","?","E"],"items_purchased_type":["Card","Card","Card","Relic"],"build_version":"2020-12-22","purchased_purges":1,"victory":false,"max_hp_per_floor":[70,70,70,70,70,70,70,70,70,70,70,70,70,70,70,70,70,70,70,70,70,70,70,70],"card_choices":[{"not_picked":["Cloak And Dagger","Quick Slash"],"picked":"Footwork","floor":1},{"not_picked":["Caltrops","Predator"],"picked":"Deflect","floor":2},{"not_picked":["Outmaneuver","Choke"],"picked":"Reflex","floor":3},{"not_picked":["Slice","Riddle With Holes"],"picked":"PiercingWail","floor":4},{"not_picked":["Cloak And Dagger","Bane"],"picked":"Prepared","floor":5},{"not_picked":["Terror","Blade Dance"],"picked":"Acrobatics","floor":10},{"not_picked":["Quick Slash","Crippling Poison"],"picked":"Skewer","floor":13},{"not_picked":["Sucker Punch","After Image"],"picked":"Underhanded Strike","floor":14},{"not_picked":["Doppelganger","Bullet Time"],"picked":"Tools of the Trade","floor":16},{"not_picked":["Acrobatics","Caltrops"],"picked":"Dagger Throw","floor":18},{"not_picked":["Deadly Poison","Backflip"],"picked":"Prepared","floor":21}],"player_experience":170855,"relics_obtained":[{"floor":9,"key":"Tiny Chest"},{"floor":14,"key":"Dream Catcher"},{"floor":17,"key":"Orichalcum"},{"floor":17,"key":"Kunai"},{"floor":17,"key":"Torii"},{"floor":22,"key":"Bronze Scales"}],"event_choices":[{"damage_healed":0,"gold_gain":0,"player_choice":"Bought 0 Potions","damage_taken":0,"max_hp_gain":0,"max_hp_loss":0,"event_name":"The Woman in Blue","floor":7,"gold_loss":0},{"damage_healed":0,"gold_gain":0,"player_choice":"Take Wound","damage_taken":0,"relics_obtained":["Golden Idol"],"max_hp_gain":0,"max_hp_loss":0,"event_name":"Golden Idol","floor":12,"gold_loss":0,"cards_obtained":["Injury"]},{"damage_healed":0,"gold_gain":99,"player_choice":"Stole From Cult","damage_taken":0,"max_hp_gain":0,"max_hp_loss":0,"event_name":"Nest","floor":19,"gold_loss":0}],"is_beta":false,"boss_relics":[{"not_picked":["Black Star","Sozu"],"picked":"Calling Bell"}],"items_purged_floors":[11],"is_endless":false,"potions_floor_spawned":[1,3,4,5,13,16],"killed_by":"Slavers","ascension_level":0}}