{"host":"bcxgpd1eu8czocm9","time":1612443223,"event":{"mods":["BaseMod","Downfall","Minty Spire (QoL Compilation)","Quick Restart","Replay The Spire","Spicy Shops","StSLib","¡¾ÒÅÎï¿¨ÅÆ¡¿REMEMod"],"gold_per_floor":[117,137,149,149,149,184,205,205,205,271,320,320,367,416,416,550,550,575,16,38,54,68,124,124,124,160,182,209,215,215],"floor_reached":29,"language":"ZHS","playtime":1409,"items_purged":["Defend_P"],"score":259,"play_id":"5af3aa59-fe4e-496e-bcdd-926fdaf94ae3","local_time":"20210204205343","is_ascension_mode":false,"campfire_choices":[{"floor":8,"key":"REST"},{"data":"Vault","floor":15,"key":"SMITH"}],"circlet_count":0,"master_deck":["Strike_P","Strike_P","Strike_P","Defend_P","Defend_P","Eruption","Vigilance","After Image+1","Replay:Hum","EmptyFist","Replay:Vibes","Vault+1","Consecrate","Replay:DivineShield","FollowUp","Alpha","Wallop+1","REME_TheoryOfElimination","Tantrum","FlurryOfBlows"],"relics":["HolyWater","REME_ComplimentaryCards","Golden Idol","InkBottle","REME_ArchaeologicalTools","Pantograph","REME_CardOfGreed","hexamod:BolsterEngine","Damaru","Red Mask","Ancient Tea Set"],"acts_visited":["Exordium","TheCity"],"potions_floor_usage":[11],"damage_taken":[{"damage":0,"enemies":"2 Louse","floor":1,"turns":2},{"damage":3,"enemies":"Jaw Worm","floor":2,"turns":3},{"damage":1,"enemies":"Cultist","floor":3,"turns":4},{"damage":19,"enemies":"Replay:BlueRogue","floor":6,"turns":5},{"damage":7,"enemies":"3 Louse","floor":7,"turns":2},{"damage":0,"enemies":"Lots of Slimes","floor":10,"turns":3},{"damage":13,"enemies":"Large Slime","floor":11,"turns":3},{"damage":0,"enemies":"3 Louse","floor":13,"turns":5},{"damage":4,"enemies":"Gremlin Nob","floor":14,"turns":3},{"damage":34,"enemies":"The Guardian","floor":16,"turns":10},{"damage":2,"enemies":"Spheric Guardian","floor":18,"turns":5},{"damage":0,"enemies":"2 Thieves","floor":20,"turns":3},{"damage":0,"enemies":"Centurion and Healer","floor":21,"turns":4},{"damage":0,"enemies":"3 Cultists","floor":22,"turns":4},{"damage":19,"enemies":"Slavers","floor":23,"turns":5},{"damage":12,"enemies":"Masked Bandits","floor":26,"turns":4},{"damage":26,"enemies":"Shelled Parasite and Fungi","floor":27,"turns":5},{"damage":13,"enemies":"Replay:Snechameleon","floor":29,"turns":4}],"seed_played":"-1114626170568238972","potions_obtained":[{"floor":2,"key":"champ:CounterPotion"},{"floor":10,"key":"PowerPotion"},{"floor":11,"key":"Fire Potion"},{"floor":13,"key":"SpeedPotion"}],"is_trial":false,"path_per_floor":["M","M","M","?","?","E","M","R","T","M","M","?","M","E","R","B",null,"M","$","M","M","M","E","PTL","PTL","?","M","T","E"],"character_chosen":"WATCHER","items_purchased":["REME_TheoryOfElimination","REME_CardOfGreed","hexamod:BolsterEngine"],"campfire_rested":1,"item_purchase_floors":[19,19,19],"current_hp_per_floor":[72,69,68,50,50,31,24,45,45,45,32,32,32,28,28,19,72,70,70,70,70,70,51,51,51,39,13,13,0,0],"gold":215,"neow_bonus":"REMOVE_CARD","is_daily":false,"chose_seed":false,"campfire_upgraded":1,"win_rate":0.0,"timestamp":1612443223,"path_taken":["M","M","M","?","?","E","M","R","T","?","M","?","M","E","R","BOSS","M","$","M","?","M","E","PTL","PTL","?","M","T","E"],"items_purchased_type":["Card","Relic","Relic"],"build_version":"2020-12-22","purchased_purges":1,"victory":false,"max_hp_per_floor":[72,72,72,72,72,72,72,72,72,72,72,72,72,72,72,72,72,72,72,72,72,72,72,72,72,72,72,72,72,72],"card_choices":[{"not_picked":["Collect","Consecrate"],"picked":"Replay:Hum","floor":1},{"not_picked":["Crescendo","Replay:BluntJabs"],"picked":"EmptyFist","floor":2},{"not_picked":["ThirdEye","EmptyFist","Replay:AtTheReady"],"picked":"SKIP","floor":3},{"not_picked":["Prostrate","Protect","CutThroughFate"],"picked":"SKIP","floor":6},{"not_picked":["Crescendo","JustLucky"],"picked":"Replay:Vibes","floor":7},{"not_picked":["REME_Repentance","Sanctity"],"picked":"Vault","floor":10},{"not_picked":["DeceiveReality","CutThroughFate"],"picked":"Consecrate","floor":11},{"not_picked":["ThirdEye","PathToVictory"],"picked":"Replay:DivineShield","floor":13},{"not_picked":["Sanctity","FlurryOfBlows"],"picked":"FollowUp","floor":14},{"not_picked":["Establishment","ConjureBlade"],"picked":"Alpha","floor":16},{"not_picked":["EmptyFist+1","SashWhip"],"picked":"Wallop+1","floor":18},{"not_picked":["JustLucky","WreathOfFlame","CutThroughFate"],"picked":"SKIP","floor":20},{"not_picked":["Prostrate","CutThroughFate","REME_Repentance+1"],"picked":"SKIP","floor":21},{"not_picked":["REME_Repentance","WaveOfTheHand"],"picked":"Tantrum","floor":22},{"not_picked":["ConjureBlade","Worship"],"picked":"FlurryOfBlows","floor":23},{"not_picked":["Collect","FollowUp","Sanctity+1"],"picked":"SKIP","floor":27}],"player_experience":438265,"relics_obtained":[{"floor":6,"key":"InkBottle"},{"floor":9,"key":"REME_ArchaeologicalTools"},{"floor":14,"key":"Pantograph"},{"floor":23,"key":"Damaru"},{"floor":26,"key":"Red Mask"},{"floor":28,"key":"Ancient Tea Set"}],"event_choices":[{"damage_healed":0,"gold_gain":0,"player_choice":"Take Damage","damage_taken":18,"relics_obtained":["Golden Idol"],"max_hp_gain":0,"max_hp_loss":0,"event_name":"Golden Idol","floor":4,"gold_loss":0},{"damage_healed":0,"gold_gain":0,"player_choice":"Forge","damage_taken":0,"max_hp_gain":0,"max_hp_loss":0,"event_name":"Accursed Blacksmith","floor":5,"gold_loss":0,"cards_upgraded":["After Image"]},{"cards_removed":["Strike_P"],"damage_healed":0,"gold_gain":0,"player_choice":"Purged","damage_taken":0,"max_hp_gain":0,"max_hp_loss":0,"event_name":"Purifier","floor":12,"gold_loss":0},{"damage_healed":0,"gold_gain":0,"player_choice":"Fought Bandits","damage_taken":0,"max_hp_gain":0,"max_hp_loss":0,"event_name":"Masked Bandits","floor":26,"gold_loss":0}],"is_beta":false,"boss_relics":[{"not_picked":["Black Star","Calling Bell"],"picked":"HolyWater"}],"items_purged_floors":[19],"is_endless":false,"potions_floor_spawned":[2,10,11,13,18,22,26,27],"killed_by":"Replay:Snechameleon","ascension_level":0}}