{"host":"alk2ftu785mujiir","time":1612469469,"event":{"mods":["BaseMod","Colored Map","Downfall","Minty Spire (QoL Compilation)","StSLib"],"gold_per_floor":[99,113,130,130,143,158,158,158,190,203,103,103,103,13,30,127,127,127,145,157,175,192,192,262,293,293,326,326,326,336,336,349,446,446,446,460,332,352,352,352,352,379,389,408,421,456,356,60,72,72],"floor_reached":51,"language":"ENG","playtime":8142,"items_purged":["Decay","bronze:Strike","bronze:HyperBeam"],"score":866,"play_id":"b0e71207-bb5b-4a63-91ba-d2ed7f4c5136","local_time":"20210204151109","is_ascension_mode":true,"campfire_choices":[{"data":"bronze:Virus","floor":1.0,"key":"SMITH"},{"floor":8.0,"key":"REST"},{"data":"bronze:BugBarrage","floor":11.0,"key":"SMITH"},{"data":"bronze:Explode","floor":13.0,"key":"SMITH"},{"data":"bronze:Constructor","floor":18.0,"key":"SMITH"},{"data":"bronze:Iterate","floor":23.0,"key":"SMITH"},{"floor":26.0,"key":"REST"},{"data":"bronze:HardenedForm","floor":35.0,"key":"SMITH"},{"data":"bronze:Boost","floor":40.0,"key":"SMITH"},{"data":"bronze:Flail","floor":47,"key":"SMITH"}],"circlet_count":0,"master_deck":["bronze:Strike","bronze:Strike","bronze:Strike","bronze:Defend","bronze:Defend","bronze:Defend","bronze:Replicate","bronze:Goto","bronze:Virus+1","bronze:WhirlingStrike","bronze:Iterate+1","bronze:Explode+1","bronze:InfiniteLoop","bronze:Constructor+1","bronze:FineTuning","bronze:Branch","bronze:BugBarrage+1","CurseOfTheBell","CurseOfTheBell","bronze:Boost+1","bronze:OilSpill","bronze:TinkerersToolbox","bronze:Shield","bronze:Frontload","bronze:Optimize","bronze:Flail+1","bronze:HardenedForm+1","bronze:OilSpill+1","Master of Strategy","bronze:Boost+1"],"relics":["bronze:BronzeCore","HornCleat","Sundial","downfall:HeartBlessingGreen","downfall:ExtraCursedBell","Boot","Blue Candle","Du-Vu Doll","Sozu","bronze:CableSpool","Omamori","PreservedInsect","Blood Vial","downfall:KnowingSkull","expansioncontent:StudyCardRelic","Membership Card","Bag of Preparation","Nunchaku","Anchor","Pen Nib","downfall:HeartBlessingBlue","Lizard Tail","DollysMirror"],"acts_visited":["Exordium","TheCity","TheBeyond"],"potions_floor_usage":[50],"damage_taken":[{"damage":0.0,"enemies":"Cultist","floor":2.0,"turns":2.0},{"damage":5.0,"enemies":"Small Slimes","floor":3.0,"turns":2.0},{"damage":4.0,"enemies":"Small Slimes","floor":4.0,"turns":2.0},{"damage":9.0,"enemies":"2 Louse","floor":5.0,"turns":2.0},{"damage":6.0,"enemies":"Exordium Wildlife","floor":6.0,"turns":2.0},{"damage":0.0,"enemies":"Gremlin Nob","floor":9.0,"turns":3.0},{"damage":0.0,"enemies":"Blue Slaver","floor":10.0,"turns":2.0},{"damage":0.0,"enemies":"downfall:FleeingMerchant","floor":14.0,"turns":4.0},{"damage":0.0,"enemies":"Large Slime","floor":15.0,"turns":3.0},{"damage":16.0,"enemies":"WA_ARCHETYPE_RETAIN","floor":16.0,"turns":5.0},{"damage":12.0,"enemies":"Shell Parasite","floor":19.0,"turns":2.0},{"damage":0.0,"enemies":"3 Byrds","floor":20.0,"turns":4.0},{"damage":0.0,"enemies":"Snake Plant","floor":21.0,"turns":3.0},{"damage":0.0,"enemies":"Sentry and Sphere","floor":22.0,"turns":3.0},{"damage":5.0,"enemies":"Book of Stabbing","floor":25.0,"turns":6.0},{"damage":0.0,"enemies":"Slavers","floor":27.0,"turns":5.0},{"damage":1.0,"enemies":"3 Cultists","floor":30.0,"turns":3.0},{"damage":1.0,"enemies":"Centurion and Healer","floor":32.0,"turns":2.0},{"damage":31.0,"enemies":"IC_MUSHROOM_ARCHETYPE","floor":33.0,"turns":5.0},{"damage":1.0,"enemies":"3 Shapes","floor":36.0,"turns":2.0},{"damage":1.0,"enemies":"downfall:FleeingMerchant","floor":37.0,"turns":3.0},{"damage":0.0,"enemies":"3 Darklings","floor":38.0,"turns":3.0},{"damage":1.0,"enemies":"Reptomancer","floor":42.0,"turns":3.0},{"damage":1.0,"enemies":"Transient","floor":43.0,"turns":5.0},{"damage":13,"enemies":"4 Shapes","floor":44,"turns":4},{"damage":1,"enemies":"Spire Growth","floor":45,"turns":3},{"damage":1,"enemies":"Nemesis","floor":46,"turns":3},{"damage":2,"enemies":"Transient","floor":49,"turns":5},{"damage":51,"enemies":"DF_ARCHETYPE_ORBS","floor":50,"turns":7}],"seed_played":"-8437471010353153761","potions_obtained":[{"floor":2.0,"key":"bronze:CleanCodePotion"},{"floor":6.0,"key":"SpeedPotion"},{"floor":9.0,"key":"SpeedPotion"},{"floor":10.0,"key":"Block Potion"}],"is_trial":false,"path_per_floor":["R","M","M","?","M","M","T","R","E","M","R","?","R","$","M","B",null,"R","M","M","M","M","R","T","E","R","E","?","?","M","?","M","B",null,"R","M","$","M","?","R","T","E","M","M","M","E","R","$","M","B",null],"character_chosen":"THE_AUTOMATON","items_purchased":["Membership Card","Bag of Preparation","Nunchaku","Master of Strategy","Lizard Tail","DollysMirror"],"campfire_rested":2,"item_purchase_floors":[37,37,37,37,48,48],"current_hp_per_floor":[70,70,65,61,52,46,46,67,67,67,67,67,67,67,67,51,70,70,58,58,58,58,58,58,53,70,70,70,63,64,64,65,36,70,70,69,69,70,70,70,70,69,69,57,58,59,69,69,69,20],"gold":72,"neow_bonus":"ONE_RANDOM_RARE_CARD","is_daily":false,"chose_seed":false,"campfire_upgraded":8,"win_rate":0.0,"timestamp":1612469469,"path_taken":["R","M","?","?","M","M","T","R","E","M","R","?","R","$","M","BOSS","R","M","M","M","M","R","T","E","R","E","?","?","?","?","M","BOSS","BOSS","R","M","$","M","?","R","T","E","M","M","M","E","R","$","M","BOSS"],"items_purchased_type":["Relic","Relic","Relic","Card","Relic","Relic"],"build_version":"2020-12-22","purchased_purges":3,"victory":true,"max_hp_per_floor":[70,70,70,70,70,70,70,70,70,70,70,70,70,70,70,70,70,70,70,70,70,70,70,70,70,70,70,70,70,70,70,70,70,70,70,70,70,70,70,70,70,70,70,70,70,70,80,80,80,80],"card_choices":[{"not_picked":["bronze:DigitalCarnage","bronze:Deprecate"],"picked":"bronze:WhirlingStrike","floor":2.0},{"not_picked":["bronze:DigitalCarnage","bronze:Separator"],"picked":"bronze:Iterate","floor":3.0},{"not_picked":[],"picked":"bronze:Explode","floor":4.0},{"not_picked":["bronze:Overload","bronze:Deprecate"],"picked":"bronze:InfiniteLoop","floor":4.0},{"not_picked":["bronze:GetLatest","bronze:WhirlingStrike"],"picked":"bronze:Constructor","floor":5.0},{"not_picked":["bronze:Turbo","bronze:Branch"],"picked":"bronze:FineTuning","floor":6.0},{"not_picked":["bronze:DarkDash","bronze:Constructor"],"picked":"bronze:Branch","floor":9.0},{"not_picked":["bronze:Deprecate","bronze:MaxOutput"],"picked":"bronze:BugBarrage","floor":10.0},{"not_picked":["bronze:Philosophize","bronze:Branch"],"picked":"bronze:Boost","floor":14.0},{"not_picked":["bronze:BronzeArmor","bronze:CloningBeam"],"picked":"bronze:OilSpill","floor":15.0},{"not_picked":["bronze:RecursiveStrike","bronze:ThunderWave"],"picked":"bronze:TinkerersToolbox","floor":16.0},{"not_picked":["bronze:CloningBeam","bronze:Invalidate"],"picked":"bronze:Shield","floor":19.0},{"not_picked":["bronze:Iterate","bronze:FineTuning"],"picked":"bronze:Frontload","floor":20.0},{"not_picked":["bronze:Turbo+1","bronze:CutThrough+1","bronze:BronzeArmor"],"picked":"SKIP","floor":21.0},{"not_picked":["bronze:Repulsor","bronze:WildBeam"],"picked":"bronze:Optimize","floor":22.0},{"not_picked":["bronze:CutThrough","bronze:BitShift","bronze:Invalidate"],"picked":"SKIP","floor":25.0},{"not_picked":["bronze:BronzeArmor","bronze:Constructor","bronze:BuggyMess"],"picked":"SKIP","floor":27.0},{"not_picked":["bronze:ThunderWave","bronze:WildBeam","bronze:BitShift+1"],"picked":"SKIP","floor":30.0},{"not_picked":["bronze:Overheat","bronze:ForceShield"],"picked":"bronze:Flail","floor":32.0},{"not_picked":["bronze:InfiniteLoop","bronze:Virus"],"picked":"bronze:HardenedForm","floor":33.0},{"not_picked":["bronze:CutThrough+1","bronze:NullPointer"],"picked":"bronze:OilSpill+1","floor":36.0},{"not_picked":["bronze:Deprecate","bronze:DelayedSlice+1","bronze:Constructor"],"picked":"SKIP","floor":37.0},{"not_picked":["bronze:Separator+1","bronze:WildBeam","bronze:BugBarrage+1"],"picked":"SKIP","floor":38.0},{"not_picked":["bronze:WildBeam+1","bronze:Virus","bronze:FindAndReplace"],"picked":"SKIP","floor":42.0},{"not_picked":["bronze:Separator+1","bronze:DelayedGuard+1","bronze:Turbo"],"picked":"SKIP","floor":43.0},{"not_picked":["bronze:Deprecate","bronze:InfiniteBeams+1","bronze:BuggyMess+1"],"picked":"SKIP","floor":44},{"not_picked":["bronze:BitShift+1","bronze:ForceShield+1","bronze:Separator"],"picked":"SKIP","floor":45},{"not_picked":["bronze:RecursiveStrike","bronze:Deprecate","bronze:SpaghettiCode"],"picked":"SKIP","floor":46},{"not_picked":["bronze:Flail+1","bronze:DelayedGuard+1","bronze:WildBeam"],"picked":"SKIP","floor":49}],"player_experience":1803116,"relics_obtained":[{"floor":7.0,"key":"HornCleat"},{"floor":9.0,"key":"Sundial"},{"floor":12.0,"key":"Boot"},{"floor":12.0,"key":"Blue Candle"},{"floor":12.0,"key":"Du-Vu Doll"},{"floor":24.0,"key":"bronze:CableSpool"},{"floor":25.0,"key":"Omamori"},{"floor":27.0,"key":"PreservedInsect"},{"floor":42.0,"key":"Anchor"},{"floor":46,"key":"Pen Nib"}],"event_choices":[{"cards_removed":["bronze:Defend"],"damage_healed":0.0,"max_hp_gain":0.0,"max_hp_loss":0.0,"gold_gain":0.0,"event_name":"Falling","player_choice":"Removed Skill","floor":39.0,"gold_loss":0.0,"damage_taken":0.0}],"is_beta":false,"boss_relics":[{"not_picked":["Fusion Hammer","bronze:ElectromagneticCoil"],"picked":"Sozu"},{"not_picked":["Tiny House","Busted Crown"],"picked":"expansioncontent:StudyCardRelic"}],"items_purged_floors":[14,37,48],"is_endless":false,"potions_floor_spawned":[2,6,9,10,20,21,25,27,32,42,44,45,49],"ascension_level":1}}