{"host":"w01zow3jg16g8jdh","time":1612444556,"event":{"mods":["AchievementEnabler","BaseMod","DeckTracker","Keyboard Shortcuts","Minty Spire (QoL Compilation)","Permanent Neow","StSLib","SuperFastMode"],"gold_per_floor":[119,44,44,63,78,111,111,111,111],"floor_reached":8,"language":"KOR","playtime":133,"items_purged":[],"score":112,"play_id":"e9fc479e-e44b-4522-808f-5971668a46d5","local_time":"20210204221556","is_ascension_mode":true,"campfire_choices":[{"data":"Eruption","floor":7,"key":"SMITH"}],"circlet_count":0,"master_deck":["AscendersBane","Strike_P","Strike_P","Strike_P","Strike_P","Defend_P","Defend_P","Defend_P","Eruption+1","Vigilance","EmptyFist","MentalFortress","BowlingBash","EmptyBody"],"relics":["Philosopher\u0027s Stone","Question Card","StrikeDummy"],"acts_visited":["Exordium"],"potions_floor_usage":[6],"damage_taken":[{"damage":6,"enemies":"Cultist","floor":1,"turns":5},{"damage":11,"enemies":"Jaw Worm","floor":4,"turns":4},{"damage":14,"enemies":"Small Slimes","floor":5,"turns":4},{"damage":9,"enemies":"Gremlin Nob","floor":6,"turns":3},{"damage":22,"enemies":"3 Sentries","floor":8,"turns":6}],"seed_played":"3608088400532952961","potions_obtained":[{"floor":5,"key":"SteroidPotion"}],"is_trial":false,"path_per_floor":["M","?","T","M","M","E","R","E"],"character_chosen":"WATCHER","items_purchased":[],"campfire_rested":0,"item_purchase_floors":[],"current_hp_per_floor":[55,55,55,44,30,21,21,0,0],"gold":111,"neow_bonus":"BOSS_RELIC","is_daily":false,"chose_seed":false,"campfire_upgraded":1,"win_rate":0.0,"timestamp":1612444556,"path_taken":["M","?","?","M","M","E","R","E"],"items_purchased_type":[],"build_version":"2020-12-22","purchased_purges":0,"victory":false,"max_hp_per_floor":[68,68,68,68,68,68,68,68,68],"card_choices":[{"not_picked":["SashWhip","Prostrate"],"picked":"EmptyFist","floor":1},{"not_picked":["InnerPeace","Consecrate","BowlingBash"],"picked":"MentalFortress","floor":4},{"not_picked":["Worship","Swivel","ClearTheMind"],"picked":"BowlingBash","floor":5},{"not_picked":["Collect","TalkToTheHand","Wish"],"picked":"EmptyBody","floor":6}],"player_experience":355059,"relics_obtained":[{"floor":3,"key":"Question Card"},{"floor":6,"key":"StrikeDummy"}],"event_choices":[{"cards_removed":["Defend_P"],"damage_healed":0,"gold_gain":0,"player_choice":"Card Removal","damage_taken":0,"max_hp_gain":0,"max_hp_loss":0,"event_name":"The Cleric","floor":2,"gold_loss":75}],"is_beta":false,"boss_relics":[],"items_purged_floors":[],"is_endless":false,"potions_floor_spawned":[5],"killed_by":"3 Sentries","ascension_level":20}}