{"host":"u1ja96cwu1wu8jpx","time":1612450380,"event":{"mods":["BaseMod","Better Match","Colored Map","Minty Spire (QoL Compilation)","Permanent Neow","StSLib"],"gold_per_floor":[113,113,42,42,42,77,89,89,163,163,194,194,206,56,56,158,158,174,99,110,110,10,10,45,45,70,179,179,516,545,574,574,682,736,764,814,814,827,827,827,863,863,863,895,927,958,1007,1033,1045,1057,1069,1081,73,107,107,107],"floor_reached":55,"language":"ENG","playtime":5469,"items_purged":["Strike_G","Strike_G","Underhanded Strike"],"score":966,"play_id":"b1fb5de1-8f55-4d2c-bc7e-da56340d1fae","local_time":"20210204095300","is_ascension_mode":true,"campfire_choices":[{"floor":8.0,"key":"REST"},{"data":"Bouncing Flask","floor":10.0,"key":"SMITH"},{"data":"Crippling Poison","floor":12.0,"key":"SMITH"},{"data":"Sadistic Nature","floor":15.0,"key":"SMITH"},{"floor":23.0,"key":"REST"},{"data":"1","floor":25.0,"key":"LIFT"},{"floor":28.0,"key":"RECALL"},{"floor":32.0,"key":"REST"},{"floor":40,"key":"REST"},{"data":"Noxious Fumes","floor":42,"key":"SMITH"},{"floor":49,"key":"REST"},{"data":"2","floor":52,"key":"LIFT"}],"circlet_count":0,"master_deck":["Survivor","Neutralize+1","Sadistic Nature+1","Caltrops","Bouncing Flask+1","Crippling Poison+1","Deadly Poison+1","Outmaneuver+1","Corpse Explosion","CurseOfTheBell","Blade Dance+1","PiercingWail+1","Phantasmal Killer+1","Noxious Fumes+1","Leg Sweep+1","Cloak And Dagger+1","Caltrops","Malaise+1","Tactician+1","Riddle With Holes","Underhanded Strike+1","Leg Sweep+1","Dagger Throw","Bane+1","Backstab+1","Backstab","Catalyst+1","Dodge and Roll+1","Panacea+1","Burst+1"],"relics":["Ring of the Snake","Potion Belt","TungstenRod","Kunai","Bottled Lightning","PreservedInsect","Calling Bell","Omamori","Toxic Egg 2","Girya","Enchiridion","War Paint","CeramicFish","Tingsha","Darkstone Periapt","Old Coin","Pandora\u0027s Box","FossilizedHelix","Oddly Smooth Stone","MawBank","Blood Vial","Paper Crane","Pantograph","TwistedFunnel","Whetstone"],"acts_visited":["Exordium","TheCity","TheBeyond","TheEnding"],"potions_floor_usage":[44,47,48,50,50,50,55,55,55],"damage_taken":[{"damage":0.0,"enemies":"Small Slimes","floor":1.0,"turns":4.0},{"damage":16.0,"enemies":"Lagavulin","floor":6.0,"turns":5.0},{"damage":0.0,"enemies":"2 Louse","floor":7.0,"turns":1.0},{"damage":13.0,"enemies":"Gremlin Nob","floor":11.0,"turns":3.0},{"damage":0.0,"enemies":"Cultist","floor":13.0,"turns":2.0},{"damage":0.0,"enemies":"Hexaghost","floor":16.0,"turns":6.0},{"damage":14.0,"enemies":"2 Thieves","floor":18.0,"turns":3.0},{"damage":0.0,"enemies":"Chosen","floor":20.0,"turns":4.0},{"damage":0.0,"enemies":"Gremlin Leader","floor":24.0,"turns":2.0},{"damage":0.0,"enemies":"Colosseum Slavers","floor":27.0,"turns":4.0},{"damage":4.0,"enemies":"Colosseum Nobs","floor":27.0,"turns":2.0},{"damage":15.0,"enemies":"Book of Stabbing","floor":29.0,"turns":4.0},{"damage":16.0,"enemies":"Sentry and Sphere","floor":30.0,"turns":4.0},{"damage":0.0,"enemies":"Snake Plant","floor":31.0,"turns":3.0},{"damage":16.0,"enemies":"Collector","floor":33.0,"turns":8.0},{"damage":22,"enemies":"Orb Walker","floor":35,"turns":5},{"damage":1,"enemies":"Mind Bloom Boss Battle","floor":36,"turns":7},{"damage":0,"enemies":"3 Shapes","floor":38,"turns":5},{"damage":3,"enemies":"Nemesis","floor":41,"turns":5},{"damage":0,"enemies":"Giant Head","floor":44,"turns":6},{"damage":22,"enemies":"Jaw Worm Horde","floor":45,"turns":3},{"damage":0,"enemies":"3 Darklings","floor":46,"turns":3},{"damage":16,"enemies":"Reptomancer","floor":47,"turns":6},{"damage":0,"enemies":"Transient","floor":48,"turns":5},{"damage":38,"enemies":"Awakened One","floor":50,"turns":11},{"damage":9,"enemies":"Shield and Spear","floor":54,"turns":4},{"damage":64,"enemies":"The Heart","floor":55,"turns":8}],"seed_played":"-8758720162912434527","potions_obtained":[{"floor":1.0,"key":"GhostInAJar"},{"floor":7.0,"key":"CunningPotion"},{"floor":13.0,"key":"Poison Potion"},{"floor":16.0,"key":"FearPotion"},{"floor":24.0,"key":"BlessingOfTheForge"},{"floor":27.0,"key":"SpeedPotion"},{"floor":29.0,"key":"LiquidMemories"},{"floor":31.0,"key":"SneckoOil"},{"floor":38,"key":"Dexterity Potion"},{"floor":46,"key":"Weak Potion"},{"floor":47,"key":"Strength Potion"},{"floor":48,"key":"Swift Potion"}],"is_trial":false,"path_per_floor":["M","?","$","?","?","E","M","R","T","R","E","R","M","$","R","B",null,"M","$","M","?","$","R","E","R","T","?","R","E","M","M","R","B",null,"M","?","?","M","?","R","E","R","T","E","M","M","E","M","R","B",null,"R","$","E","B"],"character_chosen":"THE_SILENT","items_purchased":["Bouncing Flask","PreservedInsect","Panacea+1","Paper Crane","Pantograph","TwistedFunnel","Poison Potion","Strength Potion","Swift Potion"],"campfire_rested":5,"item_purchase_floors":[3,14,53,53,53,53,53,53,53],"current_hp_per_floor":[63,56,56,56,56,40,40,58,58,58,45,45,45,45,45,45,63,49,49,49,37,37,55,55,55,55,51,51,36,20,20,38,22,63,41,40,40,40,40,58,55,55,55,55,33,33,17,19,37,1,63,63,63,54,0,0],"gold":107,"neow_bonus":"RANDOM_COLORLESS_2","is_daily":false,"chose_seed":false,"campfire_upgraded":4,"win_rate":0.0,"timestamp":1612450380,"path_taken":["M","?","$","?","?","E","?","R","T","R","E","R","M","$","R","BOSS","M","$","M","?","$","R","E","R","T","?","R","E","M","M","R","BOSS","M","?","?","M","?","R","E","R","T","E","?","M","E","M","R","BOSS","R","$","E","BOSS"],"items_purchased_type":["Card","Relic","Card","Relic","Relic","Relic","Potion","Potion","Potion"],"build_version":"2020-12-22","purchased_purges":3,"victory":false,"max_hp_per_floor":[63,63,63,63,63,63,63,63,63,63,63,63,63,63,63,63,63,63,63,63,63,63,63,63,63,63,63,63,63,63,63,63,63,63,63,63,63,63,63,63,63,63,63,63,63,63,63,63,63,63,63,63,63,63,63,63],"card_choices":[{"not_picked":["Transmutation","Secret Weapon"],"picked":"Sadistic Nature","floor":0.0},{"not_picked":["Prepared","Dagger Throw"],"picked":"Caltrops","floor":1.0},{"not_picked":["Underhanded Strike","Distraction"],"picked":"Crippling Poison","floor":6.0},{"not_picked":["Slice","Concentrate"],"picked":"Poisoned Stab","floor":7.0},{"not_picked":["Acrobatics","Escape Plan"],"picked":"Deadly Poison","floor":11.0},{"not_picked":["Underhanded Strike","Poisoned Stab"],"picked":"Outmaneuver","floor":13.0},{"not_picked":["Storm of Steel","Tools of the Trade"],"picked":"Corpse Explosion","floor":16.0},{"not_picked":["Flying Knee","Dagger Spray"],"picked":"Blade Dance+1","floor":18.0},{"not_picked":["Dodge and Roll+1","Bane+1"],"picked":"PiercingWail+1","floor":20.0},{"not_picked":["Predator+1","Bane"],"picked":"Phantasmal Killer+1","floor":24.0},{"not_picked":["Dagger Spray","Backstab"],"picked":"Noxious Fumes","floor":27.0},{"not_picked":["Backflip+1","Deflect+1"],"picked":"Leg Sweep+1","floor":29.0},{"not_picked":["Slice","Riddle With Holes+1"],"picked":"Cloak And Dagger+1","floor":30.0},{"not_picked":["Flying Knee","Acrobatics+1"],"picked":"Caltrops","floor":31.0},{"not_picked":["Wraith Form v2","Die Die Die"],"picked":"Malaise+1","floor":33.0},{"not_picked":["Poisoned Stab","Acrobatics+1"],"picked":"Bane+1","floor":35},{"not_picked":["Eviscerate+1","Heel Hook","Predator+1"],"picked":"SKIP","floor":38},{"not_picked":["Tools of the Trade","Flechettes"],"picked":"Backstab+1","floor":41},{"not_picked":["All Out Attack+1","Flying Knee","Distraction+1"],"picked":"SKIP","floor":44},{"not_picked":["Prepared+1","Heel Hook+1"],"picked":"Backstab","floor":45},{"not_picked":["Endless Agony+1","Dagger Throw"],"picked":"Catalyst+1","floor":46},{"not_picked":["Wraith Form v2","Skewer"],"picked":"Dodge and Roll+1","floor":47},{"not_picked":["Eviscerate+1","Sucker Punch","Slice"],"picked":"SKIP","floor":48},{"not_picked":["Dagger Throw+1","Leg Sweep+1"],"picked":"Burst+1","floor":54}],"player_experience":462304,"relics_obtained":[{"floor":6.0,"key":"TungstenRod"},{"floor":9.0,"key":"Kunai"},{"floor":11.0,"key":"Bottled Lightning"},{"floor":17.0,"key":"Omamori"},{"floor":17.0,"key":"Toxic Egg 2"},{"floor":17.0,"key":"Girya"},{"floor":21.0,"key":"Enchiridion"},{"floor":24.0,"key":"War Paint"},{"floor":26.0,"key":"CeramicFish"},{"floor":27.0,"key":"Tingsha"},{"floor":27.0,"key":"Darkstone Periapt"},{"floor":29.0,"key":"Old Coin"},{"floor":36,"key":"FossilizedHelix"},{"floor":41,"key":"Oddly Smooth Stone"},{"floor":44,"key":"MawBank"},{"floor":47,"key":"Blood Vial"},{"floor":54,"key":"Whetstone"}],"event_choices":[{"damage_healed":0.0,"max_hp_gain":0.0,"max_hp_loss":0.0,"gold_gain":0.0,"event_name":"Scrap Ooze","player_choice":"Success","floor":2.0,"gold_loss":0.0,"damage_taken":7.0,"relics_obtained":["Potion Belt"]},{"cards_removed":["Strike_G"],"damage_healed":0.0,"max_hp_gain":0.0,"max_hp_loss":0.0,"gold_gain":0.0,"event_name":"Living Wall","player_choice":"Forget","floor":4.0,"gold_loss":0.0,"damage_taken":0.0},{"cards_removed":["Defend_G"],"damage_healed":0.0,"max_hp_gain":0.0,"max_hp_loss":0.0,"gold_gain":0.0,"event_name":"Purifier","player_choice":"Purged","floor":5.0,"gold_loss":0.0,"damage_taken":0.0},{"damage_healed":0.0,"max_hp_gain":0.0,"max_hp_loss":0.0,"gold_gain":0.0,"event_name":"Cursed Tome","player_choice":"Obtained Book","floor":21.0,"gold_loss":0.0,"damage_taken":16.0},{"damage_healed":0.0,"max_hp_gain":0.0,"max_hp_loss":0.0,"gold_gain":0.0,"event_name":"Colosseum","player_choice":"Fight","floor":27.0,"gold_loss":0.0,"damage_taken":0.0},{"damage_healed":0.0,"max_hp_gain":0.0,"max_hp_loss":0.0,"gold_gain":0.0,"event_name":"Colosseum","player_choice":"Fought Nobs","floor":27.0,"gold_loss":0.0,"damage_taken":0.0},{"damage_healed":0,"gold_gain":0,"player_choice":"Fight","damage_taken":0,"max_hp_gain":0,"max_hp_loss":0,"event_name":"MindBloom","floor":36,"gold_loss":0},{"damage_healed":0,"gold_gain":0,"player_choice":"Ignored","damage_taken":0,"max_hp_gain":0,"max_hp_loss":0,"event_name":"Tomb of Lord Red Mask","floor":37,"gold_loss":0},{"cards_removed":["Poisoned Stab"],"damage_healed":0,"gold_gain":0,"player_choice":"Removed Attack","damage_taken":0,"max_hp_gain":0,"max_hp_loss":0,"event_name":"Falling","floor":39,"gold_loss":0}],"is_beta":false,"boss_relics":[{"not_picked":["Astrolabe","Coffee Dripper"],"picked":"Calling Bell"},{"not_picked":["WristBlade","SlaversCollar"],"picked":"Pandora\u0027s Box"}],"items_purged_floors":[19,22,53],"is_endless":false,"potions_floor_spawned":[1,7,13,16,24,27,29,31,38,46,47,48],"killed_by":"The Heart","ascension_level":1}}