{"host":"9n6i2vl93jt4o42q","time":1612439108,"event":{"mods":["BaseMod","Minty Spire (QoL Compilation)","Relic Stats"],"gold_per_floor":[113,129,142,67,85,85,116,116,116,132,161,172,183,129,129,204,204,216,233,78,96,116,116,116,116],"floor_reached":24,"language":"ENG","playtime":7513,"items_purged":["Strike_G"],"score":524,"play_id":"e1cbafce-6b80-43c3-8c2c-8295ec4de75e","local_time":"20210204124508","is_ascension_mode":true,"campfire_choices":[{"data":"Finisher","floor":6.0,"key":"SMITH"},{"floor":8.0,"key":"REST"},{"floor":15.0,"key":"REST"},{"floor":23.0,"key":"REST"}],"circlet_count":0,"master_deck":["AscendersBane","Strike_G","Strike_G","Strike_G","Defend_G","Defend_G","Defend_G","Defend_G","Survivor","Neutralize","Blade Dance","Noxious Fumes","Finisher+1","Blade Dance","Dagger Spray","Flying Knee","Deadly Poison","Cloak And Dagger","After Image","Backflip","Well Laid Plans","Backflip+1","Skewer"],"relics":["Ring of the Snake","Turnip","Ice Cream","Singing Bowl","Cursed Key"],"acts_visited":["Exordium","TheCity"],"potions_floor_usage":[24],"damage_taken":[{"damage":4.0,"enemies":"Small Slimes","floor":1.0,"turns":4.0},{"damage":0.0,"enemies":"Jaw Worm","floor":2.0,"turns":4.0},{"damage":1.0,"enemies":"2 Louse","floor":3.0,"turns":3.0},{"damage":5.0,"enemies":"Large Slime","floor":5.0,"turns":6.0},{"damage":27.0,"enemies":"Lagavulin","floor":7.0,"turns":6.0},{"damage":10.0,"enemies":"Exordium Wildlife","floor":10.0,"turns":3.0},{"damage":10.0,"enemies":"3 Sentries","floor":11.0,"turns":6.0},{"damage":4.0,"enemies":"3 Louse","floor":12.0,"turns":3.0},{"damage":9.0,"enemies":"Exordium Thugs","floor":13.0,"turns":3.0},{"damage":0.0,"enemies":"Slime Boss","floor":16.0,"turns":6.0},{"damage":6.0,"enemies":"Spheric Guardian","floor":18.0,"turns":5.0},{"damage":13.0,"enemies":"2 Thieves","floor":19.0,"turns":4.0},{"damage":22.0,"enemies":"Sentry and Sphere","floor":21.0,"turns":8.0},{"damage":6.0,"enemies":"Chosen and Byrds","floor":22.0,"turns":7.0},{"damage":40,"enemies":"Gremlin Leader","floor":24,"turns":4}],"seed_played":"-4297065255962995144","potions_obtained":[{"floor":11.0,"key":"GhostInAJar"},{"floor":12.0,"key":"Ancient Potion"},{"floor":13.0,"key":"Fire Potion"},{"floor":16.0,"key":"Dexterity Potion"},{"floor":22.0,"key":"DistilledChaos"}],"is_trial":false,"path_per_floor":["M","M","M","?","M","R","E","R","T","M","E","M","M","?","R","B",null,"M","M","$","M","M","R","E"],"character_chosen":"THE_SILENT","items_purchased":["Well Laid Plans"],"campfire_rested":3,"item_purchase_floors":[20],"current_hp_per_floor":[55,55,54,54,49,49,22,41,41,31,21,19,10,10,30,30,59,53,42,42,20,14,35,0,0],"gold":116,"neow_bonus":"REMOVE_CARD","is_daily":false,"chose_seed":false,"campfire_upgraded":1,"win_rate":0.0,"timestamp":1612439108,"path_taken":["M","M","M","?","M","R","E","R","T","M","E","M","M","?","R","BOSS","M","M","$","M","M","R","E"],"items_purchased_type":["Card"],"build_version":"2020-12-22","purchased_purges":1,"victory":false,"max_hp_per_floor":[66,66,66,66,66,66,66,66,66,66,66,68,68,68,68,68,68,68,70,70,70,70,70,70,70],"relic_stats":{"Singing Bowl":4,"counters":[15,72],"Turnip":[11],"Cursed Key":0,"obtain_stats":[{"Ice Cream":9,"Singing Bowl":11,"Turnip":7,"Cursed Key":17,"Ring of the Snake":0},{"Ice Cream":5,"Singing Bowl":7,"Turnip":5,"Cursed Key":10,"Ring of the Snake":0},{"Ice Cream":23,"Singing Bowl":32,"Turnip":23,"Cursed Key":44,"Ring of the Snake":0}],"Ring of the Snake":[30]},"card_choices":[{"not_picked":["Flying Knee","Sucker Punch"],"picked":"Blade Dance","floor":1.0},{"not_picked":["Quick Slash","Underhanded Strike"],"picked":"Noxious Fumes","floor":2.0},{"not_picked":["Setup","Blur"],"picked":"Finisher","floor":3.0},{"not_picked":["Well Laid Plans","Setup"],"picked":"Blade Dance","floor":5.0},{"not_picked":["Concentrate","Prepared"],"picked":"Dagger Spray","floor":7.0},{"not_picked":["Venomology","PiercingWail"],"picked":"Flying Knee","floor":10.0},{"not_picked":["Dodge and Roll","Blur"],"picked":"Deadly Poison","floor":11.0},{"not_picked":["Dagger Throw","Night Terror","Heel Hook"],"picked":"Singing Bowl","floor":12.0},{"not_picked":["All Out Attack","Quick Slash"],"picked":"Cloak And Dagger","floor":13.0},{"not_picked":["Die Die Die","Tools of the Trade"],"picked":"After Image","floor":16.0},{"not_picked":["Distraction","Slice"],"picked":"Backflip","floor":18.0},{"not_picked":["Finisher","Outmaneuver","Dagger Throw+1"],"picked":"Singing Bowl","floor":19.0},{"not_picked":["Dodge and Roll","Doppelganger"],"picked":"Backflip+1","floor":21.0},{"not_picked":["Concentrate","Backstab"],"picked":"Skewer","floor":22.0}],"player_experience":2424567,"relics_obtained":[{"floor":7.0,"key":"Turnip"},{"floor":9.0,"key":"Ice Cream"},{"floor":11.0,"key":"Singing Bowl"}],"event_choices":[{"cards_removed":["Strike_G"],"damage_healed":0.0,"max_hp_gain":0.0,"max_hp_loss":0.0,"gold_gain":0.0,"event_name":"The Cleric","player_choice":"Card Removal","floor":4.0,"gold_loss":75.0,"damage_taken":0.0},{"damage_healed":0.0,"max_hp_gain":0.0,"max_hp_loss":0.0,"gold_gain":0.0,"event_name":"World of Goop","player_choice":"Left Gold","floor":14.0,"gold_loss":54.0,"damage_taken":0.0}],"is_beta":false,"boss_relics":[{"not_picked":["SacredBark","WristBlade"],"picked":"Cursed Key"}],"items_purged_floors":[20],"is_endless":false,"potions_floor_spawned":[11,12,13,16,22],"killed_by":"Gremlin Leader","ascension_level":20}}