{"host":"rtrm1sjndjmdxdc6","time":1612457541,"event":{"mods":["2.2 Compatiblity","AchievementEnabler","Act Like it!","BaseMod","Better Note","Better Vampires","Colored Map","Colored Powertips","Conspire","Gensokyo","Marisa（F雨　魔理沙）","Minty Spire (QoL Compilation)","Permanent Neow","Quick Restart","Rare Cards Sparkle","Reimu（博丽灵梦）","Remilia（蕾米莉亚）","Replay The Spire","Shop Mod","Spicy Shops","StSLib","The Animator","The Bug Knight","The Jungle","Unceasing Turn Reminder","【功能Mod】混沌之环修复补丁","【功能Mod】聪明的最终Boss","篝火指南"],"gold_per_floor":[115,40,52,65,79,122,122,171,183,195,254,266,312,70,70,180,180,212,241,334,366,366,406,406,406],"floor_reached":24,"language":"ZHS","playtime":2183,"items_purged":["Strike_MRS","Strike_MRS","Strike_MRS"],"score":236,"play_id":"9c994780-a42e-4760-b59d-a73e794358e8","local_time":"20210205005221","is_ascension_mode":false,"campfire_choices":[{"data":"DarkMatter","floor":7,"key":"SMITH"},{"data":"MilkyWay","floor":10,"key":"SMITH"},{"floor":15,"key":"REST"}],"circlet_count":0,"master_deck":["Strike_MRS","Defend_MRS","Defend_MRS","Defend_MRS","Defend_MRS","MasterSpark","UpSweep","SuperPerseids","MilkyWay+1","DarkMatter+1","ShootingEcho","WitchOfGreed","AlicesGift","GasGiant","PulseMagic","MillisecondPulsars","Acceleration","LuminesStrike","DeepEcoloBomb"],"relics":["MiniHakkero","ReplayTheSpireMod:TigerMarble","MerchantsRug","BreadOfAWashokuLover"],"acts_visited":["Gensokyo:Gensokyo","Gensokyo:Gensokyoer"],"potions_floor_usage":[6,13,16,23],"damage_taken":[{"damage":2.0,"enemies":"Gensokyo:2_Kodama","floor":1.0,"turns":4.0},{"damage":0,"enemies":"Gensokyo:3_Fairies","floor":3,"turns":4},{"damage":4,"enemies":"Gensokyo:Gryphon","floor":4,"turns":4},{"damage":1,"enemies":"Gensokyo:Python_and_Kodama","floor":5,"turns":4},{"damage":25,"enemies":"Gensokyo:Cirno","floor":6,"turns":7},{"damage":12,"enemies":"Gensokyo:Aya","floor":8,"turns":6},{"damage":27,"enemies":"Gensokyo:Cirno","floor":11,"turns":7},{"damage":5,"enemies":"Gensokyo:CorruptedTreant","floor":13,"turns":4},{"damage":16,"enemies":"Gensokyo:Yukari","floor":16,"turns":12},{"damage":18,"enemies":"Gensokyo:Chomper","floor":18,"turns":6},{"damage":7,"enemies":"Gensokyo:AngelMirror","floor":19,"turns":3},{"damage":21,"enemies":"Gensokyo:Slime_Group","floor":21,"turns":6},{"damage":27,"enemies":"Gensokyo:Tenshi","floor":23,"turns":4},{"damage":5,"enemies":"Gensokyo:Wraith","floor":24,"turns":3}],"seed_played":"7656645707027427199","potions_obtained":[{"floor":1.0,"key":"Explosive Potion"},{"floor":6,"key":"ZuzhouPotion:ReiMu"},{"floor":6,"key":"Swift Potion"},{"floor":8,"key":"Fire Potion"},{"floor":11,"key":"ColorlessPotion"},{"floor":13,"key":"Explosive Potion"},{"floor":13,"key":"ColorlessPotion"},{"floor":16,"key":"Dexterity Potion"},{"floor":21,"key":"DuplicationPotion"},{"floor":23,"key":"Energy Potion"},{"floor":23,"key":"LiquidBronze"}],"is_trial":false,"path_per_floor":["M","$","M","M","M","E","R","E","T","R","E","COS","M","$","R","B",null,"M","M","$","M","?","E","M"],"character_chosen":"MARISA","items_purchased":["MerchantsRug"],"campfire_rested":1,"item_purchase_floors":[14],"current_hp_per_floor":[73,73,73,69,68,43,43,31,31,31,5,5,4,4,26,14,76,58,51,51,30,30,3,0,0],"gold":406,"neow_bonus":"THREE_CARDS","is_daily":false,"chose_seed":false,"campfire_upgraded":2,"win_rate":0.0,"timestamp":1612457541,"path_taken":["M","$","M","?","M","E","R","E","T","R","E","COS","M","?","R","BOSS","M","M","$","M","?","E","M"],"items_purchased_type":["Relic"],"build_version":"2020-12-22","purchased_purges":3,"victory":false,"max_hp_per_floor":[75,75,75,75,75,75,75,75,75,75,76,76,76,76,76,76,76,76,76,76,76,76,76,76,76],"card_choices":[{"not_picked":["GrandCross","Acceleration"],"picked":"SuperPerseids","floor":0.0},{"not_picked":["MagicChant","PowerUp"],"picked":"MilkyWay","floor":1.0},{"not_picked":["AsteroidBelt","SuperPerseids"],"picked":"DarkMatter","floor":3},{"not_picked":["DC","ShootTheMoon"],"picked":"ShootingEcho","floor":4},{"not_picked":["AsteroidBelt","PropBag"],"picked":"WitchOfGreed","floor":5},{"not_picked":["Singularity","OneTimeOff","Robbery"],"picked":"SKIP","floor":6},{"not_picked":["IllusionStar","SporeBomb"],"picked":"AlicesGift","floor":8},{"not_picked":["ChargingUp","Acceleration"],"picked":"GasGiant","floor":11},{"not_picked":["BlazeAway","IllusionStar"],"picked":"PulseMagic","floor":13},{"not_picked":["EscapeVelocity","TreasureHunter"],"picked":"MillisecondPulsars","floor":16},{"not_picked":["ShootingEcho","GalacticHalo"],"picked":"Acceleration","floor":18},{"not_picked":["MysteriousBeam","6A","DC"],"picked":"SKIP","floor":19},{"not_picked":["AsteroidBelt","IllusionStar"],"picked":"LuminesStrike","floor":21},{"not_picked":["PowerUp","6A"],"picked":"DeepEcoloBomb","floor":23}],"player_experience":123760,"relics_obtained":[{"floor":6,"key":"ReplayTheSpireMod:TigerMarble"},{"floor":8,"key":"MawBank"},{"floor":23,"key":"BreadOfAWashokuLover"}],"event_choices":[],"is_beta":false,"boss_relics":[{"not_picked":["Replay:Wanted Poster","RedLine:ReiMu"],"picked":"Replay:Bronze Core"}],"items_purged_floors":[2,14,20],"is_endless":false,"potions_floor_spawned":[1,6,13,18,23],"killed_by":"Gensokyo:Wraith","ascension_level":0}}