{"host":"ceheqh86fk4eo7wc","time":1612457275,"event":{"mods":["Aspiration","BaseMod","BetterRewards","Conspire","Downfall","Hermit","Hubris","Infinite Spire","Marisa????????","Minty Spire (QoL Compilation)","READ ME - Snecko Mod","Replay The Spire","StSLib","The Administrix","The Animator","The Cursed","The Poker Player","The Servant 0.9.4","slay the spire mod where everything is the same but ironclad has a cowboy hat"],"gold_per_floor":[118,118,18,42,56,56,71,71,71,71,71,96,113,113,113],"floor_reached":14,"language":"ENG","playtime":328,"items_purged":[],"score":88,"play_id":"aee6d6b3-f1a4-4eb0-a087-89a4d3f46221","local_time":"20210204084755","is_ascension_mode":false,"campfire_choices":[{"data":"Ghostly","floor":6,"key":"SMITH"},{"data":"Flex","floor":8,"key":"SMITH"}],"circlet_count":0,"master_deck":["Strike_R+1","Strike_R+1","Strike_R+1","Strike_R+1","Strike_R+1","Defend_R","Defend_R","Defend_R","Defend_R+1","Bash","Flex+1","Ghostly+1","Clothesline","Burning Pact","Perfected Strike","OortCloud","ChargeUpSpray"],"relics":["Burning Blood","NeowsBlessing","Replay:Rubber Ducky","hubris:DisguiseKit","Replay:Bottled Eggs"],"acts_visited":["Exordium"],"potions_floor_usage":[12],"damage_taken":[{"damage":0,"enemies":"Small Slimes","floor":1,"turns":1},{"damage":0,"enemies":"2 Louse","floor":5,"turns":1},{"damage":0,"enemies":"Jaw Worm","floor":7,"turns":1},{"damage":41,"enemies":"Lagavulin","floor":12,"turns":6},{"damage":8,"enemies":"Exordium Thugs","floor":13,"turns":5},{"damage":0,"enemies":"3 Sentries","floor":14,"turns":1}],"seed_played":"4694221353731156205","potions_obtained":[{"floor":5,"key":"AttackPotion"}],"is_trial":false,"path_per_floor":["M","?","?","T","M","R","M","R","T","?","?","E","M","E"],"character_chosen":"IRONCLAD","items_purchased":[],"campfire_rested":0,"item_purchase_floors":[],"current_hp_per_floor":[80,64,64,64,70,70,76,76,76,76,76,41,39,39,39],"gold":113,"neow_bonus":"THREE_ENEMY_KILL","is_daily":false,"chose_seed":false,"campfire_upgraded":2,"win_rate":0.0,"timestamp":1612457275,"path_taken":["M","?","?","?","?","R","M","R","T","?","?","E","M","E"],"items_purchased_type":[],"build_version":"2020-12-22","purchased_purges":0,"victory":false,"max_hp_per_floor":[80,80,80,80,80,80,80,80,80,80,80,80,80,80,80],"card_choices":[{"not_picked":["Shrug It Off","Cleave"],"picked":"Flex","floor":1},{"not_picked":["hubris:ReadiedAction","Sever Soul"],"picked":"Clothesline","floor":5},{"not_picked":["Headbutt","Rupture"],"picked":"Sentinel","floor":7},{"not_picked":["Havoc","Run Through","Iron Wave"],"picked":"OortCloud","floor":12},{"not_picked":["Run Through","True Grit","Body Slam"],"picked":"ChargeUpSpray","floor":13}],"player_experience":56976,"relics_obtained":[{"floor":4,"key":"Replay:Rubber Ducky"},{"floor":9,"key":"hubris:DisguiseKit"},{"floor":12,"key":"Replay:Bottled Eggs"}],"event_choices":[{"damage_healed":0,"gold_gain":0,"player_choice":"Entered Light","damage_taken":16,"max_hp_gain":0,"max_hp_loss":0,"event_name":"Shining Light","floor":2,"gold_loss":0,"cards_upgraded":["Strike_R","Defend_R"]},{"damage_healed":0,"gold_gain":0,"player_choice":"Argue","damage_taken":0,"max_hp_gain":0,"max_hp_loss":0,"event_name":"conspire:LoneGhost","floor":3,"gold_loss":0},{"damage_healed":0,"gold_gain":0,"cards_transformed":["Sentinel"],"player_choice":"Change","damage_taken":0,"max_hp_gain":0,"max_hp_loss":0,"event_name":"Living Wall","floor":10,"gold_loss":0,"cards_obtained":["Burning Pact"]}],"is_beta":false,"boss_relics":[],"items_purged_floors":[],"is_endless":false,"potions_floor_spawned":[5],"killed_by":"3 Sentries","ascension_level":0}}