{"host":"nwtxriuk34b069je","time":1612424560,"event":{"mods":["AchievementEnabler","BaseMod","Better Skull","Colored Map","Colored Powertips","Hermit","Minty Spire (QoL Compilation)","Relic Stats","StSLib"],"gold_per_floor":[109,74,74,92,267,293,293,1,24,24,59,70,89,102,102,102,102],"floor_reached":16,"language":"ENG","playtime":542,"items_purged":[],"score":216,"play_id":"3556f901-7666-4106-b8fc-4d2050170fe3","local_time":"20210204014240","is_ascension_mode":true,"campfire_choices":[{"data":"Footwork","floor":7,"key":"SMITH"},{"floor":10,"key":"DIG"},{"floor":15,"key":"DIG"}],"circlet_count":0,"master_deck":["Strike_G","Strike_G","Strike_G","Strike_G","Strike_G","Defend_G","Defend_G","Defend_G","Defend_G","Defend_G","Survivor","Neutralize","Blade Dance","Footwork+1","Flying Knee","Dark Shackles","Doubt","Outmaneuver","Dash","Dagger Spray","Caltrops"],"relics":["Ring of the Snake","NeowsBlessing","PreservedInsect","Shovel","Bag of Marbles","Dream Catcher","Mango","Letter Opener"],"acts_visited":["Exordium"],"potions_floor_usage":[11],"damage_taken":[{"damage":0,"enemies":"Small Slimes","floor":1,"turns":1},{"damage":0,"enemies":"Cultist","floor":4,"turns":1},{"damage":0,"enemies":"Lagavulin","floor":6,"turns":1},{"damage":0,"enemies":"Gremlin Nob","floor":11,"turns":4},{"damage":2,"enemies":"Jaw Worm","floor":12,"turns":2},{"damage":4,"enemies":"Red Slaver","floor":13,"turns":5},{"damage":1,"enemies":"3 Louse","floor":14,"turns":3},{"damage":72,"enemies":"Hexaghost","floor":16,"turns":15}],"seed_played":"4489619604810739576","potions_obtained":[{"floor":1,"key":"Block Potion"},{"floor":11,"key":"Block Potion"},{"floor":13,"key":"Regen Potion"}],"is_trial":false,"path_per_floor":["M","$","?","M","?","E","R","$","T","R","E","M","M","M","R","B"],"character_chosen":"THE_SILENT","items_purchased":["Footwork","Shovel"],"campfire_rested":0,"item_purchase_floors":[2,8],"current_hp_per_floor":[63,63,63,63,63,63,63,63,63,63,77,75,71,70,70,0,0],"gold":102,"neow_bonus":"THREE_ENEMY_KILL","is_daily":false,"chose_seed":false,"campfire_upgraded":1,"win_rate":0.0,"timestamp":1612424560,"path_taken":["M","$","?","?","?","E","R","?","T","R","E","M","?","M","R","BOSS"],"items_purchased_type":["Card","Relic"],"build_version":"2020-12-22","purchased_purges":0,"victory":false,"max_hp_per_floor":[70,70,70,70,70,70,70,70,70,70,84,84,84,84,84,84,84],"relic_stats":{"Dream Catcher":0,"Shovel":2,"counters":[8,32],"PreservedInsect":22,"Letter Opener":[17],"obtain_stats":[{"Dream Catcher":10,"Shovel":8,"NeowsBlessing":0,"Mango":11,"PreservedInsect":6,"Bag of Marbles":9,"Letter Opener":15,"Ring of the Snake":0},{"Dream Catcher":3,"Shovel":3,"NeowsBlessing":0,"Mango":4,"PreservedInsect":3,"Bag of Marbles":3,"Letter Opener":7,"Ring of the Snake":0},{"Dream Catcher":3,"Shovel":3,"NeowsBlessing":0,"Mango":7,"PreservedInsect":3,"Bag of Marbles":3,"Letter Opener":17,"Ring of the Snake":0}],"Ring of the Snake":[16]},"card_choices":[{"not_picked":["Eviscerate","Endless Agony"],"picked":"Blade Dance","floor":1},{"not_picked":["Finisher","Flechettes","Dagger Throw"],"picked":"SKIP","floor":4},{"not_picked":["Riddle With Holes","Underhanded Strike"],"picked":"Outmaneuver","floor":6},{"not_picked":["Concentrate","Bane"],"picked":"Dash","floor":11},{"not_picked":["Sucker Punch","Poisoned Stab"],"picked":"Dagger Spray","floor":12},{"not_picked":["Bane","Dodge and Roll","Sucker Punch"],"picked":"SKIP","floor":13},{"not_picked":["Outmaneuver","PiercingWail"],"picked":"Caltrops","floor":14}],"player_experience":519236,"relics_obtained":[{"floor":6,"key":"PreservedInsect"},{"floor":9,"key":"Bag of Marbles"},{"floor":10,"key":"Dream Catcher"},{"floor":11,"key":"Mango"},{"floor":15,"key":"Letter Opener"}],"event_choices":[{"damage_healed":0,"gold_gain":0,"player_choice":"2 cards matched","damage_taken":0,"max_hp_gain":0,"max_hp_loss":0,"event_name":"Match and Keep!","floor":3,"gold_loss":0,"cards_obtained":["Flying Knee","Dark Shackles"]},{"damage_healed":0,"gold_gain":175,"player_choice":"AGREE","damage_taken":0,"max_hp_gain":0,"max_hp_loss":0,"event_name":"Liars Game","floor":5,"gold_loss":0,"cards_obtained":["Doubt"]}],"is_beta":false,"boss_relics":[],"items_purged_floors":[],"is_endless":false,"potions_floor_spawned":[1,11,13],"killed_by":"Hexaghost","ascension_level":7}}