{"host":"815dqs41i1y8uxms","time":1612474154,"event":{"mods":["A Penny For Your Troubles","Act Like it!","BaseMod","GungeonMod","Minty Spire (QoL Compilation)","Rare Cards Sparkle","Shop Mod","Spire Arcade","StSLib"],"gold_per_floor":[118,83,94,94,94,94,94],"floor_reached":6,"language":"ENG","playtime":475,"items_purged":[],"score":34,"play_id":"5ffa6d94-6940-4268-80cb-1fab4162fa34","local_time":"20210204222914","is_ascension_mode":false,"campfire_choices":[],"circlet_count":0,"master_deck":["DemoMod:Strike_Huntress","DemoMod:Strike_Huntress","DemoMod:Strike_Huntress","DemoMod:Defend_Huntress","DemoMod:Defend_Huntress","DemoMod:Defend_Huntress","DemoMod:Defend_Huntress","DemoMod:Roll","DemoMod:ManualReload","DemoMod:RustySidearm","DemoMod:CrossBow","Decay","DemoMod:Desperate+1","DemoMod:LifeOrb","DemoMod:Unmoved+1","DemoMod:ShadowBullets"],"relics":["DemoMod:Dog","DemoMod:CrisisStone"],"acts_visited":["Exordium"],"potions_floor_usage":[6],"damage_taken":[{"damage":12,"enemies":"Jaw Worm","floor":1,"turns":5},{"damage":0,"enemies":"2 Louse","floor":3,"turns":2},{"damage":50,"enemies":"3 Sentries","floor":6,"turns":10}],"seed_played":"6039075062388775158","potions_obtained":[{"floor":1,"key":"SkillPotion"}],"is_trial":false,"path_per_floor":["M","?","M","T","?","E"],"character_chosen":"HUNTRESS","items_purchased":[],"campfire_rested":0,"item_purchase_floors":[],"current_hp_per_floor":[58,63,63,63,48,0,0],"gold":94,"neow_bonus":"THREE_RARE_CARDS","is_daily":false,"chose_seed":false,"campfire_upgraded":0,"win_rate":0.0,"timestamp":1612474154,"path_taken":["M","?","M","?","?","E"],"items_purchased_type":[],"build_version":"2020-12-22","purchased_purges":0,"victory":false,"max_hp_per_floor":[70,75,75,75,75,75,75],"card_choices":[{"not_picked":["DemoMod:BlackHoleGun","DemoMod:ThirdPartyController"],"picked":"DemoMod:Desperate","floor":0},{"not_picked":["DemoMod:SAA","DemoMod:HighKaliber"],"picked":"DemoMod:LifeOrb","floor":1},{"not_picked":["DemoMod:BattleInHaste","DemoMod:PracticeMakesPerfect"],"picked":"DemoMod:Unmoved","floor":3},{"not_picked":["DemoMod:AC15","DemoMod:FeignSurrender"],"picked":"DemoMod:ShadowBullets","floor":3}],"player_experience":3738464,"relics_obtained":[{"floor":4,"key":"DemoMod:CrisisStone"}],"event_choices":[{"damage_healed":0,"gold_gain":0,"player_choice":"Entered Light","damage_taken":15,"max_hp_gain":0,"max_hp_loss":0,"event_name":"Shining Light","floor":5,"gold_loss":0,"cards_upgraded":["DemoMod:Unmoved","DemoMod:Desperate"]}],"is_beta":false,"boss_relics":[],"items_purged_floors":[],"is_endless":false,"potions_floor_spawned":[1],"killed_by":"3 Sentries","ascension_level":0}}