{"host":"vyjryxuuuxkt43k4","time":1612448334,"event":{"mods":["AchievementEnabler","BaseMod","Colored Map","DeckTracker","Keyboard Shortcuts","Minty Spire (QoL Compilation)","Permanent Neow","Quick Restart","Rare Cards Sparkle","Relic Stats","StSLib","SuperFastMode","everything is the same but u backflip on backflip"],"gold_per_floor":[114,114,39,39,52,52,83,99,153,170,170,204,204,240,240,323,323,345,345,345],"floor_reached":19,"language":"KOR","playtime":509,"items_purged":["Strike_B"],"score":357,"play_id":"de37efb6-c4b4-4eda-9e91-c01cdd0bd37d","local_time":"20210204231854","is_ascension_mode":true,"campfire_choices":[{"data":"Recycle","floor":6.0,"key":"SMITH"},{"data":"Dualcast","floor":11.0,"key":"SMITH"},{"floor":13.0,"key":"REST"},{"data":"Static Discharge","floor":15.0,"key":"SMITH"}],"circlet_count":0,"master_deck":["AscendersBane","Strike_B+1","Strike_B","Strike_B","Defend_B","Defend_B+1","Defend_B+1","Defend_B+1","Zap","Dualcast+1","Rip and Tear","Pain","Recycle+1","Chill","Electrodynamics","Sunder","Static Discharge+1","Turbo","Core Surge","Conserve Battery"],"relics":["Cracked Core","NeowsBlessing","WarpedTongs","Boot","Regal Pillow","CeramicFish","War Paint","Inserter"],"acts_visited":["Exordium","TheCity"],"potions_floor_usage":[],"damage_taken":[{"damage":0.0,"enemies":"Cultist","floor":1.0,"turns":1.0},{"damage":0.0,"enemies":"Small Slimes","floor":5.0,"turns":1.0},{"damage":1.0,"enemies":"Lagavulin","floor":7.0,"turns":1.0},{"damage":3.0,"enemies":"2 Louse","floor":8.0,"turns":2.0},{"damage":3.0,"enemies":"Lots of Slimes","floor":10.0,"turns":2.0},{"damage":17.0,"enemies":"Gremlin Nob","floor":12.0,"turns":3.0},{"damage":17.0,"enemies":"3 Sentries","floor":14.0,"turns":3.0},{"damage":31.0,"enemies":"Hexaghost","floor":16.0,"turns":7.0},{"damage":34.0,"enemies":"2 Thieves","floor":18.0,"turns":2.0},{"damage":24,"enemies":"Shell Parasite","floor":19,"turns":4}],"seed_played":"1888958524087402435","potions_obtained":[{"floor":1.0,"key":"GamblersBrew"},{"floor":5.0,"key":"AttackPotion"},{"floor":12.0,"key":"AttackPotion"}],"is_trial":false,"path_per_floor":["M","?","$","?","M","R","E","M","T","M","R","E","R","E","R","B",null,"M","M"],"character_chosen":"DEFECT","items_purchased":[],"campfire_rested":1,"item_purchase_floors":[],"current_hp_per_floor":[64,50,50,50,50,50,49,46,46,43,43,26,62,45,45,14,57,23,0,0],"gold":345,"neow_bonus":"THREE_ENEMY_KILL","is_daily":false,"chose_seed":false,"campfire_upgraded":3,"win_rate":0.0,"timestamp":1612448334,"path_taken":["M","?","$","?","?","R","E","M","T","M","R","E","R","E","R","BOSS","M","M"],"items_purchased_type":[],"build_version":"2020-12-22","purchased_purges":1,"victory":false,"max_hp_per_floor":[71,71,71,71,71,71,71,71,71,71,71,71,71,71,71,71,71,71,71,71],"relic_stats":{"Regal Pillow":15,"Inserter":[3],"counters":[10,26],"CeramicFish":36,"War Paint":["Defend_B","Defend_B"],"Boot":[0],"obtain_stats":[{"Regal Pillow":9,"Inserter":17,"NeowsBlessing":0,"CeramicFish":12,"War Paint":14,"Cracked Core":0,"Boot":7,"WarpedTongs":4},{"Regal Pillow":4,"Inserter":8,"NeowsBlessing":0,"CeramicFish":6,"War Paint":7,"Cracked Core":0,"Boot":3,"WarpedTongs":1},{"Regal Pillow":5,"Inserter":20,"NeowsBlessing":0,"CeramicFish":10,"War Paint":13,"Cracked Core":0,"Boot":3,"WarpedTongs":1}],"WarpedTongs":[25]},"card_choices":[{"not_picked":["Turbo","Hologram"],"picked":"Rip and Tear","floor":1.0},{"not_picked":["Turbo","BootSequence"],"picked":"Recycle","floor":5.0},{"not_picked":["Streamline","Steam"],"picked":"Chill","floor":7.0},{"not_picked":["Coolheaded","Beam Cell"],"picked":"Electrodynamics","floor":8.0},{"not_picked":["Go for the Eyes","Ball Lightning"],"picked":"Sunder","floor":10.0},{"not_picked":["BootSequence","Sunder"],"picked":"Static Discharge","floor":12.0},{"not_picked":["Leap","Barrage"],"picked":"Turbo","floor":14.0},{"not_picked":["Fission","Electrodynamics"],"picked":"Core Surge","floor":16.0},{"not_picked":["Chill","Stack"],"picked":"Conserve Battery","floor":18.0}],"player_experience":711938,"relics_obtained":[{"floor":7.0,"key":"Boot"},{"floor":9.0,"key":"Regal Pillow"},{"floor":12.0,"key":"CeramicFish"},{"floor":14.0,"key":"War Paint"}],"event_choices":[{"damage_healed":0.0,"max_hp_gain":0.0,"max_hp_loss":0.0,"gold_gain":0.0,"event_name":"Shining Light","player_choice":"Entered Light","floor":2.0,"gold_loss":0.0,"damage_taken":14.0,"cards_upgraded":["Defend_B","Strike_B"]},{"damage_healed":0.0,"max_hp_gain":0.0,"max_hp_loss":0.0,"gold_gain":0.0,"event_name":"Accursed Blacksmith","player_choice":"Rummage","floor":4.0,"gold_loss":0.0,"damage_taken":0.0,"relics_obtained":["WarpedTongs"],"cards_obtained":["Pain"]}],"is_beta":false,"boss_relics":[{"not_picked":["Velvet Choker","Black Star"],"picked":"Inserter"}],"items_purged_floors":[3],"is_endless":false,"potions_floor_spawned":[1,5,12],"killed_by":"Shell Parasite","ascension_level":14}}