{"host":"oeeu8njhzvf3llor","time":1612401485,"event":{"mods":["BaseMod","Better Match","Better Note","Better Skull","Better Third Choice","Hubris","Minty Spire (QoL Compilation)","Rare Cards Sparkle","Replay The Spire","Shop Mod","Spicy Shops","StSLib","Swap Starting Deck Mod"],"gold_per_floor":[115,134,134,154,167,167,21,31,31,31,43,8,22,50,50,146,196,206,206,306,76,92,92,17,48,72,84,116,129,140,159,159,260,260,276,276,294,304,304,333,333,402,427,427,441,441,470,480,480,480,480,480,75,104,104,104],"floor_reached":55,"language":"ENG","playtime":1346,"items_purged":[],"score":886,"play_id":"623f2288-82ff-4808-aaaa-7139437714c4","local_time":"20210203201805","is_ascension_mode":true,"campfire_choices":[{"floor":6,"key":"REST"},{"data":"hubris:PowerSurge","floor":10,"key":"SMITH"},{"data":"hubris:Ukulele","floor":15,"key":"SMITH"},{"data":"Thunder Strike","floor":23,"key":"SMITH"},{"data":"hubris:PowerSurge","floor":32,"key":"SMITH"},{"floor":41,"key":"RECALL"},{"floor":44,"key":"REST"},{"floor":46,"key":"REST"},{"floor":49,"key":"REST"},{"floor":52,"key":"REST"}],"circlet_count":0,"master_deck":["Ball Lightning+1","Ball Lightning","Ball Lightning","Ball Lightning+1","Thunder Strike+1","Stack","Stack","Stack","Stack","Zap","Steam","Ball Lightning","Stack+1","hubris:PowerSurge+1","Static Discharge","Ball Lightning","hubris:Ukulele+1","Lockon","Ball Lightning","Self Repair","FIFO Queue","hubris:PowerSurge+1","Self Repair+1","Steam+1","Ball Lightning"],"relics":["Cracked Core","PreservedInsect","hubris:Potato","Bronze Scales","Tiny House","DataDisk","Garlic","Geode","TungstenRod","Fusion Hammer","Boot","hubris:SlimyHat","Eternal Feather","hubris:CuriousFeather","Whetstone","hubris:ToyBattleship"],"acts_visited":["Exordium","TheCity","TheBeyond","TheEnding"],"potions_floor_usage":[50,50,55,55],"damage_taken":[{"damage":12,"enemies":"2 Louse","floor":1,"turns":2},{"damage":0,"enemies":"Cultist","floor":2,"turns":2},{"damage":2,"enemies":"Jaw Worm","floor":4,"turns":2},{"damage":7,"enemies":"Looter","floor":5,"turns":2},{"damage":1,"enemies":"Blue Slaver","floor":8,"turns":2},{"damage":0,"enemies":"Large Slime","floor":11,"turns":2},{"damage":10,"enemies":"Exordium Thugs","floor":13,"turns":2},{"damage":0,"enemies":"Gremlin Nob","floor":14,"turns":2},{"damage":0,"enemies":"Slime Boss","floor":16,"turns":4},{"damage":10,"enemies":"Chosen","floor":18,"turns":2},{"damage":0,"enemies":"Spheric Guardian","floor":22,"turns":2},{"damage":17,"enemies":"Slavers","floor":25,"turns":3},{"damage":8,"enemies":"Cultist and Chosen","floor":27,"turns":3},{"damage":6,"enemies":"Replay:Snechameleon","floor":28,"turns":1},{"damage":2,"enemies":"3 Cultists","floor":29,"turns":3},{"damage":1,"enemies":"Sentry and Sphere","floor":30,"turns":3},{"damage":4,"enemies":"Centurion and Healer","floor":31,"turns":2},{"damage":27,"enemies":"Automaton","floor":33,"turns":5},{"damage":7,"enemies":"3 Darklings","floor":35,"turns":2},{"damage":0,"enemies":"3 Shapes","floor":37,"turns":2},{"damage":18,"enemies":"3 Darklings","floor":38,"turns":3},{"damage":31,"enemies":"Reptomancer","floor":40,"turns":4},{"damage":11,"enemies":"Maw","floor":45,"turns":4},{"damage":16,"enemies":"Giant Head","floor":47,"turns":5},{"damage":7,"enemies":"Sphere and 2 Shapes","floor":48,"turns":3},{"damage":26,"enemies":"Time Eater","floor":50,"turns":6},{"damage":17,"enemies":"Shield and Spear","floor":54,"turns":3},{"damage":114,"enemies":"The Heart","floor":55,"turns":6}],"seed_played":"-898374379383969849","potions_obtained":[{"floor":1,"key":"PotionOfCapacity"},{"floor":13,"key":"PotionOfCapacity"},{"floor":14,"key":"FairyPotion"}],"is_trial":false,"path_per_floor":["M","M","?","M","M","R","$","M","T","R","M","?","M","E","R","B",null,"M","?","?","$","M","R","$","E","T","M","E","M","M","M","R","B",null,"M","?","M","M","?","E","R","T","T","R","M","R","E","M","R","B",null,"R","$","E","B"],"character_chosen":"DEFECT","items_purchased":["PreservedInsect","DataDisk","Lockon","Ball Lightning","Self Repair","hubris:CuriousFeather","Whetstone","PotionOfCapacity","Explosive Potion"],"campfire_rested":5,"item_purchase_floors":[7,21,21,21,24,53,53,53,53],"current_hp_per_floor":[26,26,26,24,17,39,39,38,38,38,38,56,46,46,46,46,80,70,70,70,70,70,70,70,60,60,59,53,58,57,53,53,26,80,80,80,80,79,76,62,62,62,62,76,72,76,76,76,76,50,76,76,76,76,0,0],"gold":104,"neow_bonus":"","is_daily":false,"chose_seed":false,"campfire_upgraded":4,"win_rate":0.0,"timestamp":1612401485,"path_taken":["M","M","?","?","M","R","$","M","T","R","M","?","M","E","R","BOSS","M","?","?","$","M","R","$","E","T","M","E","?","M","M","R","BOSS","M","?","M","M","?","E","R","?","T","R","M","R","E","?","R","BOSS","R","$","E","BOSS"],"items_purchased_type":["Relic","Relic","Card","Card","Card","Relic","Relic","Potion","Potion"],"build_version":"2020-12-22","purchased_purges":0,"victory":false,"max_hp_per_floor":[75,75,75,75,75,75,75,75,75,75,75,75,75,75,75,75,80,80,80,80,80,80,80,80,80,80,80,80,80,80,80,80,80,80,80,80,80,80,76,76,76,76,76,76,76,76,76,76,76,76,76,76,76,76,76,76],"card_choices":[{"not_picked":["ReplayTheSpireMod:System Scan","Turbo"],"picked":"Leap","floor":1},{"not_picked":["Gash","Beam Cell","Force Field"],"picked":"SKIP","floor":2},{"not_picked":["Coolheaded","Steam"],"picked":"Ball Lightning","floor":4},{"not_picked":["Beam Cell","Heatsinks"],"picked":"Stack","floor":5},{"not_picked":["Ball Lightning","Steam"],"picked":"hubris:PowerSurge","floor":8},{"not_picked":["BootSequence","Rebound"],"picked":"Static Discharge","floor":11},{"not_picked":["Hologram","Gash"],"picked":"Ball Lightning","floor":13},{"not_picked":["Multi-Cast","Rainbow"],"picked":"hubris:Ukulele","floor":14},{"not_picked":["Conserve Battery","Rebound+1","Cold Snap"],"picked":"SKIP","floor":18},{"not_picked":["Rip and Tear","ReplayTheSpireMod:GoodbyeWorld","Sweeping Beam+1"],"picked":"SKIP","floor":22},{"not_picked":["Hologram","Darkness","BasicCrystalCard"],"picked":"SKIP","floor":25},{"not_picked":["Sweeping Beam","ReplaySort","Stack"],"picked":"SKIP","floor":27},{"not_picked":["Compile Driver+1","Undo"],"picked":"FIFO Queue","floor":28},{"not_picked":["Go for the Eyes","Auto Shields","Reinforced Body"],"picked":"SKIP","floor":29},{"not_picked":["Panic Button+1","Mirror Shield"],"picked":"hubris:PowerSurge","floor":30},{"not_picked":["Beam Cell+1","Chill+1","Conserve Battery"],"picked":"SKIP","floor":31},{"not_picked":["Stack+1","Gash","Hologram"],"picked":"SKIP","floor":35},{"not_picked":["ReplayTheSpireMod:Repulse+1","Redo+1"],"picked":"Self Repair+1","floor":37},{"not_picked":["Compile Driver+1","Sweeping Beam+1","Redo+1"],"picked":"SKIP","floor":38},{"not_picked":["Hyperbeam","Fusion","Crystallizer+1"],"picked":"SKIP","floor":40},{"not_picked":["Redo+1","Go for the Eyes+1","Chaos"],"picked":"SKIP","floor":45},{"not_picked":["Chill","Cold Snap"],"picked":"Steam+1","floor":47},{"not_picked":["Steam+1","Streamline"],"picked":"Ball Lightning","floor":48},{"not_picked":["Reinforced Body","Leap+1","Compile Driver+1"],"picked":"SKIP","floor":54}],"player_experience":509753,"relics_obtained":[{"floor":9,"key":"hubris:Potato"},{"floor":14,"key":"Bronze Scales"},{"floor":25,"key":"Garlic"},{"floor":26,"key":"Geode"},{"floor":28,"key":"TungstenRod"},{"floor":40,"key":"Boot"},{"floor":43,"key":"hubris:SlimyHat"},{"floor":47,"key":"Eternal Feather"},{"floor":54,"key":"hubris:ToyBattleship"}],"event_choices":[{"damage_healed":0,"gold_gain":0,"cards_transformed":["Leap"],"player_choice":"Transformed","damage_taken":0,"max_hp_gain":0,"max_hp_loss":0,"event_name":"Transmorgrifier","floor":3,"gold_loss":0,"cards_obtained":["Steam"]},{"damage_healed":18,"gold_gain":0,"player_choice":"Healed","damage_taken":0,"max_hp_gain":0,"max_hp_loss":0,"event_name":"The Cleric","floor":12,"gold_loss":35},{"damage_healed":0,"gold_gain":0,"player_choice":"Ignored","damage_taken":0,"max_hp_gain":0,"max_hp_loss":0,"event_name":"betterNote:BetterNote","floor":19,"gold_loss":0,"cards_obtained":["Strike_R"]},{"damage_healed":0,"gold_gain":100,"player_choice":"Pray","damage_taken":0,"max_hp_gain":0,"max_hp_loss":0,"event_name":"Golden Shrine","floor":20,"gold_loss":0},{"damage_healed":0,"gold_gain":0,"player_choice":"Memory 1","damage_taken":0,"max_hp_gain":0,"max_hp_loss":0,"event_name":"SensoryStone","floor":36,"gold_loss":0},{"damage_healed":0,"gold_gain":0,"player_choice":"Max HP","damage_taken":0,"max_hp_gain":0,"max_hp_loss":4,"event_name":"Winding Halls","floor":39,"gold_loss":0}],"is_beta":false,"boss_relics":[{"not_picked":["hubris:VirtuousBlindfold","Honey Jar"],"picked":"Tiny House"},{"not_picked":["Astrolabe","hubris:TerracottaHorce"],"picked":"Fusion Hammer"}],"items_purged_floors":[],"is_endless":false,"potions_floor_spawned":[1,13,14,18,25,33,37,38,54],"killed_by":"The Heart","ascension_level":1}}