{"host":"pq8gn3b7ocfji4h9","time":1612398301,"event":{"mods":["BaseMod","Minty Spire (QoL Compilation)","Quick Restart","StSLib","The Bug Knight"],"gold_per_floor":[113,34,34,50,65,92,92,119,146,163,163,196,196,211,211,312,312,331,256,256,236,150,185,185,201,201,218,218,218],"floor_reached":28,"language":"ENG","playtime":1830,"items_purged":[],"score":256,"play_id":"e841da05-534b-4006-92c4-8e79ed5bad93","local_time":"20210203192501","is_ascension_mode":false,"campfire_choices":[{"floor":7,"key":"REST"},{"floor":11,"key":"REST"},{"floor":13,"key":"REST"},{"floor":15,"key":"REST"},{"floor":24,"key":"REST"}],"circlet_count":0,"master_deck":["HollowMod:NailStrikeStart","HollowMod:NailStrikeStart","HollowMod:NailStrikeStart","HollowMod:NailStrikeStart","HollowMod:QuickDashStart","HollowMod:QuickDashStart","HollowMod:QuickDashStart","HollowMod:QuickDashStart","HollowMod:FocusHealStart+1","HollowMod:PogoStrike","HollowMod:MonarchWings","HollowMod:HowlingWraiths","HollowMod:FallenFury","HollowMod:SoulEater","HollowMod:DungDefenderAura","HollowMod:AwokenDreamNail","HollowMod:FallenFury","HollowMod:GoodIntentions","HollowMod:PureVessel","HollowMod:CloakDash+1","Blind","HollowMod:HuntersJournal","HollowMod:Grubsong","HollowMod:DashSlash"],"relics":["HollowMod:VesselMask","Ancient Tea Set","Lantern","FossilizedHelix","Bag of Preparation","Mummified Hand","SacredBark","HornCleat","Pantograph"],"acts_visited":["Exordium","TheCity"],"potions_floor_usage":[6,10,23,23,25,25,28],"damage_taken":[{"damage":14,"enemies":"Jaw Worm","floor":1,"turns":4},{"damage":5,"enemies":"Small Slimes","floor":4,"turns":4},{"damage":5,"enemies":"Cultist","floor":5,"turns":4},{"damage":66,"enemies":"Lagavulin","floor":6,"turns":10},{"damage":29,"enemies":"HollowMod:MossKnight","floor":8,"turns":7},{"damage":23,"enemies":"Exordium Wildlife","floor":10,"turns":6},{"damage":24,"enemies":"Gremlin Nob","floor":12,"turns":5},{"damage":10,"enemies":"Exordium Thugs","floor":14,"turns":3},{"damage":47,"enemies":"HollowMod:FalseKnight","floor":16,"turns":10},{"damage":27,"enemies":"Chosen","floor":18,"turns":5},{"damage":36,"enemies":"Book of Stabbing","floor":23,"turns":7},{"damage":27,"enemies":"Spheric Guardian","floor":25,"turns":7},{"damage":16,"enemies":"Snecko","floor":27,"turns":6},{"damage":12,"enemies":"3 Cultists","floor":28,"turns":4}],"seed_played":"-2719195884255216222","potions_obtained":[{"floor":1,"key":"Regen Potion"},{"floor":4,"key":"DuplicationPotion"},{"floor":8,"key":"SpeedPotion"},{"floor":14,"key":"Energy Potion"},{"floor":21,"key":"SteroidPotion"},{"floor":23,"key":"Weak Potion"},{"floor":27,"key":"PowerPotion"}],"is_trial":false,"path_per_floor":["M","$","?","M","M","E","R","E","T","M","R","E","R","M","R","B",null,"M","?","?","?","$","E","R","M","T","M","M"],"character_chosen":"THE_BUGKNIGHT","items_purchased":["HollowMod:MonarchWings","Blind"],"campfire_rested":5,"item_purchase_floors":[2,22],"current_hp_per_floor":[61,61,54,59,64,25,47,28,28,17,39,21,43,33,55,14,75,48,48,48,48,48,12,34,13,13,3,0,0],"gold":218,"neow_bonus":"UPGRADE_CARD","is_daily":false,"chose_seed":false,"campfire_upgraded":0,"win_rate":0.0,"timestamp":1612398301,"path_taken":["M","$","?","M","M","E","R","E","T","M","R","E","R","M","R","BOSS","M","?","?","?","$","E","R","?","T","M","M"],"items_purchased_type":["Card","Card"],"build_version":"2020-12-22","purchased_purges":0,"victory":false,"max_hp_per_floor":[75,75,75,75,75,75,75,75,75,75,75,75,75,75,75,75,75,75,75,75,75,75,75,75,75,75,75,75,75],"card_choices":[{"not_picked":["HollowMod:SoulShaman","HollowMod:GoodIntentions"],"picked":"HollowMod:GrimmsGift","floor":1},{"not_picked":["HollowMod:ChannelNail","HollowMod:PerfectDash"],"picked":"HollowMod:HowlingWraiths","floor":4},{"not_picked":["HollowMod:GrimmsGift","HollowMod:CloakDash"],"picked":"HollowMod:FallenFury","floor":5},{"not_picked":["HollowMod:SiblingsShadow","HollowMod:ShadowDash"],"picked":"HollowMod:SoulEater","floor":6},{"not_picked":["HollowMod:NewGlowingWomb","HollowMod:DoubleDash"],"picked":"HollowMod:DungDefenderAura","floor":8},{"not_picked":["HollowMod:SoulEater","HollowMod:GoodIntentions"],"picked":"HollowMod:AwokenDreamNail","floor":10},{"not_picked":["HollowMod:SoulStrike","HollowMod:SoulVessel"],"picked":"HollowMod:FallenFury","floor":12},{"not_picked":["HollowMod:CornifersMapStart","HollowMod:NewLittleFool"],"picked":"HollowMod:GoodIntentions","floor":14},{"not_picked":["HollowMod:Hiveblood","HollowMod:HornetsHelp"],"picked":"HollowMod:PureVessel","floor":16},{"not_picked":["HollowMod:InfectedCysts","HollowMod:MawleksShell"],"picked":"HollowMod:CloakDash+1","floor":18},{"not_picked":["HollowMod:AbyssShriek","HollowMod:CrystalDash"],"picked":"HollowMod:HuntersJournal","floor":23},{"not_picked":["HollowMod:InfectedAttack","HollowMod:DoubleDash"],"picked":"HollowMod:Grubsong","floor":25},{"not_picked":["HollowMod:HowlingWraiths","HollowMod:InfectionAssault"],"picked":"HollowMod:DashSlash","floor":27}],"player_experience":65630,"relics_obtained":[{"floor":6,"key":"Lantern"},{"floor":8,"key":"FossilizedHelix"},{"floor":9,"key":"Bag of Preparation"},{"floor":12,"key":"Mummified Hand"},{"floor":23,"key":"HornCleat"},{"floor":26,"key":"Pantograph"}],"event_choices":[{"damage_healed":0,"gold_gain":0,"player_choice":"Success","damage_taken":7,"relics_obtained":["Ancient Tea Set"],"max_hp_gain":0,"max_hp_loss":0,"event_name":"Scrap Ooze","floor":3,"gold_loss":0},{"cards_removed":["HollowMod:GrimmsGift"],"damage_healed":0,"gold_gain":0,"player_choice":"Gave Gold","damage_taken":0,"max_hp_gain":0,"max_hp_loss":0,"event_name":"Beggar","floor":19,"gold_loss":75},{"damage_healed":0,"gold_gain":0,"player_choice":"Ignored","damage_taken":0,"max_hp_gain":0,"max_hp_loss":0,"event_name":"Ghosts","floor":20,"gold_loss":0},{"damage_healed":0,"gold_gain":0,"player_choice":"Bought 1 Potion","damage_taken":0,"max_hp_gain":0,"max_hp_loss":0,"event_name":"The Woman in Blue","floor":21,"gold_loss":0}],"is_beta":false,"boss_relics":[{"not_picked":["Ectoplasm","Philosopher\u0027s Stone"],"picked":"SacredBark"}],"items_purged_floors":[],"is_endless":false,"potions_floor_spawned":[1,4,8,14,23,27],"killed_by":"3 Cultists","ascension_level":0}}