{"host":"1gxyv4nzk9y6vrq3","time":1612481179,"event":{"mods":["BaseMod","Downfall","Duelist Mod","Hermit","Marisa????????","Minty Spire (QoL Compilation)","SOS???????","StSLib","The Animator","The Bladedancer","The Disciple","The Runesmith","The Senshi","The Servant 0.9.4"],"gold_per_floor":[117,132,148,161,177,177,208,208,208,218,246,246,246,280,280,280,280],"floor_reached":16,"language":"ENG","playtime":1378,"items_purged":[],"score":112,"play_id":"26b09d90-dab9-44c0-898d-63cd1336d31d","local_time":"20210204152619","is_ascension_mode":false,"campfire_choices":[{"floor":6,"key":"REST"},{"floor":8,"key":"REST"},{"floor":12,"key":"REST"},{"data":"theSenshi:SailorCosmosAssists","floor":15,"key":"SMITH"}],"circlet_count":0,"master_deck":["theSenshi:SailorKick","theSenshi:SailorKick","theSenshi:SailorKick","theSenshi:SailorKick","theSenshi:SailorBlock","theSenshi:SailorBlock","theSenshi:SailorBlock","theSenshi:SailorBlock","theSenshi:RoseThrow","theSenshi:MoonPrismPowerMakeUp","theSenshi:InTheNickOfTime","theSenshi:SupersonicWaves","theSenshi:SailorMarsAssists","theSenshi:SailorMarsAssists","theSenshi:MoonCrystalPowerMakeUp","theSenshi:SailorStarFighterAssists","theSenshi:GatheringStrength","theSenshi:SailorCosmosAssists+1"],"relics":["theSenshi:TransformationBroochRelic","Orichalcum","Bottled Tornado","Odd Mushroom","Golden Idol","Strawberry"],"acts_visited":["Exordium"],"potions_floor_usage":[5,11,14],"damage_taken":[{"damage":2,"enemies":"Jaw Worm","floor":1,"turns":4},{"damage":0,"enemies":"2 Louse","floor":2,"turns":3},{"damage":1,"enemies":"Small Slimes","floor":3,"turns":6},{"damage":6,"enemies":"Red Slaver","floor":4,"turns":3},{"damage":17,"enemies":"Gremlin Gang","floor":5,"turns":5},{"damage":21,"enemies":"3 Sentries","floor":7,"turns":7},{"damage":0,"enemies":"Exordium Thugs","floor":10,"turns":4},{"damage":13,"enemies":"The Mushroom Lair","floor":11,"turns":3},{"damage":9,"enemies":"Lagavulin","floor":14,"turns":7},{"damage":86,"enemies":"The Guardian","floor":16,"turns":17}],"seed_played":"-3661993976669374635","potions_obtained":[{"floor":3,"key":"Energy Potion"},{"floor":5,"key":"FearPotion"},{"floor":10,"key":"PowerPotion"},{"floor":14,"key":"SmokeBomb"}],"is_trial":false,"path_per_floor":["M","M","M","M","M","R","E","R","T","M","?","R","?","E","R","B"],"character_chosen":"THE_SENSHI","items_purchased":[],"campfire_rested":3,"item_purchase_floors":[],"current_hp_per_floor":[80,80,79,73,56,80,59,82,82,82,69,82,76,74,74,0,0],"gold":280,"neow_bonus":"TEN_PERCENT_HP_BONUS","is_daily":false,"chose_seed":false,"campfire_upgraded":1,"win_rate":0.0,"timestamp":1612481179,"path_taken":["M","M","M","M","M","R","E","R","T","M","?","R","?","E","R","BOSS"],"items_purchased_type":[],"build_version":"2020-12-22","purchased_purges":0,"victory":false,"max_hp_per_floor":[82,82,82,82,82,82,82,82,82,82,82,82,76,83,83,83,83],"card_choices":[{"not_picked":["theSenshi:SupersonicWaves","theSenshi:MoonPrincessHalation","theSenshi:SailorPlanetAttack"],"picked":"SKIP","floor":1},{"not_picked":["theSenshi:MoonPrincessHalation","theSenshi:SailorVenusAssists"],"picked":"theSenshi:InTheNickOfTime","floor":2},{"not_picked":["theSenshi:TallSilhouette","theSenshi:EncouragingSpeech"],"picked":"theSenshi:SupersonicWaves","floor":3},{"not_picked":["theSenshi:SailorStarMakerAssists","theSenshi:SailorVenusAssists"],"picked":"theSenshi:SailorMarsAssists","floor":4},{"not_picked":["theSenshi:MoonPrincessHalation","theSenshi:SailorChibiMoonAssists"],"picked":"theSenshi:SailorMarsAssists","floor":5},{"not_picked":["theSenshi:SailorPlanetAttack","theSenshi:SilverMoonCrystalPowerKiss"],"picked":"theSenshi:MoonCrystalPowerMakeUp","floor":7},{"not_picked":["theSenshi:SailorMercuryAssists","theSenshi:UranusStrength"],"picked":"theSenshi:SailorStarFighterAssists","floor":10},{"not_picked":["theSenshi:UranusStrength","theSenshi:EncouragingSpeech"],"picked":"theSenshi:GatheringStrength","floor":11},{"not_picked":["theSenshi:LunaWiseMentor","theSenshi:SailorPlanetPower","theSenshi:SailorCosmosAssists"],"picked":"SKIP","floor":14},{"not_picked":["theSenshi:LunaWiseMentor","theSenshi:SailorPlanetPower"],"picked":"theSenshi:SailorCosmosAssists","floor":14}],"player_experience":55650,"relics_obtained":[{"floor":7,"key":"Orichalcum"},{"floor":9,"key":"Bottled Tornado"},{"floor":11,"key":"Odd Mushroom"},{"floor":14,"key":"Strawberry"}],"event_choices":[{"damage_healed":0,"gold_gain":0,"player_choice":"Fought Mushrooms","damage_taken":0,"max_hp_gain":0,"max_hp_loss":0,"event_name":"Mushrooms","floor":11,"gold_loss":0},{"damage_healed":0,"gold_gain":0,"player_choice":"Lose Max HP","damage_taken":0,"relics_obtained":["Golden Idol"],"max_hp_gain":0,"max_hp_loss":6,"event_name":"Golden Idol","floor":13,"gold_loss":0}],"is_beta":false,"boss_relics":[],"items_purged_floors":[],"is_endless":false,"potions_floor_spawned":[3,5,10,14],"killed_by":"The Guardian","ascension_level":0}}