{"host":"0k696jvpnlqjk4gh","time":1612431224,"event":{"mods":["AchievementEnabler","BaseMod","Colored Map","Colored Powertips","Minty Spire (QoL Compilation)","Quick Restart"],"gold_per_floor":[115,115,115,115,126,126,161,161,161,161,177,177,277,292,292,292,292],"floor_reached":16,"language":"ENG","playtime":681,"items_purged":[],"score":148,"play_id":"79f7dcb7-9ddf-44a4-b278-318c2808fa8a","local_time":"20210204093344","is_ascension_mode":true,"campfire_choices":[{"data":"Flying Knee","floor":6,"key":"SMITH"},{"data":"Outmaneuver","floor":8,"key":"SMITH"},{"floor":10,"key":"RECALL"},{"floor":15,"key":"REST"}],"circlet_count":0,"master_deck":["Strike_G","Strike_G","Strike_G","Strike_G","Defend_G","Defend_G","Defend_G","Defend_G+1","Defend_G","Survivor","Neutralize","Flying Knee+1","Deflect+1","Outmaneuver+1","Eviscerate+1","Dagger Throw"],"relics":["Ring of the Snake","NeowsBlessing","Oddly Smooth Stone","War Paint"],"acts_visited":["Exordium"],"potions_floor_usage":[14,14],"damage_taken":[{"damage":0,"enemies":"Cultist","floor":1,"turns":1},{"damage":0,"enemies":"Small Slimes","floor":5,"turns":1},{"damage":0,"enemies":"Gremlin Nob","floor":7,"turns":1},{"damage":2,"enemies":"Jaw Worm","floor":11,"turns":4},{"damage":12,"enemies":"Gremlin Gang","floor":14,"turns":8},{"damage":72,"enemies":"The Guardian","floor":16,"turns":12}],"seed_played":"4857936881635903512","potions_obtained":[{"floor":7,"key":"Weak Potion"},{"floor":11,"key":"ColorlessPotion"}],"is_trial":false,"path_per_floor":["M","$","?","$","M","R","E","R","T","R","M","?","?","M","R","B"],"character_chosen":"THE_SILENT","items_purchased":[],"campfire_rested":1,"item_purchase_floors":[],"current_hp_per_floor":[70,70,63,63,63,63,63,63,63,63,61,61,61,49,70,0,0],"gold":292,"neow_bonus":"THREE_ENEMY_KILL","is_daily":false,"chose_seed":false,"campfire_upgraded":2,"win_rate":0.0,"timestamp":1612431224,"path_taken":["M","$","?","$","M","R","E","R","T","R","M","?","?","?","R","BOSS"],"items_purchased_type":[],"build_version":"2020-12-22","purchased_purges":0,"victory":false,"max_hp_per_floor":[70,70,70,70,70,70,70,70,70,70,70,70,70,70,70,70,70],"card_choices":[{"not_picked":["Dagger Throw","Endless Agony"],"picked":"Flying Knee","floor":1},{"not_picked":["Deadly Poison","Expertise"],"picked":"Deflect","floor":5},{"not_picked":["Backflip","Deflect"],"picked":"Outmaneuver","floor":7},{"not_picked":["Dagger Spray","Prepared"],"picked":"Eviscerate","floor":11},{"not_picked":["PiercingWail","Outmaneuver"],"picked":"Dagger Throw","floor":14}],"player_experience":146976,"relics_obtained":[{"floor":7,"key":"Oddly Smooth Stone"},{"floor":9,"key":"War Paint"}],"event_choices":[{"cards_removed":["Strike_G"],"damage_healed":0,"gold_gain":0,"player_choice":"Card Removal","damage_taken":7,"max_hp_gain":0,"max_hp_loss":0,"event_name":"Golden Wing","floor":3,"gold_loss":0},{"damage_healed":0,"gold_gain":0,"player_choice":"Grow","damage_taken":0,"max_hp_gain":0,"max_hp_loss":0,"event_name":"Living Wall","floor":12,"gold_loss":0,"cards_upgraded":["Eviscerate"]},{"damage_healed":0,"gold_gain":100,"player_choice":"Pray","damage_taken":0,"max_hp_gain":0,"max_hp_loss":0,"event_name":"Golden Shrine","floor":13,"gold_loss":0}],"is_beta":false,"boss_relics":[],"items_purged_floors":[],"is_endless":false,"potions_floor_spawned":[7,11],"killed_by":"The Guardian","ascension_level":4}}