{"host":"mnpd8gh7cwxsn5kh","time":1612451556,"event":{"mods":["BaseMod","Bestiary","Block Reminder","Colored Map","Colored Powertips","Highlight Path","Minty Spire (QoL Compilation)","Relic Sorter","Relic Stats"],"gold_per_floor":[112,112,112,137,137,177,191,191,191,191,235,260,260,304,304,429,429,412,412,412,428,428,471,471,511,511,530,554,554,114,149,149,270,270,294,294,309,322,347,370,401,425,425,463,487,21,0,19,19,19],"floor_reached":51,"language":"ENG","playtime":4339,"items_purged":["Decay","Injury"],"score":1292,"play_id":"62550e04-163e-4609-b719-1f0c491d4a19","local_time":"20210204161236","is_ascension_mode":true,"campfire_choices":[{"data":"Cloak And Dagger","floor":8,"key":"SMITH"},{"data":"Skewer","floor":10,"key":"SMITH"},{"data":"Cloak And Dagger","floor":13,"key":"SMITH"},{"data":"Infinite Blades","floor":15,"key":"SMITH"},{"data":"Wraith Form v2","floor":24,"key":"SMITH"},{"data":"After Image","floor":29,"key":"SMITH"},{"data":"Terror","floor":32,"key":"SMITH"},{"data":"Infinite Blades","floor":49,"key":"SMITH"}],"circlet_count":0,"master_deck":["Defend_G+1","Defend_G","Defend_G","Defend_G","Survivor","Neutralize+1","PiercingWail","Cloak And Dagger+1","Skewer+1","Poisoned Stab","PiercingWail","Cloak And Dagger+1","Infinite Blades+1","Wraith Form v2+1","Blur","Bite","Bite+1","Bite","Bite","Bite+1","Backstab","Malaise","Bouncing Flask+1","After Image+1","Terror+1","Acrobatics+1","Corpse Explosion","Blade Dance","Leg Sweep","Malaise","Footwork+1","Noxious Fumes+1","Cloak And Dagger","Terror","Catalyst","Accuracy+1","Blade Dance","Infinite Blades+1","Blade Dance+1"],"relics":["Ring of the Snake","NeowsBlessing","Golden Idol","Mummified Hand","Eternal Feather","Question Card","MealTicket","Cursed Key","Paper Crane","PreservedInsect","FossilizedHelix","Ninja Scroll","Gremlin Horn","SlaversCollar","Whetstone","Tingsha","Nunchaku","InkBottle","Red Mask"],"acts_visited":["Exordium","TheCity","TheBeyond"],"potions_floor_usage":[11,16,16,25,33,33,38],"damage_taken":[{"damage":0,"enemies":"Small Slimes","floor":1,"turns":1},{"damage":0,"enemies":"Cultist","floor":4,"turns":1},{"damage":0,"enemies":"3 Sentries","floor":6,"turns":1},{"damage":0,"enemies":"2 Louse","floor":7,"turns":4},{"damage":18,"enemies":"Gremlin Nob","floor":11,"turns":4},{"damage":0,"enemies":"2 Fungi Beasts","floor":12,"turns":3},{"damage":20,"enemies":"3 Sentries","floor":14,"turns":7},{"damage":34,"enemies":"Hexaghost","floor":16,"turns":11},{"damage":0,"enemies":"2 Thieves","floor":18,"turns":4},{"damage":2,"enemies":"Chosen","floor":21,"turns":6},{"damage":17,"enemies":"Slavers","floor":23,"turns":9},{"damage":13,"enemies":"Gremlin Leader","floor":25,"turns":9},{"damage":5,"enemies":"Shelled Parasite and Fungi","floor":27,"turns":5},{"damage":0,"enemies":"Snecko","floor":28,"turns":4},{"damage":0,"enemies":"Slavers","floor":31,"turns":2},{"damage":0,"enemies":"Collector","floor":33,"turns":7},{"damage":0,"enemies":"3 Darklings","floor":35,"turns":1},{"damage":0,"enemies":"3 Shapes","floor":37,"turns":5},{"damage":0,"enemies":"Spire Growth","floor":38,"turns":6},{"damage":0,"enemies":"Transient","floor":39,"turns":5},{"damage":0,"enemies":"Sphere and 2 Shapes","floor":40,"turns":6},{"damage":0,"enemies":"Reptomancer","floor":41,"turns":7},{"damage":11,"enemies":"Spire Growth","floor":42,"turns":7},{"damage":0,"enemies":"Giant Head","floor":44,"turns":7},{"damage":19,"enemies":"3 Darklings","floor":45,"turns":7},{"damage":0,"enemies":"Jaw Worm Horde","floor":48,"turns":3},{"damage":12,"enemies":"Awakened One","floor":50,"turns":11}],"seed_played":"-4284342230364899491","potions_obtained":[{"floor":6,"key":"SteroidPotion"},{"floor":11,"key":"FearPotion"},{"floor":14,"key":"AttackPotion"},{"floor":16,"key":"PowerPotion"},{"floor":21,"key":"Weak Potion"},{"floor":23,"key":"LiquidBronze"},{"floor":27,"key":"Weak Potion"},{"floor":31,"key":"BlessingOfTheForge"},{"floor":38,"key":"SteroidPotion"},{"floor":41,"key":"FearPotion"},{"floor":42,"key":"FearPotion"},{"floor":44,"key":"Weak Potion"}],"is_trial":false,"path_per_floor":["M","?","?","M","?","E","M","R","T","R","E","M","R","E","R","B",null,"M","?","?","M","?","E","R","E","T","M","M","R","$","E","R","B",null,"M","?","M","M","M","M","E","M","T","E","M","$","?","M","R","B",null],"character_chosen":"THE_SILENT","items_purchased":["Corpse Explosion","Ninja Scroll","Blade Dance","Infinite Blades","InkBottle","PowerPotion"],"campfire_rested":0,"item_purchase_floors":[30,30,30,46,46,46],"current_hp_per_floor":[63,63,63,63,50,50,50,50,50,59,41,41,50,30,39,5,50,50,50,45,45,45,42,45,40,40,45,45,45,45,45,45,45,45,45,45,45,45,45,45,45,39,39,45,30,45,45,45,45,41],"gold":19,"neow_bonus":"THREE_ENEMY_KILL","is_daily":false,"chose_seed":false,"campfire_upgraded":8,"win_rate":0.0,"timestamp":1612451556,"path_taken":["M","?","?","?","?","E","M","R","T","R","E","M","R","E","R","BOSS","M","?","?","?","?","E","R","E","T","M","M","R","$","E","R","BOSS","M","?","?","?","M","M","E","M","T","E","M","$","?","M","R","BOSS"],"items_purchased_type":["Card","Relic","Card","Card","Relic","Potion"],"build_version":"2020-12-22","purchased_purges":2,"victory":true,"max_hp_per_floor":[70,65,65,65,65,65,65,65,65,65,65,65,65,65,65,65,65,65,65,45,45,45,45,45,45,45,45,45,45,45,45,45,45,45,45,45,45,45,45,45,45,45,45,45,45,45,45,45,45,45],"relic_stats":{"Gremlin Horn":[18,18],"counters":[27,143],"Golden Idol":202,"Eternal Feather":30,"Tingsha":[18],"PreservedInsect":229,"Whetstone":["Bite","Bite"],"Question Card":21,"Cursed Key":2,"Nunchaku":[9],"Mummified Hand":[74],"MealTicket":15,"obtain_stats":[{"NeowsBlessing":0,"Gremlin Horn":31,"Golden Idol":2,"Eternal Feather":9,"Tingsha":43,"PreservedInsect":25,"Whetstone":41,"Paper Crane":23,"Question Card":11,"Cursed Key":17,"SlaversCollar":34,"Nunchaku":44,"Mummified Hand":6,"Ninja Scroll":30,"MealTicket":14,"Red Mask":47,"FossilizedHelix":26,"InkBottle":46,"Ring of the Snake":0},{"NeowsBlessing":0,"Gremlin Horn":15,"Golden Idol":1,"Eternal Feather":4,"Tingsha":23,"PreservedInsect":12,"Whetstone":22,"Paper Crane":11,"Question Card":5,"Cursed Key":8,"SlaversCollar":16,"Nunchaku":24,"Mummified Hand":3,"Ninja Scroll":14,"MealTicket":7,"Red Mask":25,"FossilizedHelix":12,"InkBottle":25,"Ring of the Snake":0},{"NeowsBlessing":0,"Gremlin Horn":71,"Golden Idol":1,"Eternal Feather":7,"Tingsha":115,"PreservedInsect":60,"Whetstone":108,"Paper Crane":51,"Question Card":11,"Cursed Key":32,"SlaversCollar":78,"Nunchaku":122,"Mummified Hand":3,"Ninja Scroll":69,"MealTicket":21,"Red Mask":129,"FossilizedHelix":60,"InkBottle":129,"Ring of the Snake":0}],"InkBottle":[11],"Ring of the Snake":[54]},"card_choices":[{"not_picked":["Outmaneuver","Poisoned Stab"],"picked":"PiercingWail","floor":1},{"not_picked":["Noxious Fumes","Blade Dance"],"picked":"Cloak And Dagger","floor":4},{"not_picked":["Prepared","Riddle With Holes"],"picked":"Skewer","floor":6},{"not_picked":["Endless Agony","Quick Slash"],"picked":"Poisoned Stab","floor":7},{"not_picked":["Dagger Throw","Finisher"],"picked":"PiercingWail","floor":11},{"not_picked":["Outmaneuver","Blur","Quick Slash"],"picked":"Cloak And Dagger","floor":12},{"not_picked":["Footwork","Night Terror","Bane"],"picked":"Infinite Blades","floor":14},{"not_picked":["Night Terror","Burst","Phantasmal Killer"],"picked":"Wraith Form v2","floor":16},{"not_picked":["Caltrops","Slice","PiercingWail"],"picked":"Blur","floor":18},{"not_picked":["Dagger Throw","PiercingWail","Caltrops"],"picked":"Backstab","floor":21},{"not_picked":["Dodge and Roll","Calculated Gamble","Underhanded Strike"],"picked":"Bouncing Flask+1","floor":23},{"not_picked":["Quick Slash+1","Choke","Prepared"],"picked":"After Image","floor":25},{"not_picked":["Deflect","Expertise","Dagger Throw"],"picked":"Terror","floor":27},{"not_picked":["Slice","Dagger Throw","Underhanded Strike"],"picked":"Acrobatics+1","floor":28},{"not_picked":["Cloak And Dagger","Endless Agony","Bane"],"picked":"Leg Sweep","floor":31},{"not_picked":["Bullet Time","Storm of Steel","Phantasmal Killer"],"picked":"Malaise","floor":33},{"not_picked":["Prepared","Setup+1","PiercingWail+1"],"picked":"Footwork+1","floor":35},{"not_picked":["Underhanded Strike+1","All Out Attack+1","Accuracy"],"picked":"Noxious Fumes+1","floor":37},{"not_picked":["Riddle With Holes","Expertise+1","Flying Knee+1"],"picked":"Cloak And Dagger","floor":38},{"not_picked":["Dagger Spray","Flechettes+1","Bullet Time"],"picked":"Terror","floor":39},{"not_picked":["Sucker Punch+1","Setup","Cloak And Dagger","Concentrate+1"],"picked":"SKIP","floor":40},{"not_picked":["All Out Attack+1","Quick Slash","Dash+1"],"picked":"Catalyst","floor":41},{"not_picked":["All Out Attack+1","Predator","Choke","Deadly Poison"],"picked":"SKIP","floor":42},{"not_picked":["Well Laid Plans","Tools of the Trade","Infinite Blades+1"],"picked":"Accuracy+1","floor":44},{"not_picked":["Dagger Spray+1","Riddle With Holes+1","Choke"],"picked":"Blade Dance","floor":45},{"not_picked":["Distraction","PiercingWail+1","Flying Knee"],"picked":"Blade Dance+1","floor":48}],"player_experience":285920,"relics_obtained":[{"floor":6,"key":"Mummified Hand"},{"floor":9,"key":"Eternal Feather"},{"floor":11,"key":"Question Card"},{"floor":14,"key":"MealTicket"},{"floor":23,"key":"Paper Crane"},{"floor":25,"key":"PreservedInsect"},{"floor":26,"key":"FossilizedHelix"},{"floor":31,"key":"Gremlin Horn"},{"floor":41,"key":"Whetstone"},{"floor":43,"key":"Tingsha"},{"floor":44,"key":"Nunchaku"}],"event_choices":[{"damage_healed":0,"gold_gain":0,"player_choice":"Lose Max HP","damage_taken":0,"relics_obtained":["Golden Idol"],"max_hp_gain":0,"max_hp_loss":5,"event_name":"Golden Idol","floor":2,"gold_loss":0},{"damage_healed":0,"gold_gain":0,"player_choice":"Forge","damage_taken":0,"max_hp_gain":0,"max_hp_loss":0,"event_name":"Accursed Blacksmith","floor":3,"gold_loss":0,"cards_upgraded":["Neutralize"]},{"damage_healed":0,"gold_gain":0,"player_choice":"Entered Light","damage_taken":13,"max_hp_gain":0,"max_hp_loss":0,"event_name":"Shining Light","floor":5,"gold_loss":0,"cards_upgraded":["Strike_G","Defend_G"]},{"damage_healed":0,"gold_gain":0,"player_choice":"Ignored","damage_taken":0,"max_hp_gain":0,"max_hp_loss":0,"event_name":"Cursed Tome","floor":19,"gold_loss":0},{"damage_healed":0,"gold_gain":0,"player_choice":"Became a vampire","damage_taken":0,"max_hp_gain":0,"max_hp_loss":20,"event_name":"Vampires","floor":20,"gold_loss":0,"cards_obtained":["Bite","Bite","Bite","Bite","Bite"]},{"damage_healed":0,"gold_gain":0,"player_choice":"Read","damage_taken":0,"max_hp_gain":0,"max_hp_loss":0,"event_name":"The Library","floor":22,"gold_loss":0,"cards_obtained":["Malaise"]},{"cards_removed":["Defend_G"],"damage_healed":0,"gold_gain":0,"player_choice":"Offered Basic","damage_taken":0,"max_hp_gain":0,"max_hp_loss":0,"event_name":"Bonfire Elementals","floor":36,"gold_loss":0},{"damage_healed":0,"gold_gain":0,"player_choice":"Paid","damage_taken":0,"relics_obtained":["Red Mask"],"max_hp_gain":0,"max_hp_loss":0,"event_name":"Tomb of Lord Red Mask","floor":47,"gold_loss":21}],"is_beta":false,"boss_relics":[{"not_picked":["Runic Pyramid","Busted Crown"],"picked":"Cursed Key"},{"not_picked":["Runic Dome","Fusion Hammer"],"picked":"SlaversCollar"}],"items_purged_floors":[30,46],"is_endless":false,"potions_floor_spawned":[6,11,14,16,21,23,27,31,38,41,42,44],"ascension_level":8}}