{"host":"kvh5342rl0c7vxi5","time":1612478158,"event":{"mods":["BaseMod","Downfall","Hermit","Jorbs\u0027s Wanderer Trilogy","Minty Spire (QoL Compilation)","Quick Restart","StSLib","SuperFastMode","The Poker Player"],"gold_per_floor":[99,119,137,150,150,150,176,176,191,14,33,44,64,64,75,175,175,175,191,210,59,77,77,156,168,180,180,180,206,106,106,118,213,213,213,233,244,63,82,100,100,123,156,156,186,186,214,233,243,243,243,243],"floor_reached":50,"language":"ENG","playtime":3646,"items_purged":["Regret","Slimebound:Strike_Slimebound","Slimebound:Defend_Slimebound"],"score":578,"play_id":"426a85f4-4fed-44ad-a1dc-da9ca44cdcb2","local_time":"20210204173558","is_ascension_mode":true,"campfire_choices":[{"data":"Slimebound:Split","floor":1,"key":"SMITH"},{"data":"Slimebound:SplitLeeching","floor":6,"key":"SMITH"},{"data":"Slimebound:SelfFormingGoo","floor":18,"key":"SMITH"},{"data":"Slimebound:RejuvenatingLick","floor":23,"key":"SMITH"},{"data":"Slimebound:Grow","floor":27,"key":"SMITH"},{"floor":30,"key":"REST"},{"data":"Slimebound:TagTeam","floor":35,"key":"SMITH"},{"floor":46,"key":"REST"}],"circlet_count":0,"master_deck":["Slimebound:Tackle","Slimebound:Defend_Slimebound+1","Slimebound:Defend_Slimebound","Slimebound:Defend_Slimebound","Slimebound:Split+1","Slimebound:CorrosiveSpit","Slimebound:Equalize+1","Slimebound:LivingWall","Slimebound:SplitLeeching+1","Slimebound:RejuvenatingLick+1","Slimebound:RallyTheTroops+1","Slimebound:LevelUp","Slimebound:HauntingLick","Slimebound:Prepare","Slimebound:SplitMire","Slimebound:SelfFormingGoo+1","Slimebound:SplitLeeching","Slimebound:PressTheAttack","Slimebound:SplitBruiser","Slimebound:SlimeTap","Slimebound:SamplingLick+1","Slimebound:Grow+1","Slimebound:Gluttony+1","Slimebound:TagTeam+1","Slimebound:SplitSpecialist+1","Slimebound:Teamwork","Slimebound:SplitAcid","Slimebound:LeadByExample+1","Slimebound:SpikyOuterGoop+1","Slimebound:SplitAcid+1","Slimebound:RainOfGoop+1","Slimebound:Repurpose+1","Slimebound:RejuvenatingLick+1"],"relics":["Slimebound:AbsorbEndCombat","Pantograph","Akabeko","Runic Pyramid","White Beast Statue","Nilry\u0027s Codex","Frozen Egg 2","downfall:HeartBlessingGreen","bronze:MakeshiftBattery","Slimebound:AggressiveSlimeRelic","Whetstone","Boot","Prayer Wheel"],"acts_visited":["Exordium","TheCity","TheBeyond"],"potions_floor_usage":[29,33,45,45,48,50],"damage_taken":[{"damage":1,"enemies":"2 Louse","floor":2,"turns":3},{"damage":9,"enemies":"Jaw Worm","floor":3,"turns":3},{"damage":5,"enemies":"Small Slimes","floor":4,"turns":3},{"damage":12,"enemies":"2 Fungi Beasts","floor":9,"turns":4},{"damage":9,"enemies":"downfall:FleeingMerchant","floor":10,"turns":4},{"damage":1,"enemies":"Red Slaver","floor":11,"turns":3},{"damage":11,"enemies":"Large Slime","floor":12,"turns":5},{"damage":1,"enemies":"3 Louse","floor":13,"turns":4},{"damage":0,"enemies":"2 Fungi Beasts","floor":15,"turns":2},{"damage":36,"enemies":"DF_ARCHETYPE_STREAMLINE","floor":16,"turns":9},{"damage":13,"enemies":"Shell Parasite","floor":19,"turns":6},{"damage":33,"enemies":"3 Byrds","floor":20,"turns":6},{"damage":12,"enemies":"downfall:FleeingMerchant","floor":21,"turns":4},{"damage":9,"enemies":"Snecko","floor":22,"turns":6},{"damage":0,"enemies":"Chosen and Byrds","floor":25,"turns":2},{"damage":24,"enemies":"3 Cultists","floor":26,"turns":6},{"damage":23,"enemies":"Book of Stabbing","floor":29,"turns":5},{"damage":28,"enemies":"Centurion and Healer","floor":32,"turns":5},{"damage":59,"enemies":"SI_MIRROR_ARCHETYPE","floor":33,"turns":11},{"damage":0,"enemies":"3 Shapes","floor":36,"turns":5},{"damage":0,"enemies":"3 Darklings","floor":37,"turns":7},{"damage":12,"enemies":"downfall:FleeingMerchant","floor":38,"turns":4},{"damage":31,"enemies":"Sphere and 2 Shapes","floor":39,"turns":4},{"damage":10,"enemies":"Transient","floor":40,"turns":5},{"damage":28,"enemies":"Nemesis","floor":43,"turns":7},{"damage":31,"enemies":"Reptomancer","floor":45,"turns":6},{"damage":13,"enemies":"Giant Head","floor":47,"turns":7},{"damage":22,"enemies":"Jaw Worm Horde","floor":48,"turns":5},{"damage":8,"enemies":"Spire Growth","floor":49,"turns":5},{"damage":83,"enemies":"IC_BLOCK_ARCHETYPE","floor":50,"turns":9}],"seed_played":"-3046587688845453010","potions_obtained":[{"floor":2,"key":"LiquidMemories"},{"floor":4,"key":"Slimebound:SpawnSlimePotion"},{"floor":11,"key":"Fire Potion"},{"floor":25,"key":"PowerPotion"},{"floor":29,"key":"Slimebound:SlimyTonguePotion"},{"floor":33,"key":"Explosive Potion"},{"floor":45,"key":"AttackPotion"},{"floor":47,"key":"DuplicationPotion"},{"floor":48,"key":"AttackPotion"}],"is_trial":false,"path_per_floor":["R","M","M","M","?","R","T","?","M","$","M","M","M","?","M","B",null,"R","M","M","$","M","R","T","M","M","R","?","E","R","?","M","B",null,"R","M","M","$","M","M","T","T","E","?","E","R","E","M","M","B"],"character_chosen":"SLIMEBOUND","items_purchased":["Slimebound:LevelUp","Slimebound:HauntingLick","Slimebound:SlimeTap","Slimebound:LeadByExample+1"],"campfire_rested":2,"item_purchase_floors":[10,10,21,38],"current_hp_per_floor":[71,70,68,71,71,71,71,71,61,64,71,71,71,71,71,49,71,71,71,54,54,61,61,61,71,59,59,43,36,57,49,37,15,71,71,71,71,71,40,46,46,46,34,34,7,28,35,25,35,0,0,0],"gold":243,"neow_bonus":"TEN_PERCENT_HP_BONUS","is_daily":false,"chose_seed":false,"campfire_upgraded":6,"win_rate":0.0,"timestamp":1612478158,"path_taken":["R","M","M","M","?","R","T","?","M","?","M","?","M","?","M","BOSS","R","M","M","$","M","R","T","M","M","R","?","E","R","?","M","BOSS","R","M","M","$","M","M","T","?","E","?","E","R","E","M","M","BOSS"],"items_purchased_type":["Card","Card","Card","Card"],"build_version":"2020-12-22","purchased_purges":3,"victory":false,"max_hp_per_floor":[71,71,71,71,71,71,71,71,71,71,71,71,71,71,71,71,71,71,71,71,71,71,71,71,71,71,71,71,71,71,71,71,71,71,71,71,71,71,71,71,71,71,71,71,71,71,71,71,71,71,71,71],"card_choices":[{"not_picked":["Slimebound:Dissolve","Slimebound:Prepare"],"picked":"Slimebound:Equalize","floor":2},{"not_picked":["Slimebound:RollThrough","Slimebound:ForwardTackle"],"picked":"Slimebound:LivingWall","floor":3},{"not_picked":["Slimebound:TongueLash","Slimebound:SlimeBarrage"],"picked":"Slimebound:SplitLeeching","floor":4},{"not_picked":["Slimebound:ForwardTackle","Slimebound:SplitMire"],"picked":"Slimebound:RejuvenatingLick","floor":9},{"not_picked":["Slimebound:Grow","Slimebound:RejuvenatingLick"],"picked":"Slimebound:RallyTheTroops","floor":10},{"not_picked":["Slimebound:ServeAndProtect","Slimebound:SlimeBarrage"],"picked":"Slimebound:Prepare","floor":11},{"not_picked":["Slimebound:PressTheAttack","Slimebound:LivingWall"],"picked":"Slimebound:SplitMire","floor":12},{"not_picked":["Slimebound:HungryTackle","Slimebound:LivingWall"],"picked":"Slimebound:FinishingTackle","floor":13},{"not_picked":["Slimebound:SlimeBarrage","Slimebound:RollThrough","Slimebound:SplitMire"],"picked":"SKIP","floor":15},{"not_picked":["Slimebound:WasteNot","Slimebound:PrepareCrush"],"picked":"Slimebound:SelfFormingGoo","floor":16},{"not_picked":["Slimebound:LeechingTouch","Slimebound:LeechEnergy+1"],"picked":"Slimebound:SplitLeeching","floor":19},{"not_picked":["Slimebound:FinishingTackle","Slimebound:Equalize"],"picked":"Slimebound:PressTheAttack","floor":20},{"not_picked":["Slimebound:Dissolve","Slimebound:SlimeSpikes"],"picked":"Slimebound:SplitBruiser","floor":21},{"not_picked":["Slimebound:Repurpose","Slimebound:SplitSpecialist"],"picked":"Slimebound:SamplingLick+1","floor":22},{"not_picked":["Slimebound:SplitBruiser","Slimebound:Replication"],"picked":"Slimebound:Grow","floor":25},{"not_picked":["Slimebound:SplitLeeching","Slimebound:SlimeSpikes"],"picked":"Slimebound:Gluttony+1","floor":26},{"not_picked":["Slimebound:SamplingLick","Slimebound:LeechEnergy"],"picked":"Slimebound:TagTeam","floor":29},{"not_picked":["Slimebound:Recollect+1","Slimebound:LeechingTouch"],"picked":"Slimebound:SplitSpecialist+1","floor":32},{"not_picked":["Slimebound:DouseInSlime","Slimebound:MassRepurpose"],"picked":"Slimebound:Teamwork","floor":33},{"not_picked":["Slimebound:SplitBruiser+1","Slimebound:RollThrough","Slimebound:FlameTackle+1"],"picked":"SKIP","floor":36},{"not_picked":["Slimebound:Dissolve","Slimebound:PressTheAttack"],"picked":"Slimebound:SplitAcid","floor":37},{"not_picked":["Slimebound:FormOfPuddle+1","Slimebound:DouseInSlime","Slimebound:PressTheAttack"],"picked":"SKIP","floor":38},{"not_picked":["Slimebound:LeechingTouch+1","Slimebound:SlimeBarrage+1","Slimebound:LivingWall"],"picked":"SKIP","floor":39},{"not_picked":["Slimebound:Schlurp","Slimebound:MegaLick+1","Slimebound:Gluttony+1"],"picked":"SKIP","floor":40},{"not_picked":["Slimebound:SplitSpecialist+1","Slimebound:ServeAndProtect+1"],"picked":"Slimebound:SpikyOuterGoop+1","floor":43},{"not_picked":["Slimebound:GoopTackle+1","Slimebound:Recollect+1","Slimebound:FinishingTackle"],"picked":"SKIP","floor":45},{"not_picked":["Slimebound:GoopTackle","Slimebound:LivingWall"],"picked":"Slimebound:SplitAcid+1","floor":47},{"not_picked":["Slimebound:GoopSpray","Slimebound:RollThrough+1"],"picked":"Slimebound:RainOfGoop+1","floor":48},{"not_picked":["Slimebound:SlimeTap+1","Slimebound:SpikyOuterGoop+1"],"picked":"Slimebound:Repurpose+1","floor":48},{"not_picked":["Slimebound:Recycling+1","Slimebound:Prepare"],"picked":"Slimebound:RejuvenatingLick+1","floor":49},{"not_picked":["Slimebound:Recollect+1","Slimebound:DivideAndConquer","Slimebound:ComboTackle"],"picked":"SKIP","floor":49}],"player_experience":580006,"relics_obtained":[{"floor":7,"key":"Akabeko"},{"floor":24,"key":"White Beast Statue"},{"floor":28,"key":"Nilry\u0027s Codex"},{"floor":29,"key":"Frozen Egg 2"},{"floor":42,"key":"Slimebound:AggressiveSlimeRelic"},{"floor":43,"key":"Whetstone"},{"floor":45,"key":"Boot"},{"floor":47,"key":"Prayer Wheel"}],"event_choices":[{"damage_healed":0,"gold_gain":0,"player_choice":"Box","damage_taken":0,"relics_obtained":["Pantograph"],"max_hp_gain":0,"max_hp_loss":0,"event_name":"Big Fish","floor":5,"gold_loss":0,"cards_obtained":["Regret"]},{"cards_removed":["Slimebound:FinishingTackle"],"damage_healed":0,"gold_gain":0,"player_choice":"Removed Attack","damage_taken":0,"max_hp_gain":0,"max_hp_loss":0,"event_name":"Falling","floor":44,"gold_loss":0}],"is_beta":false,"boss_relics":[{"not_picked":["Pandora\u0027s Box","Tiny House"],"picked":"Runic Pyramid"},{"not_picked":["Runic Dome","Busted Crown"],"picked":"bronze:MakeshiftBattery"}],"items_purged_floors":[10,21,38],"is_endless":false,"potions_floor_spawned":[2,4,11,13,19,25,26,29,32,33,36,37,38,39,40,43,45,47,48,49],"killed_by":"IC_BLOCK_ARCHETYPE","ascension_level":1}}