{"host":"p0hktren06injwdf","time":1612397774,"event":{"mods":["AchievementEnabler","BaseMod","Colored Map","DeckTracker","Minty Spire (QoL Compilation)","Permanent Neow","StSLib","SuperFastMode"],"gold_per_floor":[118,136,136,136,154,173,173,98,98,98],"floor_reached":9,"language":"KOR","playtime":114,"items_purged":[],"score":106,"play_id":"a7d79789-3ac8-49b7-aba3-e3dde9df2536","local_time":"20210204091614","is_ascension_mode":true,"campfire_choices":[{"data":"Zap","floor":7,"key":"SMITH"}],"circlet_count":0,"master_deck":["AscendersBane","Strike_B","Strike_B","Strike_B","Defend_B","Defend_B","Defend_B","Defend_B","Zap+1","Dualcast","Leap","Conserve Battery","Reinforced Body"],"relics":["Cracked Core"],"acts_visited":["Exordium"],"potions_floor_usage":[9],"damage_taken":[{"damage":0,"enemies":"Cultist","floor":1,"turns":3},{"damage":2,"enemies":"Small Slimes","floor":2,"turns":4},{"damage":1,"enemies":"Looter","floor":5,"turns":4},{"damage":0,"enemies":"Large Slime","floor":6,"turns":5},{"damage":66,"enemies":"Gremlin Nob","floor":9,"turns":4}],"seed_played":"-4934091544940078582","potions_obtained":[{"floor":6,"key":"BlessingOfTheForge"}],"is_trial":false,"path_per_floor":["M","M","M","?","M","M","R","?","E"],"character_chosen":"DEFECT","items_purchased":[],"campfire_rested":0,"item_purchase_floors":[],"current_hp_per_floor":[64,62,62,67,66,66,66,66,0,0],"gold":98,"neow_bonus":"THREE_CARDS","is_daily":false,"chose_seed":false,"campfire_upgraded":1,"win_rate":0.0,"timestamp":1612397774,"path_taken":["M","M","M","?","M","M","R","?","E"],"items_purchased_type":[],"build_version":"2020-12-22","purchased_purges":0,"victory":false,"max_hp_per_floor":[71,71,71,76,76,76,76,76,76,76],"card_choices":[{"not_picked":["Redo","Steam"],"picked":"Leap","floor":0},{"not_picked":["Compile Driver","Blizzard"],"picked":"Conserve Battery","floor":1},{"not_picked":["Steam","Fusion","Double Energy"],"picked":"SKIP","floor":2},{"not_picked":["Fusion","Turbo","Conserve Battery"],"picked":"SKIP","floor":5},{"not_picked":["Storm","Beam Cell"],"picked":"Reinforced Body","floor":6}],"player_experience":1007671,"relics_obtained":[],"event_choices":[{"damage_healed":0,"gold_gain":0,"player_choice":"Donut","damage_taken":0,"max_hp_gain":5,"max_hp_loss":0,"event_name":"Big Fish","floor":4,"gold_loss":0},{"cards_removed":["Strike_B"],"damage_healed":0,"gold_gain":0,"player_choice":"Card Removal","damage_taken":0,"max_hp_gain":0,"max_hp_loss":0,"event_name":"The Cleric","floor":8,"gold_loss":75}],"is_beta":false,"boss_relics":[],"items_purged_floors":[],"is_endless":false,"potions_floor_spawned":[6],"killed_by":"Gremlin Nob","ascension_level":20}}