{"host":"uv5ws9rdk87e8i5k","time":1612451805,"event":{"mods":["AchievementEnabler","BaseMod","Colored Map","Jorbs\u0027s Wanderer Trilogy","Minty Spire (QoL Compilation)","Permanent Neow","Quick Restart","StSLib","SuperFastMode","The Necromancer"],"gold_per_floor":[110,128,138,154,165,165,198,198,198,198,198,198,40,69,69,148,148,165,191,191,191,30,30,30],"floor_reached":23,"language":"ENG","playtime":569,"items_purged":[],"score":355,"play_id":"d7562d08-d97a-4323-be92-951cda9c9c8d","local_time":"20210204091645","is_ascension_mode":true,"campfire_choices":[{"data":"Summon_Vampire_Lady","floor":6.0,"key":"SMITH"},{"floor":8.0,"key":"DIG"},{"data":"Requiem","floor":10.0,"key":"SMITH"},{"floor":12.0,"key":"DIG"},{"floor":15.0,"key":"DIG"}],"circlet_count":0,"master_deck":["AscendersBane","Strike_W","Strike_W","Strike_W","Strike_W","Defend_W","Defend_W","Defend_W","Defend_W","Negative_Energy_Arrows","Bone_Wall","Summon_Vampire_Lady+1","Summon_Lich","Spectral_Armor","Requiem+1","Negative_Energy_Burst","Cloudkill","Summon_Vampire_Lady","Requiem","Summon_Vampire_Lady+1"],"relics":["Vampire_Amulet","Shovel","InkBottle","Kunai","Blood Vial","Juzu Bracelet","Bag of Preparation","Black Star","Red Mask","MutagenicStrength","DollysMirror"],"acts_visited":["Exordium","TheCity"],"potions_floor_usage":[],"damage_taken":[{"damage":12.0,"enemies":"2 Louse","floor":1.0,"turns":4.0},{"damage":10.0,"enemies":"Small Slimes","floor":2.0,"turns":4.0},{"damage":10.0,"enemies":"Cultist","floor":3.0,"turns":4.0},{"damage":16.0,"enemies":"2 Fungi Beasts","floor":4.0,"turns":5.0},{"damage":24.0,"enemies":"Gremlin Gang","floor":5.0,"turns":5.0},{"damage":12.0,"enemies":"Lagavulin","floor":7.0,"turns":6.0},{"damage":34.0,"enemies":"Gremlin Nob","floor":14.0,"turns":5.0},{"damage":14.0,"enemies":"The Guardian","floor":16.0,"turns":8.0},{"damage":48,"enemies":"3 Byrds","floor":18,"turns":5},{"damage":81,"enemies":"Masked Bandits","floor":19,"turns":6},{"damage":52,"enemies":"Book of Stabbing","floor":23,"turns":6}],"seed_played":"6694350469602302592","potions_obtained":[{"floor":3.0,"key":"FearPotion"},{"floor":5.0,"key":"Swift Potion"},{"floor":14.0,"key":"BlessingOfTheForge"},{"floor":16.0,"key":"FairyPotion"},{"floor":19,"key":"Explosive Potion"}],"is_trial":false,"path_per_floor":["M","M","M","M","M","R","E","R","T","R","$","R","$","E","R","B",null,"M","?","?","?","$","E"],"character_chosen":"NECROMANCER","items_purchased":["Cloudkill","DollysMirror"],"campfire_rested":0,"item_purchase_floors":[13,22],"current_hp_per_floor":[65,59,60,60,47,47,49,49,49,49,49,49,49,19,19,42,64,39,22,22,22,22,0,0],"gold":30,"neow_bonus":"ONE_RANDOM_RARE_CARD","is_daily":false,"chose_seed":false,"campfire_upgraded":2,"win_rate":0.0,"timestamp":1612451805,"path_taken":["M","M","M","M","M","R","E","R","T","R","$","R","$","E","R","BOSS","M","?","?","?","$","E"],"items_purchased_type":["Card","Relic"],"build_version":"2020-12-22","purchased_purges":0,"victory":false,"max_hp_per_floor":[71,71,71,71,71,71,71,71,71,71,71,71,71,71,71,71,71,71,71,71,71,71,71,71],"card_choices":[{"not_picked":["Bone_Spikes","Death_Coil","Whirlwind_of_Bones"],"picked":"SKIP","floor":1.0},{"not_picked":["Bone_Shift","Summon_Undead_Army"],"picked":"Summon_Lich","floor":2.0},{"not_picked":["Shade_Step","Negative_Energy_Shield","Pandemic"],"picked":"SKIP","floor":3.0},{"not_picked":["Epidemic","Negative_Energy_Burst"],"picked":"Spectral_Armor","floor":4.0},{"not_picked":["Chill_Blood","Negative_Energy_Burst"],"picked":"Requiem","floor":5.0},{"not_picked":["Bone_Spikes","Acid_Javelin"],"picked":"Negative_Energy_Burst","floor":7.0},{"not_picked":["Blood_Shield","Chill_Blood"],"picked":"Summon_Vampire_Lady","floor":14.0},{"not_picked":["Blood_Wake","Skeleton_Dragon"],"picked":"Requiem","floor":16.0},{"not_picked":["Consume_Illness","Bones_to_Steel","Toxic_Smoke_Screen"],"picked":"SKIP","floor":18}],"player_experience":223384,"relics_obtained":[{"floor":7.0,"key":"Shovel"},{"floor":8.0,"key":"InkBottle"},{"floor":9.0,"key":"Kunai"},{"floor":12.0,"key":"Blood Vial"},{"floor":14.0,"key":"Juzu Bracelet"},{"floor":15.0,"key":"Bag of Preparation"},{"floor":19,"key":"Red Mask"}],"event_choices":[{"damage_healed":0,"gold_gain":0,"player_choice":"Fought Bandits","damage_taken":0,"max_hp_gain":0,"max_hp_loss":0,"event_name":"Masked Bandits","floor":19,"gold_loss":0},{"damage_healed":0,"gold_gain":0,"player_choice":"Ignored","damage_taken":0,"max_hp_gain":0,"max_hp_loss":0,"event_name":"Ghosts","floor":20,"gold_loss":0},{"damage_healed":0,"gold_gain":0,"player_choice":"Inject Mutagens","damage_taken":0,"relics_obtained":["MutagenicStrength"],"max_hp_gain":0,"max_hp_loss":0,"event_name":"Drug Dealer","floor":21,"gold_loss":0}],"is_beta":false,"boss_relics":[{"not_picked":["Pandora\u0027s Box","Ectoplasm"],"picked":"Black Star"}],"items_purged_floors":[],"is_endless":false,"potions_floor_spawned":[3,5,14,16,19],"killed_by":"Book of Stabbing","ascension_level":16}}