{"host":"dtvgc7uk609653br","time":1612397881,"event":{"mods":["BaseMod","Minty Spire (QoL Compilation)","StSLib","The Bladedancer"],"gold_per_floor":[117,130,144,219,219,219,251,263,263,279,279,279,279,78,78,178,178,190,207,207,207,220,250,250,267,292,292,308,324,341,351,351,351,351],"floor_reached":33,"language":"ENG","playtime":1032,"items_purged":[],"score":271,"play_id":"b2ea34b9-c233-4ce1-b3aa-8d1061b02923","local_time":"20210203191801","is_ascension_mode":false,"campfire_choices":[{"data":"blademaster:BloodyBlow","floor":6,"key":"SMITH"},{"floor":11,"key":"REST"},{"data":"blademaster:LeechingStrike","floor":15,"key":"SMITH"},{"floor":24,"key":"REST"},{"floor":27,"key":"REST"},{"floor":32,"key":"REST"}],"circlet_count":0,"master_deck":["blademaster:Strike","blademaster:Strike","blademaster:Strike","blademaster:Defend","blademaster:Defend","blademaster:Defend","blademaster:Defend","blademaster:RagingBlow","blademaster:HighVoltage","blademaster:DancingEdge+1","blademaster:BloodyBlow+1","blademaster:Safeguard","blademaster:Vortex","blademaster:LeechingStrike+1","blademaster:Flash","blademaster:Safeguard","blademaster:Safeguard","blademaster:Havoc+1","blademaster:Bloodbath"],"relics":["blademaster:DancersAmulet","Centennial Puzzle","Bottled Flame","Orichalcum","SacredBark","White Beast Statue","Ancient Tea Set"],"acts_visited":["Exordium","TheCity"],"potions_floor_usage":[7,23,28,29,30,31,33,33],"damage_taken":[{"damage":6,"enemies":"Cultist","floor":1,"turns":4},{"damage":6,"enemies":"Jaw Worm","floor":2,"turns":2},{"damage":0,"enemies":"2 Louse","floor":3,"turns":2},{"damage":20,"enemies":"Lagavulin","floor":7,"turns":3},{"damage":8,"enemies":"2 Fungi Beasts","floor":8,"turns":3},{"damage":0,"enemies":"Exordium Wildlife","floor":10,"turns":2},{"damage":15,"enemies":"The Guardian","floor":16,"turns":9},{"damage":5,"enemies":"Spheric Guardian","floor":18,"turns":3},{"damage":17,"enemies":"Shell Parasite","floor":19,"turns":4},{"damage":2,"enemies":"Cultist and Chosen","floor":22,"turns":3},{"damage":44,"enemies":"Gremlin Leader","floor":23,"turns":5},{"damage":18,"enemies":"Centurion and Healer","floor":25,"turns":6},{"damage":3,"enemies":"Snake Plant","floor":28,"turns":2},{"damage":18,"enemies":"Shelled Parasite and Fungi","floor":29,"turns":4},{"damage":3,"enemies":"Snecko","floor":30,"turns":3},{"damage":5,"enemies":"Cultist and Chosen","floor":31,"turns":3},{"damage":45,"enemies":"Champ","floor":33,"turns":5}],"seed_played":"3270547426350473756","potions_obtained":[{"floor":1,"key":"DistilledChaos"},{"floor":3,"key":"SpeedPotion"},{"floor":10,"key":"ColorlessPotion"},{"floor":16,"key":"Swift Potion"},{"floor":21,"key":"AttackPotion"},{"floor":21,"key":"SteroidPotion"},{"floor":23,"key":"FearPotion"},{"floor":28,"key":"BlessingOfTheForge"},{"floor":29,"key":"AttackPotion"},{"floor":30,"key":"ColorlessPotion"},{"floor":31,"key":"Energy Potion"}],"is_trial":false,"path_per_floor":["M","M","M","?","?","R","E","M","T","M","R","?","?","$","R","B",null,"M","M","?","?","M","E","R","M","T","R","M","M","M","M","R","B"],"character_chosen":"THE_BLADEMASTER","items_purchased":["blademaster:LeechingStrike","Orichalcum"],"campfire_rested":4,"item_purchase_floors":[14,14],"current_hp_per_floor":[69,63,63,52,52,52,32,24,24,24,46,46,46,46,46,31,75,70,58,58,58,56,17,39,26,26,48,45,27,24,19,41,0,0],"gold":351,"neow_bonus":"TRANSFORM_CARD","is_daily":false,"chose_seed":false,"campfire_upgraded":2,"win_rate":0.0,"timestamp":1612397881,"path_taken":["M","?","M","?","?","R","E","?","T","M","R","?","?","?","R","BOSS","M","?","?","?","M","E","R","M","T","R","M","M","M","?","R","BOSS"],"items_purchased_type":["Card","Relic"],"build_version":"2020-12-22","purchased_purges":0,"victory":false,"max_hp_per_floor":[75,75,75,75,75,75,75,75,75,75,75,75,75,75,75,75,75,75,75,75,75,75,75,75,75,75,75,75,75,75,75,75,75,75],"card_choices":[{"not_picked":["blademaster:ParryingStrike","blademaster:KiBarrier","blademaster:AirSlash"],"picked":"SKIP","floor":1},{"not_picked":["blademaster:AspectOfWind","blademaster:ParryingStrike"],"picked":"blademaster:BloodyBlow","floor":2},{"not_picked":["blademaster:TraverseCut","blademaster:AwakeningDefend","blademaster:Hailwind"],"picked":"SKIP","floor":3},{"not_picked":["blademaster:Quickstep","blademaster:ThunderingOpener","blademaster:Sharpen"],"picked":"SKIP","floor":7},{"not_picked":["blademaster:ThunderSlash","blademaster:Stability"],"picked":"blademaster:Safeguard","floor":8},{"not_picked":["blademaster:AspectOfWind","blademaster:ThunderSlash"],"picked":"blademaster:Vortex","floor":10},{"not_picked":["blademaster:HighVoltage","blademaster:Blindside"],"picked":"blademaster:Flash","floor":16},{"not_picked":["blademaster:CombatPrep","blademaster:FuriousStrike+1"],"picked":"blademaster:Safeguard","floor":18},{"not_picked":["blademaster:Cut","blademaster:CombatPrep","blademaster:Momentum+1"],"picked":"SKIP","floor":19},{"not_picked":["blademaster:Hailwind+1","blademaster:ThunderSlash+1","blademaster:StanceMastery"],"picked":"SKIP","floor":22},{"not_picked":["blademaster:ChargingUp","blademaster:Sunder+1"],"picked":"blademaster:Safeguard","floor":23},{"not_picked":["blademaster:Discharge","blademaster:Cut","blademaster:ThreePointStrike"],"picked":"SKIP","floor":25},{"not_picked":["blademaster:BrainBloom+1","blademaster:Quickstep","blademaster:TraverseCut+1"],"picked":"SKIP","floor":28},{"not_picked":["blademaster:ParryingStrike","blademaster:AwakeningStrike"],"picked":"blademaster:Havoc+1","floor":29},{"not_picked":["blademaster:AspectOfWind","blademaster:ThunderSlash","blademaster:BladeCross"],"picked":"SKIP","floor":30},{"not_picked":["blademaster:ThunderingOpener+1","blademaster:AirSlash"],"picked":"blademaster:Bloodbath","floor":31}],"player_experience":555288,"relics_obtained":[{"floor":7,"key":"Centennial Puzzle"},{"floor":7,"key":"blademaster:BonusFuryPerk"},{"floor":9,"key":"Bottled Flame"},{"floor":23,"key":"White Beast Statue"},{"floor":23,"key":"blademaster:OnAttackedChargePerk"},{"floor":26,"key":"Ancient Tea Set"}],"event_choices":[{"damage_healed":0,"gold_gain":75,"player_choice":"Gather Gold","damage_taken":11,"max_hp_gain":0,"max_hp_loss":0,"event_name":"World of Goop","floor":4,"gold_loss":0},{"damage_healed":0,"gold_gain":0,"player_choice":"Grow","damage_taken":0,"max_hp_gain":0,"max_hp_loss":0,"event_name":"Living Wall","floor":5,"gold_loss":0,"cards_upgraded":["blademaster:DancingEdge"]},{"damage_healed":0,"gold_gain":0,"player_choice":"Ignored","damage_taken":0,"max_hp_gain":0,"max_hp_loss":0,"event_name":"Liars Game","floor":12,"gold_loss":0},{"damage_healed":0,"gold_gain":0,"player_choice":"Ignored","damage_taken":0,"max_hp_gain":0,"max_hp_loss":0,"event_name":"Golden Wing","floor":13,"gold_loss":0},{"damage_healed":0,"gold_gain":0,"player_choice":"Ignored","damage_taken":0,"max_hp_gain":0,"max_hp_loss":0,"event_name":"Vampires","floor":20,"gold_loss":0},{"damage_healed":0,"gold_gain":0,"player_choice":"Got Potions","damage_taken":0,"max_hp_gain":0,"max_hp_loss":0,"event_name":"Lab","floor":21,"gold_loss":0}],"is_beta":false,"boss_relics":[{"not_picked":["Astrolabe","Runic Dome"],"picked":"SacredBark"}],"items_purged_floors":[],"is_endless":false,"potions_floor_spawned":[1,3,10,16,22,23,25,28,29,30,31],"killed_by":"Champ","ascension_level":0}}