{"host":"syozzdlzcqop4jia","time":1612397330,"event":{"mods":["BaseMod","Colored Map","Colored Powertips","Minty Spire (QoL Compilation)","Quick Restart"],"gold_per_floor":[112,129,146,157,232,232,258,270,315,95,115,137,166,10,10,106,106,117,167,183,202,151,151,181,198,267,285,285,45,45,45,45,148,148,160,160,179,529,529,529,541,541,610,624,186,186,206,0,0,0,0],"floor_reached":50,"language":"ENG","playtime":2652,"items_purged":["Transmutation"],"score":665,"play_id":"72b1c1ac-7edf-480d-816a-aaa80d25b13f","local_time":"20210204010850","is_ascension_mode":true,"campfire_choices":[{"data":"Inflame","floor":6,"key":"SMITH"},{"floor":15,"key":"REST"},{"floor":23,"key":"REST"},{"floor":28,"key":"REST"},{"floor":32,"key":"REST"},{"floor":40,"key":"REST"},{"floor":42,"key":"REST"},{"floor":49,"key":"REST"}],"circlet_count":0,"master_deck":["Strike_R+1","Strike_R+1","Strike_R+1","Strike_R+1","Strike_R+1","Defend_R+1","Defend_R+1","Defend_R+1","Defend_R+1","Bash","Anger","Inflame+1","Shrug It Off","Perfected Strike","Anger","Pommel Strike","Rage","Flex","Wild Strike","Heavy Blade","Flex","Heavy Blade","Thunderclap+1","Sword Boomerang","Wild Strike","Ghostly Armor","Pommel Strike+1","Sword Boomerang","Anger","Wild Strike","Impervious","Dual Wield","Inflame+1","Pummel","Twin Strike+1","Perfected Strike+1","Seeing Red","Heavy Blade","Flex+1","Feed","Armaments+1","Flex+1"],"relics":["Burning Blood","Gambling Chip","Regal Pillow","Bronze Scales","Odd Mushroom","White Beast Statue","Toolbox","Fusion Hammer","Dream Catcher","Bottled Lightning","Shuriken","MutagenicStrength","Philosopher\u0027s Stone","Old Coin","Toxic Egg 2","Boot","Sling"],"acts_visited":["Exordium","TheCity","TheBeyond"],"potions_floor_usage":[8,33,33,35,38,47,47,47,47,47,50],"damage_taken":[{"damage":1,"enemies":"Cultist","floor":1,"turns":3},{"damage":6,"enemies":"Jaw Worm","floor":2,"turns":4},{"damage":2,"enemies":"2 Louse","floor":3,"turns":2},{"damage":6,"enemies":"Exordium Wildlife","floor":4,"turns":3},{"damage":12,"enemies":"3 Sentries","floor":7,"turns":5},{"damage":13,"enemies":"Gremlin Gang","floor":8,"turns":4},{"damage":12,"enemies":"Large Slime","floor":11,"turns":2},{"damage":10,"enemies":"The Mushroom Lair","floor":12,"turns":3},{"damage":5,"enemies":"Gremlin Nob","floor":13,"turns":3},{"damage":44,"enemies":"The Guardian","floor":16,"turns":9},{"damage":11,"enemies":"Spheric Guardian","floor":18,"turns":3},{"damage":16,"enemies":"3 Byrds","floor":20,"turns":4},{"damage":20,"enemies":"Snake Plant","floor":21,"turns":3},{"damage":18,"enemies":"Gremlin Leader","floor":24,"turns":4},{"damage":22,"enemies":"Centurion and Healer","floor":25,"turns":4},{"damage":4,"enemies":"Cultist and Chosen","floor":27,"turns":4},{"damage":82,"enemies":"Champ","floor":33,"turns":8},{"damage":18,"enemies":"3 Shapes","floor":35,"turns":2},{"damage":6,"enemies":"3 Darklings","floor":37,"turns":3},{"damage":17,"enemies":"Mind Bloom Boss Battle","floor":38,"turns":5},{"damage":65,"enemies":"Maw","floor":41,"turns":7},{"damage":15,"enemies":"Jaw Worm Horde","floor":44,"turns":4},{"damage":8,"enemies":"Sphere and 2 Shapes","floor":47,"turns":3},{"damage":92,"enemies":"Time Eater","floor":50,"turns":6}],"seed_played":"-7295114317665923304","potions_obtained":[{"floor":1,"key":"AttackPotion"},{"floor":4,"key":"ColorlessPotion"},{"floor":13,"key":"Swift Potion"},{"floor":16,"key":"Strength Potion"},{"floor":24,"key":"HeartOfIron"},{"floor":25,"key":"Regen Potion"},{"floor":27,"key":"EntropicBrew"},{"floor":33,"key":"Regen Potion"},{"floor":35,"key":"BlessingOfTheForge"},{"floor":37,"key":"FearPotion"},{"floor":38,"key":"BlessingOfTheForge"},{"floor":47,"key":"Swift Potion"}],"is_trial":false,"path_per_floor":["M","M","M","M","?","R","E","M","T","$","M","?","E","$","R","B",null,"M","?","M","M","$","R","E","M","T","M","R","$","?","?","R","B",null,"M","?","M","?","?","R","M","R","T","M","$","?","M","$","R","B"],"character_chosen":"IRONCLAD","items_purchased":["Flex","Bronze Scales","Wild Strike","Toolbox","Wild Strike","Shuriken","Flex+1","Feed","Boot","Flex+1","Sling"],"campfire_rested":7,"item_purchase_floors":[10,10,10,14,22,29,45,45,45,48,48],"current_hp_per_floor":[80,80,80,80,69,69,63,56,56,56,50,46,47,47,80,42,71,66,66,56,42,42,80,68,52,52,54,80,80,80,80,80,9,62,55,55,55,44,44,80,21,60,60,51,51,51,53,53,80,0,0],"gold":0,"neow_bonus":"THREE_CARDS","is_daily":false,"chose_seed":false,"campfire_upgraded":1,"win_rate":0.0,"timestamp":1612397330,"path_taken":["M","M","?","M","?","R","E","M","T","$","M","?","E","$","R","BOSS","M","?","M","M","$","R","E","?","T","M","R","$","?","?","R","BOSS","M","?","?","?","?","R","M","R","T","M","$","?","M","?","R","BOSS"],"items_purchased_type":["Card","Relic","Card","Relic","Card","Relic","Card","Card","Relic","Card","Relic"],"build_version":"2020-12-22","purchased_purges":1,"victory":false,"max_hp_per_floor":[80,80,80,80,80,80,80,80,80,80,80,80,80,80,80,80,80,80,80,80,80,80,80,80,80,80,80,80,80,80,80,80,80,80,80,80,80,80,80,80,80,80,80,80,80,76,80,80,80,80,80],"card_choices":[{"not_picked":["Body Slam","Clothesline"],"picked":"Anger","floor":0},{"not_picked":["Infernal Blade","Thunderclap"],"picked":"Inflame","floor":1},{"not_picked":["Clothesline","Shockwave"],"picked":"Shrug It Off","floor":2},{"not_picked":["Cleave","Sentinel"],"picked":"Perfected Strike","floor":3},{"not_picked":["Searing Blow","Metallicize"],"picked":"Anger","floor":4},{"not_picked":["Feel No Pain","Havoc"],"picked":"Pommel Strike","floor":7},{"not_picked":["Bloodletting","Iron Wave"],"picked":"Rage","floor":8},{"not_picked":["Body Slam","Reckless Charge"],"picked":"Heavy Blade","floor":11},{"not_picked":["Whirlwind","Perfected Strike"],"picked":"Flex","floor":12},{"not_picked":["Hemokinesis","Havoc","Thunderclap"],"picked":"SKIP","floor":13},{"not_picked":["Intimidate","Twin Strike"],"picked":"Heavy Blade","floor":18},{"not_picked":["Body Slam","Clothesline+1"],"picked":"Thunderclap+1","floor":20},{"not_picked":["Armaments","Twin Strike"],"picked":"Sword Boomerang","floor":21},{"not_picked":["Evolve","Impervious"],"picked":"Ghostly Armor","floor":24},{"not_picked":["Clothesline","Flex"],"picked":"Pommel Strike+1","floor":25},{"not_picked":["Thunderclap","Pommel Strike"],"picked":"Sword Boomerang","floor":27},{"not_picked":["Sentinel","Warcry+1"],"picked":"Anger","floor":28},{"not_picked":["Combust","Body Slam"],"picked":"Wild Strike","floor":32},{"not_picked":["Exhume","Offering"],"picked":"Impervious","floor":33},{"not_picked":["Sever Soul+1","Clash"],"picked":"Dual Wield","floor":35},{"not_picked":["Combust+1","True Grit"],"picked":"Pummel","floor":37},{"not_picked":["Fire Breathing+1","Shrug It Off"],"picked":"Twin Strike+1","floor":38},{"not_picked":["Discovery","Enlightenment"],"picked":"Transmutation","floor":39},{"not_picked":["Intimidate","Fire Breathing"],"picked":"Perfected Strike+1","floor":40},{"not_picked":["Searing Blow+1","Twin Strike","Clash+1"],"picked":"SKIP","floor":41},{"not_picked":["Battle Trance+1","Fire Breathing"],"picked":"Seeing Red","floor":42},{"not_picked":["Sentinel+1","True Grit+1"],"picked":"Heavy Blade","floor":44},{"not_picked":["Reckless Charge","Disarm+1"],"picked":"Armaments+1","floor":47}],"player_experience":527350,"relics_obtained":[{"floor":7,"key":"Gambling Chip"},{"floor":9,"key":"Regal Pillow"},{"floor":12,"key":"Odd Mushroom"},{"floor":13,"key":"White Beast Statue"},{"floor":24,"key":"Dream Catcher"},{"floor":26,"key":"Bottled Lightning"},{"floor":38,"key":"Old Coin"},{"floor":43,"key":"Toxic Egg 2"}],"event_choices":[{"damage_healed":0,"gold_gain":75,"player_choice":"Gather Gold","damage_taken":11,"max_hp_gain":0,"max_hp_loss":0,"event_name":"World of Goop","floor":5,"gold_loss":0},{"damage_healed":0,"gold_gain":0,"player_choice":"Fought Mushrooms","damage_taken":0,"max_hp_gain":0,"max_hp_loss":0,"event_name":"Mushrooms","floor":12,"gold_loss":0},{"damage_healed":0,"gold_gain":100,"player_choice":"Bet on Murderer","damage_taken":0,"max_hp_gain":0,"max_hp_loss":0,"event_name":"The Joust","floor":19,"gold_loss":50},{"damage_healed":0,"gold_gain":0,"player_choice":"Inject Mutagens","damage_taken":0,"relics_obtained":["MutagenicStrength"],"max_hp_gain":0,"max_hp_loss":0,"event_name":"Drug Dealer","floor":30,"gold_loss":0},{"damage_healed":0,"gold_gain":0,"player_choice":"Simplicity","damage_taken":0,"max_hp_gain":0,"max_hp_loss":0,"event_name":"Back to Basics","floor":31,"gold_loss":0,"cards_upgraded":["Strike_R","Strike_R","Strike_R","Strike_R","Strike_R","Defend_R","Defend_R","Defend_R","Defend_R"]},{"damage_healed":0,"gold_gain":0,"player_choice":"Copied","damage_taken":0,"max_hp_gain":0,"max_hp_loss":0,"event_name":"Duplicator","floor":36,"gold_loss":0,"cards_obtained":["Inflame"]},{"damage_healed":0,"gold_gain":0,"player_choice":"Fight","damage_taken":0,"max_hp_gain":0,"max_hp_loss":0,"event_name":"MindBloom","floor":38,"gold_loss":0},{"damage_healed":0,"gold_gain":0,"player_choice":"Memory 1","damage_taken":0,"max_hp_gain":0,"max_hp_loss":0,"event_name":"SensoryStone","floor":39,"gold_loss":0},{"damage_healed":0,"gold_gain":0,"player_choice":"Max HP","damage_taken":0,"max_hp_gain":0,"max_hp_loss":4,"event_name":"Winding Halls","floor":46,"gold_loss":0}],"is_beta":false,"boss_relics":[{"not_picked":["SacredBark","Runic Cube"],"picked":"Fusion Hammer"},{"not_picked":["Empty Cage","Runic Dome"],"picked":"Philosopher\u0027s Stone"}],"items_purged_floors":[45],"is_endless":false,"potions_floor_spawned":[1,4,13,16,18,20,21,24,25,27,33,35,37,38,41,44,47],"killed_by":"Time Eater","ascension_level":5}}