{"host":"9brt9rggm379u2p7","time":1612424462,"event":{"mods":["AchievementEnabler","BaseMod","Faster Ascension Climbing","Highlight Path","Minty Spire (QoL Compilation)","Permanent Neow","Quick Restart","SuperFastMode"],"gold_per_floor":[111,36,54,70,70,70,102,102,180,180,191,47,47,67,67,67,67],"floor_reached":16,"language":"ENG","playtime":646,"items_purged":["Strike_G"],"score":158,"play_id":"c15e8163-c6af-4692-ab9f-03046e54aad4","local_time":"20210204164102","is_ascension_mode":true,"campfire_choices":[{"data":"Caltrops","floor":6,"key":"SMITH"},{"data":"Backflip","floor":8,"key":"SMITH"},{"data":"Poisoned Stab","floor":15,"key":"SMITH"}],"circlet_count":0,"master_deck":["Strike_G","Strike_G","Strike_G","Defend_G","Defend_G","Defend_G","Defend_G","Survivor","Neutralize","Blur+1","Caltrops+1","Escape Plan+1","Backflip+1","Poisoned Stab+1"],"relics":["Ring of the Snake","Omamori","Juzu Bracelet","Letter Opener","Strange Spoon"],"acts_visited":["Exordium"],"potions_floor_usage":[7,16],"damage_taken":[{"damage":0,"enemies":"2 Louse","floor":1,"turns":4},{"damage":4,"enemies":"Jaw Worm","floor":3,"turns":6},{"damage":0,"enemies":"Cultist","floor":4,"turns":4},{"damage":11,"enemies":"Lagavulin","floor":7,"turns":11},{"damage":0,"enemies":"Blue Slaver","floor":11,"turns":3},{"damage":2,"enemies":"Large Slime","floor":14,"turns":7},{"damage":39,"enemies":"Slime Boss","floor":16,"turns":13}],"seed_played":"-3360068138113969425","potions_obtained":[{"floor":1,"key":"DistilledChaos"},{"floor":14,"key":"Block Potion"}],"is_trial":false,"path_per_floor":["M","$","M","M","?","R","E","R","T","?","M","$","?","M","R","B"],"character_chosen":"THE_SILENT","items_purchased":["Strange Spoon"],"campfire_rested":0,"item_purchase_floors":[12],"current_hp_per_floor":[70,70,66,66,52,52,41,41,41,41,41,41,41,39,39,0,0],"gold":67,"neow_bonus":"RANDOM_COMMON_RELIC","is_daily":false,"chose_seed":false,"campfire_upgraded":3,"win_rate":0.0,"timestamp":1612424462,"path_taken":["M","$","M","M","?","R","E","R","T","?","M","$","?","M","R","BOSS"],"items_purchased_type":["Relic"],"build_version":"2020-12-22","purchased_purges":1,"victory":false,"max_hp_per_floor":[70,70,70,70,70,70,70,70,70,70,70,70,70,70,70,70,70],"card_choices":[{"not_picked":["Prepared","Quick Slash"],"picked":"Blur","floor":1},{"not_picked":["Eviscerate","Setup"],"picked":"Caltrops","floor":3},{"not_picked":["Deflect","PiercingWail"],"picked":"Escape Plan","floor":4},{"not_picked":["Masterful Stab","Dagger Spray"],"picked":"Backflip","floor":7},{"not_picked":["Quick Slash","Acrobatics","Unload"],"picked":"SKIP","floor":11},{"not_picked":["Underhanded Strike","Dagger Throw"],"picked":"Poisoned Stab","floor":14}],"player_experience":409938,"relics_obtained":[{"floor":7,"key":"Juzu Bracelet"},{"floor":9,"key":"Letter Opener"}],"event_choices":[{"damage_healed":0,"gold_gain":0,"player_choice":"Entered Light","damage_taken":14,"max_hp_gain":0,"max_hp_loss":0,"event_name":"Shining Light","floor":5,"gold_loss":0,"cards_upgraded":["Blur","Escape Plan"]},{"cards_removed":["Defend_G"],"damage_healed":0,"gold_gain":0,"player_choice":"Forget","damage_taken":0,"max_hp_gain":0,"max_hp_loss":0,"event_name":"Living Wall","floor":10,"gold_loss":0},{"cards_removed":["Strike_G"],"damage_healed":0,"gold_gain":0,"player_choice":"Purged","damage_taken":0,"max_hp_gain":0,"max_hp_loss":0,"event_name":"Purifier","floor":13,"gold_loss":0}],"is_beta":false,"boss_relics":[],"items_purged_floors":[2],"is_endless":false,"potions_floor_spawned":[1,14],"killed_by":"Slime Boss","ascension_level":1}}