{"host":"xiain65d2hovry7l","time":1612434282,"event":{"mods":["2.2 Compatiblity","Act Like it!","BaseMod","Challenge The Spire","Colored Map","Colored Powertips","Downfall","Friendly Minions","Minty Spire (QoL Compilation)","StSLib"],"gold_per_floor":[96,96,206,317,434,434,70,70,185,300,419,419,223,6,121,238,348,459],"floor_reached":19,"language":"ENG","playtime":1306,"items_purged":["Strike_G","Strike_G","Defend_G"],"score":4633,"play_id":"3727eeed-cc60-4901-98e0-8bf19282ae0a","local_time":"20210204112442","daily_mods":["challengethespire:Gold Difficulty","challengethespire:Boss Rush","Uncertain Future"],"is_ascension_mode":true,"campfire_choices":[{"data":"Neutralize","floor":2,"key":"SMITH"},{"data":"Survivor","floor":8,"key":"SMITH"}],"circlet_count":0,"master_deck":["AscendersBane","Defend_G","Defend_G","Defend_G","Defend_G","Survivor+1","Neutralize+1","Noxious Fumes+1","Noxious Fumes+1","After Image+1","Dodge and Roll+1","Outmaneuver+1","Crippling Poison+1","Dark Shackles+1","Chrysalis+1","After Image+1","Footwork+1","Deflect+1","A Thousand Cuts+1","Escape Plan+1","Dagger Spray+1","Footwork+1","Deadly Poison+1","Adrenaline+1","Deadly Poison+1","Backflip+1","PiercingWail+1","Leg Sweep+1","Catalyst+1","Blur+1","Neutralize+1"],"relics":["Ring of the Snake","The Courier","Molten Egg 2","Toxic Egg 2","Frozen Egg 2","Thread and Needle","Blood Vial","Toy Ornithopter","Astrolabe","Centennial Puzzle","Letter Opener","InkBottle","Omamori","Mango","sneckomod:SneckoTalon","TwistedFunnel","Lizard Tail","Strawberry","Ninja Scroll","Bottled Flame"],"acts_visited":["Exordium"],"potions_floor_usage":[15,18],"damage_taken":[{"damage":0,"enemies":"Hexaghost","floor":3,"turns":10},{"damage":0,"enemies":"The Guardian","floor":4,"turns":7},{"damage":1,"enemies":"Slime Boss","floor":5,"turns":11},{"damage":0,"enemies":"Automaton","floor":9,"turns":14},{"damage":2,"enemies":"Champ","floor":10,"turns":12},{"damage":7,"enemies":"Collector","floor":11,"turns":9},{"damage":3,"enemies":"Donu and Deca","floor":15,"turns":9},{"damage":23,"enemies":"Time Eater","floor":16,"turns":7},{"damage":8,"enemies":"Awakened One","floor":17,"turns":16},{"damage":20,"enemies":"The Heart","floor":18,"turns":9}],"seed_played":"-790287808875124212","potions_obtained":[{"floor":5,"key":"GhostInAJar"},{"floor":9,"key":"DuplicationPotion"},{"floor":18,"key":"Poison Potion"}],"is_trial":true,"path_per_floor":["$","R","M","M","M","T","$","R","M","M","M","T","$","$","M","M","M","M",null],"character_chosen":"THE_SILENT","items_purchased":["Noxious Fumes+1","Noxious Fumes+1","After Image+1","Dodge and Roll+1","Outmaneuver+1","Crippling Poison+1","Dark Shackles+1","Chrysalis+1","Centennial Puzzle","Letter Opener","Footwork+1","Backflip+1","PiercingWail+1","Leg Sweep+1","TwistedFunnel"],"campfire_rested":0,"item_purchase_floors":[1,1,1,1,1,1,1,1,7,7,7,13,13,13,14],"current_hp_per_floor":[59,59,59,59,60,60,60,60,62,62,71,71,71,71,75,61,55,42],"gold":459,"neow_bonus":"","is_daily":false,"chose_seed":false,"campfire_upgraded":2,"win_rate":0.0,"timestamp":1612434282,"path_taken":["$","R","M","M","M","T","$","R","M","M","M","T","$","$","M","M","M","M"],"items_purchased_type":["Card","Card","Card","Card","Card","Card","Card","Card","Relic","Relic","Card","Card","Card","Card","Relic"],"build_version":"2020-12-22","purchased_purges":3,"victory":true,"max_hp_per_floor":[66,66,66,66,66,66,66,66,66,66,80,80,80,80,80,87,87,87],"card_choices":[],"player_experience":693401,"relics_obtained":[{"floor":3,"key":"Thread and Needle"},{"floor":4,"key":"Blood Vial"},{"floor":5,"key":"Toy Ornithopter"},{"floor":9,"key":"InkBottle"},{"floor":10,"key":"Omamori"},{"floor":11,"key":"Mango"},{"floor":15,"key":"Lizard Tail"},{"floor":16,"key":"Strawberry"},{"floor":17,"key":"Ninja Scroll"},{"floor":18,"key":"Bottled Flame"}],"event_choices":[],"is_beta":false,"boss_relics":[{"not_picked":["Ectoplasm","Velvet Choker"],"picked":"Astrolabe"},{"not_picked":["expansioncontent:StudyCardRelic","Snecko Eye"],"picked":"sneckomod:SneckoTalon"}],"items_purged_floors":[1,13,14],"is_endless":false,"potions_floor_spawned":[5,9,10,11,18],"ascension_level":15}}