{"host":"m7jrdcbl89w2s34c","time":1612470039,"event":{"mods":["AchievementEnabler","BaseMod","Bestiary","Block Reminder","Colored Map","Colored Powertips","Minty Spire (QoL Compilation)","Permanent Neow","Relic Stats","StSLib"],"gold_per_floor":[109,109,129,79,79,118,118,0,0,0,13,44,63,107,107,226,226,244,267,285,285,285,285,319,17,17,57,57,96,24,24,24,144,144,163,184,164,178,198,198,231,231,254,295,66,66,18,34,34,34],"floor_reached":51,"language":"ENG","playtime":3669,"items_purged":["Injury"],"score":1135,"play_id":"419ef4c0-6c84-4bd9-a1dd-fdbceef0ee5c","local_time":"20210204212039","is_ascension_mode":true,"campfire_choices":[{"data":"Coolheaded","floor":7,"key":"SMITH"},{"data":"Defragment","floor":10,"key":"SMITH"},{"floor":15,"key":"REST"},{"floor":23,"key":"REST"},{"data":"Chaos","floor":28,"key":"SMITH"},{"floor":32,"key":"REST"},{"data":"Fission","floor":40,"key":"SMITH"},{"data":"Fusion","floor":42,"key":"SMITH"},{"floor":49,"key":"REST"}],"circlet_count":0,"master_deck":["Strike_B","Strike_B","Strike_B","Defend_B","Defend_B","Defend_B","Defend_B","Zap+1","Dualcast","Compile Driver","Doom and Gloom","Coolheaded+1","Defragment+1","Chaos+1","Stack","Chill","Streamline","Cold Snap","Core Surge","BootSequence+1","Fusion+1","Auto Shields","Sweeping Beam+1","Compile Driver+1","Go for the Eyes+1","Steam","Fission+1","FTL+1","Cold Snap+1","Consume+1","Compile Driver+1","Rainbow","Sweeping Beam+1","Consume","Reinforced Body"],"relics":["Cracked Core","Golden Idol","Mercury Hourglass","Matryoshka","Calipers","WingedGreaves","SlaversCollar","Nilry\u0027s Codex","Molten Egg 2","TungstenRod","Ancient Tea Set","Bag of Preparation","Bottled Flame","Singing Bowl","Inserter","Juzu Bracelet","Akabeko","Dream Catcher","Symbiotic Virus","Runic Capacitor"],"acts_visited":["Exordium","TheCity","TheBeyond"],"potions_floor_usage":[14,18,19,24,31,33,38,44,44],"damage_taken":[{"damage":2,"enemies":"Jaw Worm","floor":1,"turns":3},{"damage":4,"enemies":"Small Slimes","floor":3,"turns":3},{"damage":31,"enemies":"Gremlin Nob","floor":6,"turns":4},{"damage":0,"enemies":"2 Louse","floor":11,"turns":2},{"damage":17,"enemies":"Lagavulin","floor":12,"turns":5},{"damage":3,"enemies":"Blue Slaver","floor":13,"turns":3},{"damage":0,"enemies":"3 Sentries","floor":14,"turns":4},{"damage":0,"enemies":"Slime Boss","floor":16,"turns":9},{"damage":3,"enemies":"Chosen","floor":18,"turns":4},{"damage":20,"enemies":"3 Byrds","floor":19,"turns":4},{"damage":13,"enemies":"Cultist and Chosen","floor":20,"turns":6},{"damage":19,"enemies":"Book of Stabbing","floor":24,"turns":6},{"damage":6,"enemies":"Slavers","floor":27,"turns":5},{"damage":1,"enemies":"Book of Stabbing","floor":29,"turns":4},{"damage":0,"enemies":"Colosseum Slavers","floor":31,"turns":4},{"damage":28,"enemies":"Collector","floor":33,"turns":15},{"damage":4,"enemies":"3 Shapes","floor":35,"turns":7},{"damage":9,"enemies":"Orb Walker","floor":36,"turns":3},{"damage":2,"enemies":"Jaw Worm Horde","floor":38,"turns":7},{"damage":0,"enemies":"Maw","floor":39,"turns":8},{"damage":10,"enemies":"Reptomancer","floor":41,"turns":7},{"damage":6,"enemies":"Nemesis","floor":44,"turns":9},{"damage":2,"enemies":"Sphere and 2 Shapes","floor":48,"turns":4},{"damage":0,"enemies":"Awakened One","floor":50,"turns":14}],"seed_played":"3637850484824942177","potions_obtained":[{"floor":12,"key":"Fire Potion"},{"floor":13,"key":"SneckoOil"},{"floor":14,"key":"EssenceOfSteel"},{"floor":16,"key":"Strength Potion"},{"floor":19,"key":"EssenceOfSteel"},{"floor":20,"key":"Dexterity Potion"},{"floor":33,"key":"Energy Potion"},{"floor":36,"key":"DuplicationPotion"},{"floor":37,"key":"Swift Potion"},{"floor":39,"key":"Energy Potion"},{"floor":44,"key":"SteroidPotion"},{"floor":48,"key":"Swift Potion"}],"is_trial":false,"path_per_floor":["M","?","M","?","?","E","R","$","T","R","M","E","M","E","R","B",null,"M","M","M","?","?","R","E","$","T","E","R","E","$","?","R","B",null,"M","M","?","M","M","R","E","R","T","E","$","?","$","M","R","B",null],"character_chosen":"DEFECT","items_purchased":["Defragment","Chaos","TungstenRod","Go for the Eyes+1","Steam","Runic Capacitor","Sweeping Beam+1"],"campfire_rested":4,"item_purchase_floors":[8,8,25,30,30,45,47],"current_hp_per_floor":[66,71,67,67,67,36,36,36,36,36,36,19,16,16,40,40,70,67,47,34,18,18,42,23,23,23,17,17,18,18,18,42,14,65,61,52,52,50,52,52,42,42,42,36,36,36,36,34,59,59],"gold":34,"neow_bonus":"UPGRADE_CARD","is_daily":false,"chose_seed":false,"campfire_upgraded":5,"win_rate":0.0,"timestamp":1612470039,"path_taken":["M","?","M","?","?","E","R","?","T","R","M","E","M","E","R","BOSS","M","M","M","?","?","R","E","$","T","E","R","E","$","?","R","BOSS","M","M","?","?","M","R","E","R","T","E","?","?","$","M","R","BOSS"],"items_purchased_type":["Card","Card","Relic","Card","Card","Relic","Card"],"build_version":"2020-12-22","purchased_purges":1,"victory":true,"max_hp_per_floor":[75,80,80,80,80,80,80,80,80,80,80,80,80,80,80,80,80,80,80,80,80,80,80,80,80,80,80,80,82,82,82,82,82,82,82,82,82,82,84,84,84,84,84,84,84,84,84,84,84,84],"relic_stats":{"Dream Catcher":1,"Inserter":[29],"Singing Bowl":4,"counters":[24,139],"Golden Idol":173,"Bag of Preparation":[24],"Juzu Bracelet":0,"obtain_stats":[{"Calipers":12,"Inserter":34,"Singing Bowl":29,"Golden Idol":5,"Nilry\u0027s Codex":21,"Bag of Preparation":26,"Juzu Bracelet":41,"Runic Capacitor":45,"Ancient Tea Set":26,"Akabeko":43,"Mercury Hourglass":6,"SlaversCollar":17,"Bottled Flame":27,"Dream Catcher":43,"Matryoshka":9,"Molten Egg 2":24,"WingedGreaves":14,"Cracked Core":0,"Symbiotic Virus":44,"TungstenRod":25},{"Calipers":5,"Inserter":16,"Singing Bowl":14,"Golden Idol":2,"Nilry\u0027s Codex":11,"Bag of Preparation":12,"Juzu Bracelet":21,"Runic Capacitor":22,"Ancient Tea Set":12,"Akabeko":21,"Mercury Hourglass":3,"SlaversCollar":8,"Bottled Flame":13,"Dream Catcher":21,"Matryoshka":3,"Molten Egg 2":12,"WingedGreaves":7,"Cracked Core":0,"Symbiotic Virus":22,"TungstenRod":12},{"Calipers":17,"Inserter":81,"Singing Bowl":62,"Golden Idol":6,"Nilry\u0027s Codex":47,"Bag of Preparation":53,"Juzu Bracelet":112,"Runic Capacitor":121,"Ancient Tea Set":53,"Akabeko":112,"Mercury Hourglass":10,"SlaversCollar":33,"Bottled Flame":58,"Dream Catcher":112,"Matryoshka":10,"Molten Egg 2":53,"WingedGreaves":24,"Cracked Core":0,"Symbiotic Virus":121,"TungstenRod":53}],"TungstenRod":12,"Mercury Hourglass":[518]},"card_choices":[{"not_picked":["Turbo","Beam Cell"],"picked":"Compile Driver","floor":1},{"not_picked":["Recycle","Compile Driver"],"picked":"Doom and Gloom","floor":3},{"not_picked":["Stack","Reprogram"],"picked":"Coolheaded","floor":6},{"not_picked":["Gash","Undo"],"picked":"Stack","floor":11},{"not_picked":["Stack","Gash"],"picked":"Chill","floor":12},{"not_picked":["Storm","Tempest"],"picked":"Streamline","floor":13},{"not_picked":["Aggregate","Conserve Battery"],"picked":"Cold Snap","floor":14},{"not_picked":["Reboot","Electrodynamics"],"picked":"Core Surge","floor":16},{"not_picked":["Gash","Heatsinks"],"picked":"BootSequence+1","floor":18},{"not_picked":["Tempest+1","Steam Power"],"picked":"Fusion","floor":19},{"not_picked":["Ball Lightning","Beam Cell"],"picked":"Auto Shields","floor":20},{"not_picked":["Turbo+1","Reboot"],"picked":"Sweeping Beam+1","floor":24},{"not_picked":["Leap","FTL+1"],"picked":"Compile Driver+1","floor":27},{"not_picked":["Force Field","Leap","Undo+1"],"picked":"Singing Bowl","floor":29},{"not_picked":["Creative AI","Seek"],"picked":"Fission","floor":33},{"not_picked":["Go for the Eyes+1","Redo"],"picked":"FTL+1","floor":35},{"not_picked":["Redo+1","Blizzard+1"],"picked":"Cold Snap+1","floor":36},{"not_picked":["Beam Cell+1","Hello World+1"],"picked":"Consume+1","floor":38},{"not_picked":["Reprogram","Steam+1","Heatsinks"],"picked":"Singing Bowl","floor":39},{"not_picked":["Auto Shields+1","Reprogram+1"],"picked":"Compile Driver+1","floor":41},{"not_picked":["Storm","Gash+1"],"picked":"Rainbow","floor":44},{"not_picked":["Force Field","Streamline+1"],"picked":"Consume","floor":48},{"not_picked":["Beam Cell+1","Ball Lightning+1"],"picked":"Reinforced Body","floor":49}],"player_experience":203914,"relics_obtained":[{"floor":6,"key":"Mercury Hourglass"},{"floor":9,"key":"Matryoshka"},{"floor":12,"key":"Calipers"},{"floor":14,"key":"WingedGreaves"},{"floor":21,"key":"Nilry\u0027s Codex"},{"floor":24,"key":"Molten Egg 2"},{"floor":26,"key":"Ancient Tea Set"},{"floor":26,"key":"Bag of Preparation"},{"floor":27,"key":"Bottled Flame"},{"floor":29,"key":"Singing Bowl"},{"floor":41,"key":"Juzu Bracelet"},{"floor":43,"key":"Akabeko"},{"floor":43,"key":"Dream Catcher"},{"floor":44,"key":"Symbiotic Virus"}],"event_choices":[{"damage_healed":0,"gold_gain":0,"player_choice":"Donut","damage_taken":0,"max_hp_gain":5,"max_hp_loss":0,"event_name":"Big Fish","floor":2,"gold_loss":0},{"cards_removed":["Strike_B"],"damage_healed":0,"gold_gain":0,"player_choice":"Card Removal","damage_taken":0,"max_hp_gain":0,"max_hp_loss":0,"event_name":"The Cleric","floor":4,"gold_loss":50},{"damage_healed":0,"gold_gain":0,"player_choice":"Take Wound","damage_taken":0,"relics_obtained":["Golden Idol"],"max_hp_gain":0,"max_hp_loss":0,"event_name":"Golden Idol","floor":5,"gold_loss":0,"cards_obtained":["Injury"]},{"damage_healed":0,"gold_gain":0,"player_choice":"Obtained Book","damage_taken":16,"max_hp_gain":0,"max_hp_loss":0,"event_name":"Cursed Tome","floor":21,"gold_loss":0},{"damage_healed":0,"gold_gain":0,"player_choice":"Ignored","damage_taken":0,"max_hp_gain":0,"max_hp_loss":0,"event_name":"Ghosts","floor":22,"gold_loss":0},{"damage_healed":0,"gold_gain":0,"player_choice":"Fight","damage_taken":0,"max_hp_gain":0,"max_hp_loss":0,"event_name":"Colosseum","floor":31,"gold_loss":0},{"damage_healed":0,"gold_gain":0,"player_choice":"Fled From Nobs","damage_taken":0,"max_hp_gain":0,"max_hp_loss":0,"event_name":"Colosseum","floor":31,"gold_loss":0},{"damage_healed":0,"gold_gain":0,"player_choice":"Bought 1 Potion","damage_taken":0,"max_hp_gain":0,"max_hp_loss":0,"event_name":"The Woman in Blue","floor":37,"gold_loss":0},{"damage_healed":0,"gold_gain":0,"player_choice":"Ignored","damage_taken":0,"max_hp_gain":0,"max_hp_loss":0,"event_name":"SecretPortal","floor":46,"gold_loss":0}],"is_beta":false,"boss_relics":[{"not_picked":["Philosopher\u0027s Stone","Snecko Eye"],"picked":"SlaversCollar"},{"not_picked":["Runic Dome","Sozu"],"picked":"Inserter"}],"items_purged_floors":[45],"is_endless":false,"potions_floor_spawned":[12,13,14,16,19,20,33,36,39,44,48],"ascension_level":6}}