{"host":"Troy","time":1612455804,"event":{"mods":["BaseMod","Colored Map","Highlight Path","Minty Spire (QoL Compilation)","Permanent Neow"],"gold_per_floor":[117,392,405,0,15,40,56,56,56,83,83,108,128,128,128,227,227,227,48,48,48,48,48,48,48,48,48,48,48,10,10,10,10,10,10,10,10,10,10,10,10,10,10,10,10,10,10,0,0,0,0,0,0,0,0],"floor_reached":56,"language":"ENG","playtime":6998,"items_purged":["Regret"],"score":1550,"play_id":"18893f25-0c6a-4f18-9469-69c65e6fdffb","local_time":"20210204112324","is_ascension_mode":true,"campfire_choices":[{"data":"Eruption","floor":8.0,"key":"SMITH"},{"data":"Wireheading","floor":15.0,"key":"SMITH"},{"floor":24.0,"key":"REST"},{"floor":32.0,"key":"REST"},{"floor":41.0,"key":"RECALL"},{"floor":49.0,"key":"REST"},{"data":"1","floor":52.0,"key":"LIFT"}],"circlet_count":0,"master_deck":["Eruption+1","Vigilance","FollowUp","Protect","Wireheading+1","CutThroughFate+1","WaveOfTheHand+1","Protect+1","Pray+1","Tantrum","EmptyBody+1","SpiritShield+1","Prostrate+1","Apotheosis+1","MentalFortress+1","Necronomicurse","Crescendo+1","Study+1","WindmillStrike","WindmillStrike","Vault+1","ClearTheMind+1","Alpha+1","DeusExMachina+1","Protect+1","LikeWater","Evaluate+1","Prostrate+1","CrushJoints+1","CarveReality+1","Nirvana+1","SignatureMove","ThirdEye+1","ThirdEye+1"],"relics":["Black Star","GoldenEye","Toxic Egg 2","Torii","Peace Pipe","Question Card","CloakClasp","Darkstone Periapt","Strawberry","Ectoplasm","Necronomicon","Sundial","Blood Vial","CaptainsWheel","War Paint","InkBottle","Pandora\u0027s Box","Lizard Tail","Potion Belt","Lantern","Girya","Nunchaku","Red Mask","Pen Nib","Art of War"],"acts_visited":["Exordium","TheCity","TheBeyond","TheEnding"],"potions_floor_usage":[],"damage_taken":[{"damage":0.0,"enemies":"2 Louse","floor":1.0,"turns":2.0},{"damage":0.0,"enemies":"Cultist","floor":3.0,"turns":2.0},{"damage":0.0,"enemies":"Small Slimes","floor":5.0,"turns":4.0},{"damage":23.0,"enemies":"Lagavulin","floor":6.0,"turns":4.0},{"damage":0.0,"enemies":"2 Fungi Beasts","floor":7.0,"turns":5.0},{"damage":8.0,"enemies":"Gremlin Nob","floor":10.0,"turns":4.0},{"damage":11.0,"enemies":"Lagavulin","floor":12.0,"turns":6.0},{"damage":8.0,"enemies":"Gremlin Gang","floor":13.0,"turns":6.0},{"damage":11.0,"enemies":"Hexaghost","floor":16.0,"turns":14.0},{"damage":1.0,"enemies":"Chosen","floor":18.0,"turns":4.0},{"damage":1.0,"enemies":"Shell Parasite","floor":20.0,"turns":7.0},{"damage":47.0,"enemies":"Slavers","floor":23.0,"turns":12.0},{"damage":27.0,"enemies":"Book of Stabbing","floor":25.0,"turns":7.0},{"damage":0.0,"enemies":"Centurion and Healer","floor":27.0,"turns":5.0},{"damage":1.0,"enemies":"Snake Plant","floor":28.0,"turns":5.0},{"damage":0.0,"enemies":"3 Cultists","floor":31.0,"turns":5.0},{"damage":0.0,"enemies":"Champ","floor":33.0,"turns":6.0},{"damage":0.0,"enemies":"3 Shapes","floor":35.0,"turns":6.0},{"damage":0.0,"enemies":"Mind Bloom Boss Battle","floor":36.0,"turns":3.0},{"damage":25.0,"enemies":"3 Darklings","floor":38.0,"turns":4.0},{"damage":1.0,"enemies":"Sphere and 2 Shapes","floor":39.0,"turns":6.0},{"damage":0.0,"enemies":"Nemesis","floor":40.0,"turns":7.0},{"damage":8.0,"enemies":"Writhing Mass","floor":42.0,"turns":5.0},{"damage":0.0,"enemies":"Jaw Worm Horde","floor":44.0,"turns":5.0},{"damage":16.0,"enemies":"Spire Growth","floor":45.0,"turns":5.0},{"damage":39.0,"enemies":"Reptomancer","floor":46.0,"turns":6.0},{"damage":27.0,"enemies":"Awakened One","floor":50.0,"turns":11.0},{"damage":27.0,"enemies":"Shield and Spear","floor":54.0,"turns":5.0},{"damage":92,"enemies":"The Heart","floor":55,"turns":12}],"seed_played":"-4019817052432538082","potions_obtained":[{"floor":3.0,"key":"FearPotion"},{"floor":5.0,"key":"LiquidMemories"},{"floor":7.0,"key":"SteroidPotion"},{"floor":10.0,"key":"FearPotion"},{"floor":16.0,"key":"DuplicationPotion"},{"floor":18.0,"key":"BottledMiracle"},{"floor":27.0,"key":"DuplicationPotion"},{"floor":31.0,"key":"SteroidPotion"},{"floor":35.0,"key":"LiquidMemories"},{"floor":36.0,"key":"Ambrosia"},{"floor":38.0,"key":"Weak Potion"},{"floor":42.0,"key":"Fire Potion"}],"is_trial":false,"path_per_floor":["M","?","M","$","M","E","M","R","T","E","?","E","M","?","R","B",null,"M","$","M","?","?","E","R","E","T","M","M","?","$","M","R","B",null,"M","?","?","M","M","E","R","M","T","M","M","E","$","?","R","B",null,"R","$","E","B",null],"character_chosen":"WATCHER","items_purchased":["GoldenEye","Wireheading","Apotheosis+1","WindmillStrike"],"campfire_rested":3,"item_purchase_floors":[4,4,19,30],"current_hp_per_floor":[72,72,72,72,72,49,49,49,49,41,41,37,29,29,29,18,79,78,78,77,67,67,20,45,20,20,22,23,23,23,25,50,52,85,85,85,77,54,55,57,57,51,51,53,39,2,2,2,27,2,85,85,85,58,12],"gold":0,"neow_bonus":"BOSS_RELIC","is_daily":false,"chose_seed":false,"campfire_upgraded":2,"win_rate":0.0,"timestamp":1612455804,"path_taken":["M","?","M","$","?","E","M","R","T","E","?","E","M","?","R","BOSS","M","$","?","?","?","E","R","E","T","M","M","?","$","?","R","BOSS","M","?","?","M","M","E","R","M","T","?","M","E","$","?","R","BOSS","R","$","E","BOSS"],"items_purchased_type":["Relic","Card","Card","Card"],"build_version":"2020-12-18","purchased_purges":1,"victory":true,"max_hp_per_floor":[72,72,72,72,72,72,72,72,72,72,72,79,79,79,79,79,79,79,79,79,85,85,85,85,85,85,85,85,85,85,85,85,85,85,85,85,85,85,85,85,85,85,85,85,85,85,85,85,85,85,85,85,85,85,85],"card_choices":[{"not_picked":["JustLucky","Sanctity"],"picked":"FollowUp","floor":1.0},{"not_picked":["FollowUp","Devotion"],"picked":"Protect","floor":3.0},{"not_picked":["DeceiveReality","ThirdEye"],"picked":"CutThroughFate","floor":5.0},{"not_picked":["Fasting2","WheelKick"],"picked":"WaveOfTheHand+1","floor":6.0},{"not_picked":["Wireheading","PathToVictory+1"],"picked":"Protect+1","floor":7.0},{"not_picked":["Alpha+1","Perseverance+1"],"picked":"Pray+1","floor":10.0},{"not_picked":["Pray+1","SandsOfTime","CrushJoints"],"picked":"Tantrum","floor":12.0},{"not_picked":["FlyingSleeves","Wireheading","WindmillStrike"],"picked":"EmptyBody+1","floor":13.0},{"not_picked":["Devotion","ConjureBlade+1","MasterReality"],"picked":"SpiritShield+1","floor":16.0},{"not_picked":["Evaluate+1","Protect+1","TalkToTheHand"],"picked":"Prostrate+1","floor":18.0},{"not_picked":["BowlingBash","Consecrate","Evaluate+1"],"picked":"MentalFortress+1","floor":20.0},{"not_picked":["Swivel+1","CutThroughFate","Alpha+1","Consecrate"],"picked":"SKIP","floor":23.0},{"not_picked":["ClearTheMind+1","TalkToTheHand","Study"],"picked":"Crescendo+1","floor":25.0},{"not_picked":["TalkToTheHand","Consecrate","PathToVictory+1"],"picked":"Study+1","floor":27.0},{"not_picked":["Vengeance+1","DeceiveReality+1","CrushJoints+1"],"picked":"WindmillStrike","floor":28.0},{"not_picked":["Protect+1","FlyingSleeves","EmptyBody+1","PathToVictory+1"],"picked":"SKIP","floor":31.0},{"not_picked":["MasterReality","DeusExMachina+1","Judgement+1"],"picked":"Vault+1","floor":33.0},{"not_picked":["MentalFortress","Vengeance+1","Evaluate+1"],"picked":"CrushJoints+1","floor":35.0},{"not_picked":["EmptyFist+1","Collect+1","ThirdEye+1"],"picked":"CarveReality+1","floor":36.0},{"not_picked":["Crescendo+1","CrushJoints","EmptyFist","FlyingSleeves+1"],"picked":"SKIP","floor":38.0},{"not_picked":["BattleHymn","Indignation+1","PathToVictory+1","ClearTheMind+1"],"picked":"SKIP","floor":39.0},{"not_picked":["SashWhip+1","WaveOfTheHand+1","BattleHymn","ThirdEye+1"],"picked":"SKIP","floor":40.0},{"not_picked":["Halt+1","Prostrate+1","JustLucky+1"],"picked":"Nirvana+1","floor":42.0},{"not_picked":["InnerPeace+1","ForeignInfluence+1","FlurryOfBlows"],"picked":"SignatureMove","floor":44.0},{"not_picked":["ForeignInfluence+1","InnerPeace+1","Wish+1"],"picked":"ThirdEye+1","floor":45.0},{"not_picked":["PathToVictory+1","Consecrate+1","WaveOfTheHand+1"],"picked":"ThirdEye+1","floor":46.0},{"not_picked":["Protect+1","WaveOfTheHand+1","CutThroughFate+1","Weave+1"],"picked":"SKIP","floor":54.0}],"player_experience":4156359,"relics_obtained":[{"floor":6.0,"key":"Toxic Egg 2"},{"floor":6.0,"key":"Torii"},{"floor":9.0,"key":"Peace Pipe"},{"floor":10.0,"key":"Question Card"},{"floor":10.0,"key":"CloakClasp"},{"floor":12.0,"key":"Darkstone Periapt"},{"floor":12.0,"key":"Strawberry"},{"floor":21.0,"key":"Necronomicon"},{"floor":23.0,"key":"Sundial"},{"floor":23.0,"key":"Blood Vial"},{"floor":25.0,"key":"CaptainsWheel"},{"floor":25.0,"key":"War Paint"},{"floor":26.0,"key":"InkBottle"},{"floor":36.0,"key":"Lizard Tail"},{"floor":40.0,"key":"Potion Belt"},{"floor":40.0,"key":"Lantern"},{"floor":46.0,"key":"Girya"},{"floor":46.0,"key":"Nunchaku"},{"floor":54.0,"key":"Pen Nib"},{"floor":54.0,"key":"Art of War"}],"event_choices":[{"damage_healed":0.0,"max_hp_gain":0.0,"max_hp_loss":0.0,"gold_gain":275.0,"event_name":"Golden Shrine","player_choice":"Desecrate","floor":2.0,"gold_loss":0.0,"damage_taken":0.0,"cards_obtained":["Regret"]},{"damage_healed":0.0,"max_hp_gain":0.0,"max_hp_loss":0.0,"gold_gain":0.0,"event_name":"Liars Game","player_choice":"Ignored","floor":11.0,"gold_loss":0.0,"damage_taken":0.0},{"damage_healed":0.0,"max_hp_gain":0.0,"max_hp_loss":0.0,"gold_gain":0.0,"event_name":"Upgrade Shrine","player_choice":"Upgraded","floor":14.0,"gold_loss":0.0,"damage_taken":0.0,"cards_upgraded":["CutThroughFate"]},{"damage_healed":0.0,"max_hp_gain":0.0,"max_hp_loss":0.0,"gold_gain":0.0,"event_name":"Cursed Tome","player_choice":"Obtained Book","floor":21.0,"gold_loss":0.0,"damage_taken":16.0},{"damage_healed":0.0,"max_hp_gain":0.0,"max_hp_loss":0.0,"gold_gain":99.0,"event_name":"Nest","player_choice":"Stole From Cult","floor":22.0,"gold_loss":0.0,"damage_taken":0.0},{"cards_removed":["Defend_P"],"damage_healed":0.0,"max_hp_gain":0.0,"max_hp_loss":0.0,"gold_gain":0.0,"event_name":"Wheel of Change","player_choice":"Card Removal","floor":29.0,"gold_loss":0.0,"damage_taken":0.0},{"damage_healed":0.0,"max_hp_gain":0.0,"max_hp_loss":0.0,"gold_gain":0.0,"event_name":"MindBloom","player_choice":"Fight","floor":36.0,"gold_loss":0.0,"damage_taken":0.0},{"damage_healed":0.0,"max_hp_gain":0.0,"max_hp_loss":0.0,"gold_gain":0.0,"event_name":"Wheel of Change","player_choice":"Damaged","floor":37.0,"gold_loss":0.0,"damage_taken":8.0},{"damage_healed":0.0,"max_hp_gain":0.0,"max_hp_loss":0.0,"gold_gain":0.0,"event_name":"Tomb of Lord Red Mask","player_choice":"Paid","floor":48.0,"gold_loss":10.0,"damage_taken":0.0,"relics_obtained":["Red Mask"]}],"is_beta":true,"boss_relics":[{"not_picked":["Sozu","Coffee Dripper"],"picked":"Ectoplasm"},{"not_picked":["Calling Bell","Empty Cage"],"picked":"Pandora\u0027s Box"}],"items_purged_floors":[4],"is_endless":false,"potions_floor_spawned":[3,5,7,10,16,18,27,31,35,36,38,42],"ascension_level":4}}