{"host":"l8n56n8abrvcftzc","time":1612400366,"event":{"mods":["Aspiration","BaseMod","Better Note","Better Third Choice","Colored Map","DeckTracker","Googly Eyes","Highlight Path","Hubris","Minty Spire (QoL Compilation)","Permanent Neow","Relic Stats","Replay The Spire","StSLib","SuperFastMode","Uncapped"],"gold_per_floor":[113,113,126,12,30,30,58,58,85,85,112,112,112,126,126,221,221,237,253,266,93,23,58,70,70,70],"floor_reached":25,"language":"ENG","playtime":2644,"items_purged":["Strike_G","Defend_G"],"score":231,"play_id":"833e2948-dbf9-4880-a97f-ea0758cd1790","local_time":"20210203165926","is_ascension_mode":false,"campfire_choices":[{"data":"Cloak And Dagger","floor":6.0,"key":"SMITH"},{"floor":13.0,"key":"REST"},{"data":"Footwork","floor":15.0,"key":"SMITH"}],"circlet_count":0,"master_deck":["Strike_G","Strike_G","Strike_G","Strike_G","Defend_G","Defend_G","Defend_G","Defend_G","Survivor","Neutralize","Footwork+1","Cloak And Dagger+1","Cloak And Dagger+1","Hidden Blade","Blade Dance","Backflip","Storm of Steel","Backflip","Escape Plan","Fluid Movement+1","Noxious Fumes","hubris:Sniper","Calculated Gamble"],"relics":["Ring of the Snake","aspiration:DSix","MealTicket","Ninja Scroll","Ring of Peace","Pear","Philosopher\u0027s Stone","hubris:DeckOfHolding","aspiration:Lifesprig"],"acts_visited":["Exordium","TheCity"],"potions_floor_usage":[],"damage_taken":[{"damage":1.0,"enemies":"Cultist","floor":1.0,"turns":3.0},{"damage":0.0,"enemies":"Small Slimes","floor":3.0,"turns":5.0},{"damage":0.0,"enemies":"Jaw Worm","floor":5.0,"turns":6.0},{"damage":66.0,"enemies":"Lagavulin","floor":7.0,"turns":10.0},{"damage":16.0,"enemies":"Gremlin Nob","floor":11.0,"turns":6.0},{"damage":0.0,"enemies":"2 Fungi Beasts","floor":14.0,"turns":4.0},{"damage":38.0,"enemies":"Fading Forest","floor":16.0,"turns":11.0},{"damage":0.0,"enemies":"3 Byrds","floor":18.0,"turns":6.0},{"damage":0.0,"enemies":"Shell Parasite","floor":19.0,"turns":6.0},{"damage":24.0,"enemies":"Snake Plant","floor":20.0,"turns":10.0},{"damage":60,"enemies":"Gremlin Leader","floor":23,"turns":7},{"damage":0,"enemies":"3 Cultists","floor":24,"turns":6},{"damage":11,"enemies":"Slavers","floor":25,"turns":5}],"seed_played":"-8884599497061211605","potions_obtained":[{"floor":7.0,"key":"SteroidPotion"},{"floor":11.0,"key":"DistilledChaos"},{"floor":14.0,"key":"Regen Potion"}],"is_trial":false,"path_per_floor":["M","T","M","$","M","R","E","$","T","?","E","?","R","M","R","B",null,"M","M","M","$","?","E","M","E"],"character_chosen":"THE_SILENT","items_purchased":["Cloak And Dagger","Noxious Fumes"],"campfire_rested":1,"item_purchase_floors":[4,21],"current_hp_per_floor":[69,69,69,69,69,69,3,18,18,18,12,12,36,36,36,23,80,80,80,56,71,71,11,11,0,0],"gold":70,"neow_bonus":"DSIX","is_daily":false,"chose_seed":false,"campfire_upgraded":2,"win_rate":0.0,"timestamp":1612400366,"path_taken":["M","?","M","?","M","R","E","$","T","?","E","?","R","M","R","BOSS","M","M","?","$","?","E","M","E"],"items_purchased_type":["Card","Card"],"build_version":"2020-12-22","purchased_purges":2,"victory":false,"max_hp_per_floor":[70,70,70,70,70,70,70,70,70,70,80,80,80,80,80,80,80,80,80,80,80,80,80,80,80,80],"relic_stats":{"counters":[13,85],"MealTicket":30,"obtain_stats":[{"aspiration:Lifesprig":23,"Pear":11,"Ninja Scroll":9,"Ring of Peace":10,"MealTicket":7,"Philosopher\u0027s Stone":17,"hubris:DeckOfHolding":22,"aspiration:DSix":0,"Ring of the Snake":0},{"aspiration:Lifesprig":11,"Pear":5,"Ninja Scroll":4,"Ring of Peace":4,"MealTicket":4,"Philosopher\u0027s Stone":7,"hubris:DeckOfHolding":10,"aspiration:DSix":0,"Ring of the Snake":0},{"aspiration:Lifesprig":74,"Pear":30,"Ninja Scroll":24,"Ring of Peace":24,"MealTicket":24,"Philosopher\u0027s Stone":45,"hubris:DeckOfHolding":67,"aspiration:DSix":0,"Ring of the Snake":0}],"Ring of the Snake":[26]},"card_choices":[{"not_picked":["Underhanded Strike","Quick Slash"],"picked":"Footwork","floor":1.0},{"not_picked":["Poisoned Stab","Toxin Wave","hubris:SlightOfHand"],"picked":"SKIP","floor":3.0},{"not_picked":["Dagger Spray","Prepared"],"picked":"Hidden Blade","floor":5.0},{"not_picked":["Bane","Cloak And Dagger"],"picked":"Blade Dance","floor":7.0},{"not_picked":["Sucker Punch","PiercingWail","Choke"],"picked":"SKIP","floor":11.0},{"not_picked":["Crippling Poison","Cloak And Dagger"],"picked":"Backflip","floor":14.0},{"not_picked":["aspiration:Lunge","Poison Darts"],"picked":"Storm of Steel","floor":16.0},{"not_picked":["Concentrate+1","Slice"],"picked":"Backflip","floor":18.0},{"not_picked":["Bouncing Flask","ReplayTheSpireMod:The Works+1"],"picked":"Escape Plan","floor":19.0},{"not_picked":["Flying Knee","hubris:Counter"],"picked":"Fluid Movement+1","floor":20.0},{"not_picked":["Outmaneuver","Setup"],"picked":"hubris:Sniper","floor":23},{"not_picked":["Crippling Poison+1","Setup"],"picked":"Calculated Gamble","floor":24}],"player_experience":782164,"relics_obtained":[{"floor":7.0,"key":"MealTicket"},{"floor":9.0,"key":"Ninja Scroll"},{"floor":10.0,"key":"Ring of Peace"},{"floor":11.0,"key":"Pear"},{"floor":23,"key":"aspiration:Lifesprig"}],"event_choices":[{"damage_healed":0.0,"max_hp_gain":0.0,"max_hp_loss":0.0,"gold_gain":0.0,"event_name":"Upgrade Shrine","player_choice":"Upgraded","floor":12.0,"gold_loss":0.0,"damage_taken":0.0,"cards_upgraded":["Cloak And Dagger"]},{"damage_healed":0.0,"max_hp_gain":0.0,"max_hp_loss":0.0,"gold_gain":0.0,"event_name":"WeMeetAgain","player_choice":"Paid Gold","floor":22.0,"gold_loss":70.0,"damage_taken":0.0,"relics_obtained":["hubris:DeckOfHolding"]}],"is_beta":false,"boss_relics":[{"not_picked":["Painkiller Herb","Honey Jar"],"picked":"Philosopher\u0027s Stone"}],"items_purged_floors":[4,21],"is_endless":false,"potions_floor_spawned":[7,11,14],"killed_by":"Slavers","ascension_level":0}}