{"host":"vl29iwkwnyytuw8q","time":1612453405,"event":{"mods":["BaseMod","Minty Spire (QoL Compilation)","Permanent Neow","Relic Stats","StSLib"],"gold_per_floor":[117,117,132,145,164,164,189,189,189,27,44,73,86,96,96,197,197,216,230,230,5,17,46,62,88,111,111,111,111,111,131,131,229,229,249,7,21,68,80,80,114,114,137,174,197,197,223,264,273,273],"floor_reached":51,"language":"ENG","playtime":2751,"items_purged":[],"score":900,"play_id":"8009d907-6d9b-4258-b90f-bc998a330ece","local_time":"20210204164325","is_ascension_mode":true,"campfire_choices":[{"data":"Zap","floor":6.0,"key":"SMITH"},{"data":"Static Discharge","floor":15.0,"key":"SMITH"},{"data":"Apotheosis","floor":27.0,"key":"SMITH"},{"floor":29.0,"key":"REST"},{"floor":32.0,"key":"REST"},{"floor":40.0,"key":"REST"},{"floor":42.0,"key":"REST"},{"floor":49,"key":"REST"}],"circlet_count":0,"master_deck":["Strike_B","Strike_B","Strike_B","Defend_B","Defend_B","Defend_B","Defend_B","Zap+1","Dualcast","Go for the Eyes","Reinforced Body","Static Discharge+1","Glacier","Ball Lightning","Echo Form","Self Repair","Buffer","Compile Driver","Beam Cell","Reboot","Blizzard","Lockon","Apotheosis+1","Turbo","Consume+1","FTL+1","Leap","Redo+1","Capacitor+1","Creative AI","Recycle+1","Storm","Auto Shields+1","Hologram+1","Reinforced Body+1","Machine Learning","Ball Lightning+1","Parasite","Force Field+1","Tempest+1"],"relics":["Inserter","Bottled Flame","Meat on the Bone","Lantern","Philosopher\u0027s Stone","Bottled Lightning","Letter Opener","Potion Belt","Question Card","Snecko Eye","Bottled Tornado","Calipers","Boot","Bronze Scales","CeramicFish","Dream Catcher","StrikeDummy"],"acts_visited":["Exordium","TheCity","TheBeyond"],"potions_floor_usage":[44,50],"damage_taken":[{"damage":6.0,"enemies":"Cultist","floor":1.0,"turns":4.0},{"damage":8.0,"enemies":"Small Slimes","floor":3.0,"turns":3.0},{"damage":5.0,"enemies":"Jaw Worm","floor":4.0,"turns":5.0},{"damage":11.0,"enemies":"2 Fungi Beasts","floor":5.0,"turns":4.0},{"damage":6.0,"enemies":"3 Sentries","floor":7.0,"turns":9.0},{"damage":2.0,"enemies":"Exordium Wildlife","floor":11.0,"turns":5.0},{"damage":2.0,"enemies":"Lagavulin","floor":12.0,"turns":8.0},{"damage":9.0,"enemies":"Exordium Thugs","floor":13.0,"turns":7.0},{"damage":8.0,"enemies":"Blue Slaver","floor":14.0,"turns":6.0},{"damage":25.0,"enemies":"Hexaghost","floor":16.0,"turns":5.0},{"damage":19.0,"enemies":"2 Thieves","floor":18.0,"turns":4.0},{"damage":8.0,"enemies":"Chosen","floor":19.0,"turns":5.0},{"damage":52.0,"enemies":"Shelled Parasite and Fungi","floor":22.0,"turns":5.0},{"damage":38.0,"enemies":"Book of Stabbing","floor":23.0,"turns":7.0},{"damage":14.0,"enemies":"Cultist and Chosen","floor":24.0,"turns":7.0},{"damage":32.0,"enemies":"Gremlin Leader","floor":25.0,"turns":7.0},{"damage":0.0,"enemies":"Snecko","floor":31.0,"turns":5.0},{"damage":8.0,"enemies":"Collector","floor":33.0,"turns":9.0},{"damage":35.0,"enemies":"3 Shapes","floor":35.0,"turns":4.0},{"damage":4.0,"enemies":"Orb Walker","floor":37.0,"turns":6.0},{"damage":25.0,"enemies":"2 Orb Walkers","floor":38.0,"turns":8.0},{"damage":42.0,"enemies":"Sphere and 2 Shapes","floor":39.0,"turns":5.0},{"damage":30.0,"enemies":"Nemesis","floor":41.0,"turns":7.0},{"damage":56,"enemies":"Reptomancer","floor":44,"turns":7},{"damage":23,"enemies":"Transient","floor":45,"turns":5},{"damage":21,"enemies":"Writhing Mass","floor":47,"turns":7},{"damage":10,"enemies":"Nemesis","floor":48,"turns":7},{"damage":20,"enemies":"Awakened One","floor":50,"turns":10}],"seed_played":"-1009066754474559744","potions_obtained":[{"floor":1.0,"key":"Fruit Juice"},{"floor":2.0,"key":"PotionOfCapacity"},{"floor":2.0,"key":"CultistPotion"},{"floor":2.0,"key":"DuplicationPotion"},{"floor":5.0,"key":"Fire Potion"},{"floor":12.0,"key":"Regen Potion"},{"floor":22.0,"key":"Block Potion"},{"floor":24.0,"key":"CultistPotion"},{"floor":25.0,"key":"SkillPotion"},{"floor":35.0,"key":"BlessingOfTheForge"},{"floor":41.0,"key":"SteroidPotion"},{"floor":44,"key":"FearPotion"},{"floor":48,"key":"Block Potion"}],"is_trial":false,"path_per_floor":["M","?","M","M","M","R","E","?","T","$","M","E","M","M","R","B",null,"M","M","?","$","M","E","M","E","T","R","?","R","?","M","R","B",null,"M","$","M","?","M","R","E","R","T","E","M","T","M","E","R","B",null],"character_chosen":"DEFECT","items_purchased":["Echo Form","Apotheosis","Turbo","Bottled Tornado"],"campfire_rested":5,"item_purchase_floors":[10,21,21,36],"current_hp_per_floor":[74,74,66,61,50,50,44,49,49,49,47,59,57,56,56,50,85,66,65,65,65,46,30,48,38,38,38,38,63,63,63,85,85,85,50,50,66,73,53,78,58,83,83,49,58,58,49,71,85,65],"gold":273,"neow_bonus":"BOSS_RELIC","is_daily":false,"chose_seed":false,"campfire_upgraded":3,"win_rate":0.0,"timestamp":1612453405,"path_taken":["M","?","?","M","M","R","E","?","T","?","M","E","M","M","R","BOSS","M","M","?","$","M","E","M","E","T","R","?","R","?","M","R","BOSS","M","$","M","?","M","R","E","R","T","E","M","?","M","E","R","BOSS"],"items_purchased_type":["Card","Card","Card","Relic"],"build_version":"2020-12-22","purchased_purges":0,"victory":true,"max_hp_per_floor":[80,80,80,80,80,80,80,85,85,85,85,85,85,85,85,85,85,85,85,85,85,85,85,85,85,85,85,85,85,85,85,85,85,85,85,85,85,85,85,85,85,85,85,85,85,85,85,85,85,85],"relic_stats":{"Dream Catcher":1,"Inserter":[85],"counters":[28,171],"Bronze Scales":[153],"CeramicFish":45,"Snecko Eye":[103,100,119,130],"Letter Opener":[211],"Question Card":12,"Boot":[18],"obtain_stats":[{"Potion Belt":26,"Lantern":12,"Inserter":0,"Calipers":38,"CeramicFish":44,"Letter Opener":25,"Bottled Tornado":36,"Question Card":30,"Boot":41,"Bottled Flame":7,"Dream Catcher":46,"Bronze Scales":43,"Snecko Eye":34,"Philosopher\u0027s Stone":17,"Bottled Lightning":23,"Cracked Core":0,"StrikeDummy":48,"Meat on the Bone":9},{"Potion Belt":16,"Lantern":7,"Inserter":0,"Calipers":21,"CeramicFish":24,"Letter Opener":16,"Bottled Tornado":19,"Question Card":16,"Boot":23,"Bottled Flame":5,"Dream Catcher":25,"Bronze Scales":23,"Snecko Eye":18,"Philosopher\u0027s Stone":10,"Bottled Lightning":14,"Cracked Core":0,"StrikeDummy":27,"Meat on the Bone":5},{"Potion Belt":91,"Lantern":38,"Inserter":0,"Calipers":123,"CeramicFish":142,"Letter Opener":91,"Bottled Tornado":109,"Question Card":91,"Boot":135,"Bottled Flame":25,"Dream Catcher":147,"Bronze Scales":135,"Snecko Eye":105,"Philosopher\u0027s Stone":56,"Bottled Lightning":77,"Cracked Core":0,"StrikeDummy":161,"Meat on the Bone":25}],"Meat on the Bone":132},"card_choices":[{"not_picked":["Doom and Gloom","Stack"],"picked":"Go for the Eyes","floor":1.0},{"not_picked":["Redo","Turbo"],"picked":"Reinforced Body","floor":3.0},{"not_picked":["Buffer","Steam Power"],"picked":"Static Discharge","floor":4.0},{"not_picked":["Coolheaded","Streamline"],"picked":"Glacier","floor":5.0},{"not_picked":["Compile Driver","Hello World"],"picked":"Ball Lightning","floor":7.0},{"not_picked":["Rebound","Fusion"],"picked":"Self Repair","floor":11.0},{"not_picked":["Self Repair","Double Energy"],"picked":"Buffer","floor":12.0},{"not_picked":["Darkness","Rebound"],"picked":"Compile Driver","floor":13.0},{"not_picked":["Hello World","Hologram"],"picked":"Beam Cell","floor":14.0},{"not_picked":["Meteor Strike","Hyperbeam"],"picked":"Reboot","floor":16.0},{"not_picked":["Leap","Redo+1"],"picked":"Blizzard","floor":18.0},{"not_picked":["Steam","Rebound"],"picked":"Lockon","floor":19.0},{"not_picked":["Steam","Compile Driver"],"picked":"Consume+1","floor":22.0},{"not_picked":["Self Repair+1","Chaos"],"picked":"FTL+1","floor":23.0},{"not_picked":["Blizzard","Force Field+1"],"picked":"Leap","floor":24.0},{"not_picked":["Compile Driver","Chill"],"picked":"Redo+1","floor":25.0},{"not_picked":["Steam+1","Go for the Eyes","Lockon"],"picked":"Capacitor+1","floor":31.0},{"not_picked":["Seek","Fission","Hyperbeam"],"picked":"Creative AI","floor":33.0},{"not_picked":["Conserve Battery+1","Aggregate","Leap"],"picked":"Recycle+1","floor":35.0},{"not_picked":["Glacier","Turbo","Redo+1"],"picked":"Storm","floor":37.0},{"not_picked":["Gash","Rebound","Go for the Eyes+1"],"picked":"Auto Shields+1","floor":38.0},{"not_picked":["Conserve Battery+1","Redo","Leap+1"],"picked":"Hologram+1","floor":39.0},{"not_picked":["Stack","Steam+1","Reboot"],"picked":"Reinforced Body+1","floor":41.0},{"not_picked":["Melter","Capacitor+1","Go for the Eyes+1"],"picked":"Machine Learning","floor":44},{"not_picked":["Rebound","Gash+1","Stack"],"picked":"Ball Lightning+1","floor":45},{"not_picked":["Stack+1","Go for the Eyes+1","Sweeping Beam","Streamline"],"picked":"SKIP","floor":47},{"not_picked":["Scrape","Coolheaded","Redo+1"],"picked":"Force Field+1","floor":48},{"not_picked":["Beam Cell","Cold Snap","Gash+1"],"picked":"Tempest+1","floor":49}],"player_experience":662574,"relics_obtained":[{"floor":7.0,"key":"Bottled Flame"},{"floor":9.0,"key":"Meat on the Bone"},{"floor":12.0,"key":"Lantern"},{"floor":23.0,"key":"Bottled Lightning"},{"floor":25.0,"key":"Letter Opener"},{"floor":26.0,"key":"Potion Belt"},{"floor":38.0,"key":"Calipers"},{"floor":41.0,"key":"Boot"},{"floor":43.0,"key":"Bronze Scales"},{"floor":44,"key":"CeramicFish"},{"floor":46,"key":"Dream Catcher"},{"floor":48,"key":"StrikeDummy"}],"event_choices":[{"damage_healed":0.0,"max_hp_gain":0.0,"max_hp_loss":0.0,"gold_gain":0.0,"event_name":"Lab","player_choice":"Got Potions","floor":2.0,"gold_loss":0.0,"damage_taken":0.0},{"damage_healed":0.0,"max_hp_gain":5.0,"max_hp_loss":0.0,"gold_gain":0.0,"event_name":"Big Fish","player_choice":"Donut","floor":8.0,"gold_loss":0.0,"damage_taken":0.0},{"damage_healed":0.0,"max_hp_gain":0.0,"max_hp_loss":0.0,"gold_gain":0.0,"event_name":"Ghosts","player_choice":"Ignored","floor":20.0,"gold_loss":0.0,"damage_taken":0.0},{"cards_removed":["Strike_B"],"damage_healed":0.0,"max_hp_gain":0.0,"max_hp_loss":0.0,"gold_gain":0.0,"event_name":"Back to Basics","player_choice":"Elegance","floor":28.0,"gold_loss":0.0,"damage_taken":0.0},{"damage_healed":0.0,"max_hp_gain":0.0,"max_hp_loss":0.0,"gold_gain":0.0,"event_name":"WeMeetAgain","player_choice":"Gave Potion","floor":30.0,"gold_loss":0.0,"damage_taken":0.0,"relics_obtained":["Question Card"]},{"damage_healed":0.0,"max_hp_gain":0.0,"max_hp_loss":0.0,"gold_gain":0.0,"event_name":"Mysterious Sphere","player_choice":"Fight","floor":38.0,"gold_loss":0.0,"damage_taken":0.0}],"is_beta":false,"boss_relics":[{"not_picked":["Astrolabe","Sozu"],"picked":"Philosopher\u0027s Stone"},{"not_picked":["Runic Dome","Velvet Choker"],"picked":"Snecko Eye"}],"items_purged_floors":[],"is_endless":false,"potions_floor_spawned":[1,3,5,12,14,16,22,24,25,35,41,44,48],"ascension_level":3}}