{"host":"Sean","time":1612451162,"event":{"mods":["BaseMod","Block Reminder","Colored Map","Colored Powertips","Highlight Path","Minty Spire (QoL Compilation)","Permanent Neow","Relic Stats"],"gold_per_floor":[118,36,211,231,249,249,274,288,315,17,30,130,159,170,170,266,266,284,284,303,313,228,259,259,259,286,286,17,17,45,64,64,164,164,177,231,231,249,20,20,47,47,70,70,99,117,117,167,167,167],"floor_reached":51,"language":"ENG","playtime":3003,"items_purged":["Doubt","Defend_G","Defend_G"],"score":851,"play_id":"dbcb56c1-fb72-4369-a00c-5e28728dbcb4","local_time":"20210204150602","is_ascension_mode":false,"campfire_choices":[{"data":"Glass Knife","floor":6.0,"key":"SMITH"},{"data":"Bullet Time","floor":15.0,"key":"SMITH"},{"data":"Riddle With Holes","floor":25.0,"key":"SMITH"},{"data":"Crippling Poison","floor":29.0,"key":"SMITH"},{"data":"All Out Attack","floor":32.0,"key":"SMITH"},{"data":"Backstab","floor":40.0,"key":"SMITH"},{"data":"Footwork","floor":42,"key":"SMITH"},{"data":"Acrobatics","floor":44,"key":"SMITH"},{"floor":49,"key":"REST"}],"circlet_count":0,"master_deck":["Strike_G","Strike_G","Defend_G","Survivor","Neutralize","Predator","Glass Knife+1","Acrobatics+1","Bane","All Out Attack+1","Dagger Throw","Terror","Backflip","Bullet Time+1","Backflip","Phantasmal Killer","Flying Knee+1","Infinite Blades+1","Calculated Gamble+1","Eviscerate+1","Crippling Poison+1","Leg Sweep+1","Blade Dance+1","Deflect","Riddle With Holes+1","Cloak And Dagger","Deadly Poison+1","Prepared+1","After Image","Skewer+1","Underhanded Strike+1","Deadly Poison+1","Footwork+1","Backstab+1","Eviscerate+1","Acrobatics+1","Outmaneuver+1","Apotheosis","The Bomb","Bandage Up"],"relics":["Ring of the Snake","Akabeko","Happy Flower","Omamori","Anchor","Astrolabe","Ancient Tea Set","Gremlin Horn","Tingsha","Blood Vial","Enchiridion","ClockworkSouvenir","Strawberry","Philosopher\u0027s Stone","Incense Burner","Orichalcum","Bronze Scales","Regal Pillow","Bird Faced Urn"],"acts_visited":["Exordium","TheCity","TheBeyond"],"potions_floor_usage":[50,50],"damage_taken":[{"damage":0.0,"enemies":"Cultist","floor":1.0,"turns":4.0},{"damage":5.0,"enemies":"Small Slimes","floor":4.0,"turns":4.0},{"damage":6.0,"enemies":"Jaw Worm","floor":5.0,"turns":4.0},{"damage":15.0,"enemies":"Gremlin Nob","floor":7.0,"turns":4.0},{"damage":4.0,"enemies":"2 Fungi Beasts","floor":8.0,"turns":2.0},{"damage":0.0,"enemies":"Large Slime","floor":11.0,"turns":3.0},{"damage":10.0,"enemies":"3 Sentries","floor":13.0,"turns":4.0},{"damage":0.0,"enemies":"Exordium Wildlife","floor":14.0,"turns":2.0},{"damage":0.0,"enemies":"Slime Boss","floor":16.0,"turns":7.0},{"damage":0.0,"enemies":"Shell Parasite","floor":18.0,"turns":3.0},{"damage":17.0,"enemies":"Spheric Guardian","floor":20.0,"turns":4.0},{"damage":0.0,"enemies":"Centurion and Healer","floor":21.0,"turns":4.0},{"damage":13.0,"enemies":"Gremlin Leader","floor":23.0,"turns":5.0},{"damage":7.0,"enemies":"Book of Stabbing","floor":30.0,"turns":3.0},{"damage":0.0,"enemies":"Snake Plant","floor":31.0,"turns":2.0},{"damage":23.0,"enemies":"Collector","floor":33.0,"turns":3.0},{"damage":0.0,"enemies":"3 Darklings","floor":35.0,"turns":4.0},{"damage":6.0,"enemies":"2 Orb Walkers","floor":36.0,"turns":4.0},{"damage":19.0,"enemies":"Orb Walker","floor":38.0,"turns":3.0},{"damage":6,"enemies":"Nemesis","floor":41,"turns":5},{"damage":5,"enemies":"Reptomancer","floor":45,"turns":2},{"damage":0,"enemies":"4 Shapes","floor":46,"turns":4},{"damage":0,"enemies":"Mind Bloom Boss Battle","floor":48,"turns":3},{"damage":71,"enemies":"Awakened One","floor":50,"turns":11}],"seed_played":"6232299704855852268","potions_obtained":[{"floor":1.0,"key":"LiquidMemories"},{"floor":7.0,"key":"Strength Potion"},{"floor":8.0,"key":"Ancient Potion"},{"floor":16.0,"key":"Dexterity Potion"},{"floor":30.0,"key":"Strength Potion"},{"floor":36.0,"key":"DuplicationPotion"}],"is_trial":false,"path_per_floor":["M","$","?","M","M","R","E","M","T","$","M","?","E","M","R","B",null,"M","?","M","M","?","E","?","R","T","?","$","R","E","M","R","B",null,"M","?","?","M","$","R","E","R","T","R","E","M","?","?","R","B",null],"character_chosen":"THE_SILENT","items_purchased":["Glass Knife","Omamori","Terror","ClockworkSouvenir","Cloak And Dagger","Footwork","Backstab"],"campfire_rested":1,"item_purchase_floors":[2,10,10,28,28,39,39],"current_hp_per_floor":[63,63,63,58,52,52,37,33,33,33,33,33,23,23,23,23,84,84,84,67,67,67,54,54,54,54,38,38,38,40,42,42,21,91,91,85,85,68,68,68,64,64,64,64,61,63,53,59,91,32],"gold":167,"neow_bonus":"TWENTY_PERCENT_HP_BONUS","is_daily":false,"chose_seed":false,"campfire_upgraded":8,"win_rate":0.0,"timestamp":1612451162,"path_taken":["M","?","?","M","M","R","E","M","T","$","M","?","E","?","R","BOSS","M","?","M","M","?","E","?","R","T","?","$","R","E","M","R","BOSS","M","?","?","M","?","R","E","R","T","R","E","M","?","?","R","BOSS"],"items_purchased_type":["Card","Relic","Card","Relic","Card","Card","Card"],"build_version":"2020-12-18","purchased_purges":3,"victory":true,"max_hp_per_floor":[84,84,84,84,84,84,84,84,84,84,84,84,84,84,84,84,84,84,84,84,84,84,84,84,84,84,84,84,84,91,91,91,91,91,91,91,91,91,91,91,91,91,91,91,91,91,91,91,91,91],"relic_stats":{"Blood Vial":16,"Regal Pillow":5,"Happy Flower":[25],"Gremlin Horn":[16,18],"counters":[24,94],"Astrolabe":["Flying Knee","Infinite Blades","Calculated Gamble"],"Bronze Scales":[49],"Bird Faced Urn":[6],"Tingsha":[162],"Orichalcum":[24],"obtain_stats":[{"Regal Pillow":45,"Happy Flower":9,"Gremlin Horn":22,"Astrolabe":17,"Enchiridion":27,"Tingsha":23,"Omamori":10,"Incense Burner":36,"Orichalcum":41,"Ancient Tea Set":19,"Akabeko":7,"ClockworkSouvenir":28,"Blood Vial":26,"Anchor":13,"Strawberry":30,"Bronze Scales":43,"Bird Faced Urn":48,"Philosopher\u0027s Stone":34,"Ring of the Snake":0},{"Regal Pillow":21,"Happy Flower":5,"Gremlin Horn":12,"Astrolabe":9,"Enchiridion":13,"Tingsha":13,"Omamori":5,"Incense Burner":18,"Orichalcum":20,"Ancient Tea Set":10,"Akabeko":4,"ClockworkSouvenir":13,"Blood Vial":13,"Anchor":7,"Strawberry":14,"Bronze Scales":20,"Bird Faced Urn":23,"Philosopher\u0027s Stone":16,"Ring of the Snake":0},{"Regal Pillow":76,"Happy Flower":18,"Gremlin Horn":45,"Astrolabe":34,"Enchiridion":50,"Tingsha":50,"Omamori":18,"Incense Burner":66,"Orichalcum":74,"Ancient Tea Set":37,"Akabeko":16,"ClockworkSouvenir":50,"Blood Vial":50,"Anchor":25,"Strawberry":53,"Bronze Scales":74,"Bird Faced Urn":83,"Philosopher\u0027s Stone":58,"Ring of the Snake":0}],"Ring of the Snake":[48]},"card_choices":[{"not_picked":["Dagger Spray","Bane"],"picked":"Predator","floor":1.0},{"not_picked":["Reflex","Deflect"],"picked":"Acrobatics","floor":4.0},{"not_picked":["Outmaneuver","Catalyst"],"picked":"Bane","floor":5.0},{"not_picked":["Crippling Poison","Dagger Throw"],"picked":"All Out Attack","floor":7.0},{"not_picked":["Reflex","Quick Slash"],"picked":"Dagger Throw","floor":8.0},{"not_picked":["Masterful Stab","Skewer"],"picked":"Backflip","floor":11.0},{"not_picked":["Poisoned Stab","Noxious Fumes"],"picked":"Bullet Time","floor":13.0},{"not_picked":["Endless Agony","Dodge and Roll"],"picked":"Backflip","floor":14.0},{"not_picked":["Corpse Explosion","Grand Finale"],"picked":"Phantasmal Killer","floor":16.0},{"not_picked":["Expertise+1","Flying Knee+1"],"picked":"Eviscerate+1","floor":18.0},{"not_picked":["Dodge and Roll","Escape Plan"],"picked":"Crippling Poison","floor":20.0},{"not_picked":["Sucker Punch","Backflip"],"picked":"Leg Sweep+1","floor":21.0},{"not_picked":["Heel Hook","Malaise"],"picked":"Blade Dance+1","floor":23.0},{"not_picked":["Sucker Punch","Expertise"],"picked":"Deadly Poison+1","floor":30.0},{"not_picked":["Outmaneuver+1","Flechettes"],"picked":"Prepared+1","floor":31.0},{"not_picked":["Wraith Form v2","Bullet Time"],"picked":"After Image","floor":33.0},{"not_picked":["Deflect+1","Masterful Stab+1"],"picked":"Skewer+1","floor":35.0},{"not_picked":["Expertise+1","Reflex"],"picked":"Underhanded Strike+1","floor":36.0},{"not_picked":["Footwork","Malaise"],"picked":"Deadly Poison+1","floor":38.0},{"not_picked":["Unload","Flying Knee+1"],"picked":"Eviscerate+1","floor":41},{"not_picked":["Flying Knee+1","Outmaneuver"],"picked":"Acrobatics+1","floor":45},{"not_picked":["Slice+1","Expertise"],"picked":"Outmaneuver+1","floor":46},{"not_picked":["Deep Breath","Enlightenment"],"picked":"Apotheosis","floor":47},{"not_picked":["Trip","Deep Breath"],"picked":"The Bomb","floor":47},{"not_picked":["Swift Strike","Dramatic Entrance"],"picked":"Bandage Up","floor":47}],"player_experience":523262,"relics_obtained":[{"floor":7.0,"key":"Akabeko"},{"floor":9.0,"key":"Happy Flower"},{"floor":13.0,"key":"Anchor"},{"floor":23.0,"key":"Tingsha"},{"floor":26.0,"key":"Blood Vial"},{"floor":27.0,"key":"Enchiridion"},{"floor":30.0,"key":"Strawberry"},{"floor":36.0,"key":"Incense Burner"},{"floor":41,"key":"Orichalcum"},{"floor":43,"key":"Bronze Scales"},{"floor":45,"key":"Regal Pillow"},{"floor":48,"key":"Bird Faced Urn"}],"event_choices":[{"damage_healed":0.0,"max_hp_gain":0.0,"max_hp_loss":0.0,"gold_gain":175.0,"event_name":"Liars Game","player_choice":"AGREE","floor":3.0,"gold_loss":0.0,"damage_taken":0.0,"cards_obtained":["Doubt"]},{"damage_healed":0.0,"max_hp_gain":0.0,"max_hp_loss":0.0,"gold_gain":100.0,"event_name":"Golden Shrine","player_choice":"Pray","floor":12.0,"gold_loss":0.0,"damage_taken":0.0},{"damage_healed":0.0,"max_hp_gain":0.0,"max_hp_loss":0.0,"gold_gain":0.0,"event_name":"The Mausoleum","player_choice":"Opened","floor":19.0,"gold_loss":0.0,"damage_taken":0.0,"relics_obtained":["Ancient Tea Set"]},{"damage_healed":0.0,"max_hp_gain":0.0,"max_hp_loss":0.0,"gold_gain":0.0,"event_name":"Addict","player_choice":"Obtained Relic","floor":22.0,"gold_loss":85.0,"damage_taken":0.0,"relics_obtained":["Gremlin Horn"]},{"damage_healed":0.0,"max_hp_gain":0.0,"max_hp_loss":0.0,"gold_gain":0.0,"cards_transformed":["Strike_G","Defend_G"],"event_name":"Drug Dealer","player_choice":"Became Test Subject","floor":24.0,"gold_loss":0.0,"damage_taken":0.0,"cards_obtained":["Deflect","Riddle With Holes"]},{"damage_healed":0.0,"max_hp_gain":0.0,"max_hp_loss":0.0,"gold_gain":0.0,"event_name":"Cursed Tome","player_choice":"Obtained Book","floor":27.0,"gold_loss":0.0,"damage_taken":16.0},{"damage_healed":0.0,"max_hp_gain":0.0,"max_hp_loss":0.0,"gold_gain":0.0,"event_name":"Mysterious Sphere","player_choice":"Fight","floor":36.0,"gold_loss":0.0,"damage_taken":0.0},{"damage_healed":0.0,"max_hp_gain":0.0,"max_hp_loss":0.0,"gold_gain":0.0,"event_name":"Tomb of Lord Red Mask","player_choice":"Ignored","floor":37.0,"gold_loss":0.0,"damage_taken":0.0},{"damage_healed":0,"gold_gain":0,"player_choice":"Memory 3","damage_taken":10,"max_hp_gain":0,"max_hp_loss":0,"event_name":"SensoryStone","floor":47,"gold_loss":0},{"damage_healed":0,"gold_gain":0,"player_choice":"Fight","damage_taken":0,"max_hp_gain":0,"max_hp_loss":0,"event_name":"MindBloom","floor":48,"gold_loss":0}],"is_beta":true,"boss_relics":[{"not_picked":["SacredBark","Coffee Dripper"],"picked":"Astrolabe"},{"not_picked":["Runic Pyramid","Black Star"],"picked":"Philosopher\u0027s Stone"}],"items_purged_floors":[10,28,39],"is_endless":false,"potions_floor_spawned":[1,7,8,11,16,20,23,30,31,36,41],"ascension_level":0}}