{"host":"28bpuzdckreop5i0","time":1612469751,"event":{"mods":["Aspiration","BaseMod","Beaked The Cultist","Challenge The Spire","Conspire","Defuse TimeMaze Blight","Downfall","Energized Spire","GifTheSpireLib","Googly Eyes","Hubris","Infinite Spire","Minty Spire (QoL Compilation)","Relic Stats","Replay The Spire","Shop Mod","Spicy Shops","StSLib","Stuff the Spire","The Awakened One except there are too many feathers","The Construct","The Cursed","The Disciple","The Hierophant","The IronCluck","The Runesmith","Thieving Mod","Transform Curses","Wandering Minibosses","slay the spire mod where everything is the same but ironclad has a cowboy hat"],"gold_per_floor":[118,118,19,33,33,33,67,67,90,104,104,104,114,141,141,244,244,255,272,272,290,290,290],"floor_reached":22,"language":"ENG","playtime":1749,"items_purged":[],"score":219,"play_id":"56bae93c-6d2b-4ee6-baeb-71d87d720107","local_time":"20210204141551","is_ascension_mode":false,"campfire_choices":[{"data":"construct:Analyze","floor":6,"key":"SMITH"},{"data":"construct:DefenseMode","floor":8,"key":"SMITH"},{"data":"construct:ReactiveShield","floor":15,"key":"SMITH"}],"circlet_count":0,"master_deck":["construct:Strike_Gold","construct:Strike_Gold","construct:Strike_Gold","construct:Strike_Gold","construct:Strike_Gold","construct:Defend_Gold","construct:Defend_Gold","construct:Defend_Gold","construct:Defend_Gold","construct:AttackMode","construct:DefenseMode+1","construct:Autoturret+1","construct:ReactiveShield+1","construct:Analyze+1","Injury","construct:Accumulate","construct:Missile","construct:Synchronize","infinitespire:NeuralNetwork"],"relics":["construct:Cogwheel","Centennial Puzzle","Toxic Egg 2","Ancient Tea Set","Happy Flower","hubris:OldNail","hubris:Backtick","hubris:ClockworkCow","construct:WeddingRing","infinitespire:Golems Mask"],"acts_visited":["Exordium","TheCity"],"potions_floor_usage":[4,13,19,19,22],"damage_taken":[{"damage":0,"enemies":"conspire:RoseBush","floor":1,"turns":3},{"damage":3,"enemies":"Small Slimes","floor":4,"turns":5},{"damage":2,"enemies":"Replay:BlueRogue","floor":7,"turns":14},{"damage":1,"enemies":"Jaw Worm","floor":10,"turns":6},{"damage":27,"enemies":"Gremlin Gang","floor":13,"turns":11},{"damage":0,"enemies":"Lagavulin","floor":14,"turns":9},{"damage":28,"enemies":"Fading Forest","floor":16,"turns":11},{"damage":16,"enemies":"Spheric Guardian","floor":18,"turns":8},{"damage":45,"enemies":"Chosen","floor":19,"turns":9},{"damage":16,"enemies":"Centurion and Healer","floor":21,"turns":5},{"damage":9,"enemies":"3 Cultists","floor":22,"turns":3}],"seed_played":"936210081921901791","potions_obtained":[{"floor":1,"key":"LifebloodPotion"},{"floor":7,"key":"LifebloodPotion"},{"floor":18,"key":"EntropicBrew"},{"floor":21,"key":"Block Potion"}],"is_trial":false,"path_per_floor":["M","?","$","M","?","R","E","R","T","M","?","?","M","E","R","B",null,"M","M","AVR","M","M"],"character_chosen":"THE_CONSTRUCT_MOD","items_purchased":["construct:ReactiveShield"],"campfire_rested":0,"item_purchase_floors":[3],"current_hp_per_floor":[85,78,78,75,75,75,73,73,73,72,72,72,45,45,45,27,85,69,24,24,8,0,0],"gold":290,"neow_bonus":"RANDOM_COMMON_RELIC","is_daily":false,"chose_seed":false,"campfire_upgraded":3,"win_rate":0.0,"timestamp":1612469751,"path_taken":["M","?","$","M","?","R","E","R","T","M","?","?","?","E","R","BOSS","M","M","AVR","?","M"],"items_purchased_type":["Card"],"build_version":"2020-12-22","purchased_purges":0,"victory":false,"max_hp_per_floor":[85,85,85,85,85,85,85,85,85,85,85,85,85,85,85,85,85,85,85,85,85,85,85],"relic_stats":{"Centennial Puzzle":[27],"Happy Flower":[20],"counters":[11,81],"obtain_stats":[{"Centennial Puzzle":0,"hubris:ClockworkCow":17,"hubris:Backtick":17,"construct:WeddingRing":20,"Happy Flower":9,"construct:Cogwheel":0,"infinitespire:Golems Mask":20,"Toxic Egg 2":5,"Ancient Tea Set":7,"hubris:OldNail":14},{"Centennial Puzzle":0,"hubris:ClockworkCow":7,"hubris:Backtick":7,"construct:WeddingRing":9,"Happy Flower":3,"construct:Cogwheel":0,"infinitespire:Golems Mask":9,"Toxic Egg 2":2,"Ancient Tea Set":3,"hubris:OldNail":6},{"Centennial Puzzle":0,"hubris:ClockworkCow":58,"hubris:Backtick":58,"construct:WeddingRing":74,"Happy Flower":22,"construct:Cogwheel":0,"infinitespire:Golems Mask":74,"Toxic Egg 2":8,"Ancient Tea Set":22,"hubris:OldNail":47}]},"card_choices":[{"not_picked":["construct:OneWayMirror","construct:Tumble"],"picked":"construct:Autoturret","floor":1},{"not_picked":["construct:SaveState","construct:Zapper"],"picked":"construct:Analyze","floor":4},{"not_picked":["construct:SweepLaser","construct:QuickAttack"],"picked":"construct:Accumulate","floor":7},{"not_picked":["construct:Boost","construct:Reinforce+1"],"picked":"construct:Missile","floor":10},{"not_picked":["construct:FocusedBeam","construct:ModeShift+1","construct:SyphonStrike"],"picked":"SKIP","floor":13},{"not_picked":["construct:ScrapCannon","construct:Boost","construct:HastyRepair+1"],"picked":"SKIP","floor":14},{"not_picked":["construct:ShiftStrike+1","construct:Anticipate+1","construct:FocusedBeam"],"picked":"SKIP","floor":18},{"not_picked":["construct:SyphonStrike","construct:Forcefield+1"],"picked":"construct:Synchronize","floor":19},{"not_picked":["construct:Enhance","construct:SaveState+1","construct:MetalShell+1"],"picked":"SKIP","floor":21}],"player_experience":1026512,"relics_obtained":[{"floor":7,"key":"Ancient Tea Set"},{"floor":9,"key":"Happy Flower"},{"floor":14,"key":"hubris:OldNail"}],"event_choices":[{"cards_removed":["construct:Defend_Gold"],"damage_healed":0,"gold_gain":0,"player_choice":"Card Removal","damage_taken":7,"max_hp_gain":0,"max_hp_loss":0,"event_name":"Golden Wing","floor":2,"gold_loss":0},{"damage_healed":0,"gold_gain":0,"player_choice":"Leave","damage_taken":0,"max_hp_gain":0,"max_hp_loss":0,"event_name":"conspire:Investor","floor":12,"gold_loss":0}],"is_beta":false,"boss_relics":[{"not_picked":["Tiny House","Replay:Wanted Poster"],"picked":"hubris:Backtick"}],"items_purged_floors":[],"is_endless":false,"potions_floor_spawned":[1,7,18,21],"killed_by":"3 Cultists","ascension_level":0}}