{"host":"xg4r5pv6chpuampg","time":1612454593,"event":{"mods":["AchievementEnabler","BaseMod","Googly Eyes","Minty Spire (QoL Compilation)"],"gold_per_floor":[119,119,135,153,173,173,198,213,262,273,286,286,302,318,318,418,418,437,483,483,530,546,546,580,580,607,627,647,680,680,680,680,680,680],"floor_reached":33,"language":"ENG","playtime":3921,"items_purged":[],"score":291,"play_id":"028b2ea6-59d5-46d5-b7bf-45ad09051648","local_time":"20210204190313","is_ascension_mode":false,"campfire_choices":[{"floor":6,"key":"RECALL"},{"floor":12,"key":"REST"},{"floor":15,"key":"REST"},{"floor":23,"key":"REST"},{"floor":25,"key":"REST"},{"data":"Judgement","floor":30,"key":"SMITH"},{"data":"Tantrum","floor":32,"key":"SMITH"}],"circlet_count":0,"master_deck":["Strike_P","Strike_P","Strike_P","Strike_P","Defend_P","Defend_P+1","Defend_P","Defend_P","Eruption","Vigilance","Prostrate+1","FearNoEvil","LessonLearned+1","CutThroughFate+1","Wallop","Tantrum+1","TalkToTheHand","SashWhip+1","DeceiveReality","EmptyFist","Consecrate","Judgement+1","Meditate","SashWhip","EmptyBody","Consecrate","EmptyFist","SashWhip+1"],"relics":["PureWater","HornCleat","Black Star","Whetstone","Regal Pillow","Eternal Feather","Bronze Scales","Toy Ornithopter","Vajra","Ornamental Fan"],"acts_visited":["Exordium","TheCity"],"potions_floor_usage":[10,16,16,22,24,24,27,29,33],"damage_taken":[{"damage":0,"enemies":"Small Slimes","floor":1,"turns":5},{"damage":2,"enemies":"Cultist","floor":3,"turns":5},{"damage":3,"enemies":"Jaw Worm","floor":4,"turns":4},{"damage":12,"enemies":"Blue Slaver","floor":5,"turns":5},{"damage":20,"enemies":"3 Sentries","floor":7,"turns":8},{"damage":1,"enemies":"2 Fungi Beasts","floor":8,"turns":2},{"damage":4,"enemies":"Gremlin Gang","floor":10,"turns":3},{"damage":0,"enemies":"Blue Slaver","floor":11,"turns":2},{"damage":0,"enemies":"2 Fungi Beasts","floor":13,"turns":2},{"damage":2,"enemies":"Looter","floor":14,"turns":2},{"damage":26,"enemies":"The Guardian","floor":16,"turns":13},{"damage":3,"enemies":"Shell Parasite","floor":18,"turns":5},{"damage":18,"enemies":"2 Thieves","floor":22,"turns":2},{"damage":61,"enemies":"Book of Stabbing","floor":24,"turns":8},{"damage":7,"enemies":"Snake Plant","floor":27,"turns":5},{"damage":0,"enemies":"Snecko","floor":28,"turns":3},{"damage":31,"enemies":"Gremlin Leader","floor":29,"turns":9},{"damage":85,"enemies":"Champ","floor":33,"turns":13}],"seed_played":"9018489118395040209","potions_obtained":[{"floor":3,"key":"Weak Potion"},{"floor":8,"key":"SpeedPotion"},{"floor":10,"key":"Regen Potion"},{"floor":14,"key":"Weak Potion"},{"floor":16,"key":"Explosive Potion"},{"floor":18,"key":"SteroidPotion"},{"floor":24,"key":"Block Potion"},{"floor":28,"key":"Fire Potion"},{"floor":29,"key":"Fire Potion"}],"is_trial":false,"path_per_floor":["M","?","M","M","M","R","E","M","T","M","M","R","M","M","R","B",null,"M","T","?","T","M","R","E","R","T","M","M","E","R","?","R","B"],"character_chosen":"WATCHER","items_purchased":[],"campfire_rested":4,"item_purchase_floors":[],"current_hp_per_floor":[79,79,77,74,62,62,42,41,41,37,37,60,60,58,79,53,79,76,76,76,76,58,79,32,79,79,72,72,46,61,61,76,0,0],"gold":680,"neow_bonus":"TEN_PERCENT_HP_BONUS","is_daily":false,"chose_seed":false,"campfire_upgraded":2,"win_rate":0.0,"timestamp":1612454593,"path_taken":["M","?","M","M","M","R","E","M","T","M","M","R","M","M","R","BOSS","M","?","?","?","M","R","E","R","T","M","M","E","R","?","R","BOSS"],"items_purchased_type":[],"build_version":"2020-12-22","purchased_purges":0,"victory":false,"max_hp_per_floor":[79,79,79,79,79,79,79,79,79,79,79,79,79,79,79,79,79,79,79,79,79,79,79,79,79,79,79,79,79,79,79,79,79,79],"card_choices":[{"not_picked":["PathToVictory","Weave"],"picked":"Prostrate","floor":1},{"not_picked":["Evaluate","FearNoEvil"],"picked":"CutThroughFate","floor":3},{"not_picked":["Vengeance","Consecrate"],"picked":"Wallop","floor":4},{"not_picked":["ReachHeaven","Worship"],"picked":"Tantrum","floor":5},{"not_picked":["Crescendo","ConjureBlade"],"picked":"TalkToTheHand","floor":7},{"not_picked":["CrushJoints","EmptyFist"],"picked":"SashWhip","floor":8},{"not_picked":["SignatureMove","CutThroughFate"],"picked":"DeceiveReality","floor":10},{"not_picked":["SignatureMove","Prostrate","ReachHeaven"],"picked":"SKIP","floor":11},{"not_picked":["FlyingSleeves","ClearTheMind"],"picked":"EmptyFist","floor":13},{"not_picked":["EmptyFist","Ragnarok"],"picked":"Consecrate","floor":14},{"not_picked":["Scrawl","Establishment"],"picked":"Judgement","floor":16},{"not_picked":["Study","Evaluate"],"picked":"Meditate","floor":18},{"not_picked":["FlyingSleeves","CrushJoints"],"picked":"SashWhip","floor":22},{"not_picked":["Conclude","BowlingBash"],"picked":"EmptyBody","floor":24},{"not_picked":["EmptyMind","Pray+1"],"picked":"Consecrate","floor":27},{"not_picked":["MasterReality","Evaluate"],"picked":"EmptyFist","floor":28},{"not_picked":["Fasting2+1","Consecrate"],"picked":"SashWhip+1","floor":29}],"player_experience":73818,"relics_obtained":[{"floor":7,"key":"HornCleat"},{"floor":19,"key":"Whetstone"},{"floor":21,"key":"Regal Pillow"},{"floor":24,"key":"Eternal Feather"},{"floor":24,"key":"Bronze Scales"},{"floor":26,"key":"Toy Ornithopter"},{"floor":29,"key":"Vajra"},{"floor":29,"key":"Ornamental Fan"}],"event_choices":[{"damage_healed":0,"gold_gain":0,"player_choice":"2 cards matched","damage_taken":0,"max_hp_gain":0,"max_hp_loss":0,"event_name":"Match and Keep!","floor":2,"gold_loss":0,"cards_obtained":["FearNoEvil","LessonLearned"]},{"damage_healed":0,"gold_gain":0,"player_choice":"Ignored","damage_taken":0,"max_hp_gain":0,"max_hp_loss":0,"event_name":"Vampires","floor":20,"gold_loss":0},{"damage_healed":0,"gold_gain":0,"player_choice":"0 cards matched","damage_taken":0,"max_hp_gain":0,"max_hp_loss":0,"event_name":"Match and Keep!","floor":31,"gold_loss":0,"cards_obtained":[]}],"is_beta":false,"boss_relics":[{"not_picked":["Tiny House","Ectoplasm"],"picked":"Black Star"}],"items_purged_floors":[],"is_endless":false,"potions_floor_spawned":[3,8,10,14,16,18,24,28,29],"killed_by":"Champ","ascension_level":0}}