{"host":"jwbw4f4imxd0v0b0","time":1612409546,"event":{"mods":["BaseMod","Colored Map","Highlight Path","Minty Spire (QoL Compilation)","Relic Stats","StSLib"],"gold_per_floor":[11,29,47,65,65,65,65,65],"floor_reached":7,"language":"ENG","playtime":319,"items_purged":[],"score":86,"play_id":"67e9518c-cca2-4ec4-91e2-61a4c1d0d981","local_time":"20210203213226","is_ascension_mode":true,"campfire_choices":[{"data":"Doom and Gloom","floor":6,"key":"SMITH"}],"circlet_count":0,"master_deck":["AscendersBane","Strike_B","Strike_B","Strike_B","Defend_B","Defend_B","Defend_B","Defend_B","Zap","Dualcast","Fission","Doom and Gloom+1","Compile Driver","Capacitor","Barrage"],"relics":["Cracked Core"],"acts_visited":["Exordium"],"potions_floor_usage":[7],"damage_taken":[{"damage":1,"enemies":"Cultist","floor":1,"turns":3},{"damage":14,"enemies":"Small Slimes","floor":2,"turns":3},{"damage":1,"enemies":"2 Louse","floor":3,"turns":2},{"damage":3,"enemies":"Exordium Thugs","floor":4,"turns":4},{"damage":60,"enemies":"Lagavulin","floor":7,"turns":8}],"seed_played":"2629188935764850305","potions_obtained":[{"floor":3,"key":"SpeedPotion"},{"floor":4,"key":"PotionOfCapacity"}],"is_trial":false,"path_per_floor":["M","M","M","M","?","R","E"],"character_chosen":"DEFECT","items_purchased":[],"campfire_rested":0,"item_purchase_floors":[],"current_hp_per_floor":[63,49,48,45,45,45,0,0],"gold":65,"neow_bonus":"THREE_RARE_CARDS","is_daily":false,"chose_seed":false,"campfire_upgraded":1,"win_rate":0.0,"timestamp":1612409546,"path_taken":["M","M","?","M","?","R","E"],"items_purchased_type":[],"build_version":"2020-12-22","purchased_purges":0,"victory":false,"max_hp_per_floor":[71,71,71,71,71,71,71,71],"relic_stats":{"counters":[5,20],"obtain_stats":[{"Cracked Core":0},{"Cracked Core":0},{"Cracked Core":0}]},"card_choices":[{"not_picked":["Seek","Reboot"],"picked":"Fission","floor":0},{"not_picked":["Turbo","Reprogram"],"picked":"Doom and Gloom","floor":1},{"not_picked":["Consume","Leap"],"picked":"Compile Driver","floor":2},{"not_picked":["Leap","Darkness"],"picked":"Capacitor","floor":3},{"not_picked":["Hyperbeam","Beam Cell"],"picked":"Barrage","floor":4}],"player_experience":1203245,"relics_obtained":[],"event_choices":[{"cards_removed":["Strike_B"],"damage_healed":0,"gold_gain":0,"player_choice":"Purged","damage_taken":0,"max_hp_gain":0,"max_hp_loss":0,"event_name":"Purifier","floor":5,"gold_loss":0}],"is_beta":false,"boss_relics":[],"items_purged_floors":[],"is_endless":false,"potions_floor_spawned":[3,4],"killed_by":"Lagavulin","ascension_level":20}}