{"host":"b1dzdo8uo7e6jx8g","time":1612447681,"event":{"mods":["AchievementEnabler","BaseMod","BetterRewards","Colored Map","Downfall","Highlight Path","Minty Spire (QoL Compilation)","StSLib"],"gold_per_floor":[110,125,125,145,165,165,176,205,205,222,222,283,295,11,11,109,159,174,174,99,134,149,149,149,181,206,206,217,217,217],"floor_reached":29,"language":"ENG","playtime":868,"items_purged":[],"score":439,"play_id":"c54d0a8b-5c59-4ac8-81ef-345bf241eef9","local_time":"20210204150801","is_ascension_mode":true,"campfire_choices":[{"floor":6,"key":"REST"},{"floor":11,"key":"REST"},{"data":"Apotheosis","floor":15,"key":"SMITH"},{"floor":23,"key":"REST"}],"circlet_count":0,"master_deck":["Strike_G","Strike_G","Strike_G","Strike_G","Strike_G","Defend_G","Defend_G","Defend_G","Defend_G","Survivor","Neutralize","Noxious Fumes","Flying Knee","Dagger Spray","Noxious Fumes","PiercingWail","Noxious Fumes","Backstab","Masterful Stab","Noxious Fumes","Bane","Apotheosis+1","Bouncing Flask","Unload+1","PiercingWail"],"relics":["Ring of the Snake","ClockworkSouvenir","Snake Skull","The Courier","Regal Pillow","Tiny House","Juzu Bracelet","Red Mask","Lizard Tail","Ancient Tea Set"],"acts_visited":["Exordium","TheCity"],"potions_floor_usage":[29],"damage_taken":[{"damage":0,"enemies":"Cultist","floor":1,"turns":4},{"damage":1,"enemies":"Jaw Worm","floor":2,"turns":3},{"damage":0,"enemies":"Small Slimes","floor":4,"turns":3},{"damage":16,"enemies":"2 Fungi Beasts","floor":5,"turns":3},{"damage":1,"enemies":"Large Slime","floor":7,"turns":5},{"damage":32,"enemies":"Gremlin Nob","floor":8,"turns":4},{"damage":13,"enemies":"Exordium Thugs","floor":10,"turns":3},{"damage":1,"enemies":"Blue Slaver","floor":13,"turns":2},{"damage":4,"enemies":"Slime Boss","floor":16,"turns":7},{"damage":18,"enemies":"Shell Parasite","floor":18,"turns":3},{"damage":30,"enemies":"Masked Bandits","floor":21,"turns":4},{"damage":1,"enemies":"3 Byrds","floor":22,"turns":5},{"damage":30,"enemies":"Gremlin Leader","floor":25,"turns":7},{"damage":36,"enemies":"Snecko","floor":28,"turns":5},{"damage":35,"enemies":"Slavers","floor":29,"turns":2}],"seed_played":"-7718259123336320517","potions_obtained":[{"floor":2,"key":"Strength Potion"},{"floor":3,"key":"SteroidPotion"},{"floor":3,"key":"EntropicBrew"},{"floor":3,"key":"LiquidBronze"}],"is_trial":false,"path_per_floor":["M","M","?","M","M","R","M","E","T","M","R","?","M","$","R","B",null,"M","?","?","?","M","R","?","E","T","?","M","E"],"character_chosen":"THE_SILENT","items_purchased":["ClockworkSouvenir","Noxious Fumes","Flying Knee","Dagger Spray","Apotheosis","Bouncing Flask","Regal Pillow"],"campfire_rested":3,"item_purchase_floors":[0,0,0,0,14,14,14],"current_hp_per_floor":[61,60,60,60,44,65,64,32,32,19,40,40,39,39,39,35,75,57,57,57,27,26,63,49,19,19,19,33,0,0],"gold":217,"neow_bonus":"","is_daily":false,"chose_seed":false,"campfire_upgraded":1,"win_rate":0.0,"timestamp":1612447681,"path_taken":["M","?","?","?","M","R","M","E","T","M","R","?","M","$","R","BOSS","M","?","?","?","M","R","?","E","T","?","M","E"],"items_purchased_type":["Relic","Card","Card","Card","Card","Card","Relic"],"build_version":"2020-12-22","purchased_purges":0,"victory":false,"max_hp_per_floor":[70,70,70,70,70,70,70,70,70,70,70,70,70,70,70,70,75,75,75,75,75,75,75,80,80,80,80,80,80,80],"card_choices":[{"not_picked":["Crippling Poison","Flechettes"],"picked":"Noxious Fumes","floor":1},{"not_picked":["Well Laid Plans","Outmaneuver"],"picked":"PiercingWail","floor":2},{"not_picked":["Terror","Predator"],"picked":"Noxious Fumes","floor":4},{"not_picked":["Concentrate","Bouncing Flask"],"picked":"Backstab","floor":5},{"not_picked":["Blade Dance","Dash"],"picked":"Masterful Stab","floor":7},{"not_picked":["Calculated Gamble","Endless Agony"],"picked":"Noxious Fumes","floor":8},{"not_picked":["Flying Knee","Finisher"],"picked":"Bane","floor":10},{"not_picked":["Prepared","Distraction","Reflex"],"picked":"SKIP","floor":13},{"not_picked":["Doppelganger","Tools of the Trade"],"picked":"Unload","floor":16},{"not_picked":["All Out Attack","Slice"],"picked":"PiercingWail","floor":18},{"not_picked":["Tactician+1","Footwork+1","Deflect"],"picked":"SKIP","floor":22},{"not_picked":["Tactician","Flying Knee","Acrobatics"],"picked":"SKIP","floor":25},{"not_picked":["Deflect","Prepared","Caltrops+1"],"picked":"SKIP","floor":28}],"player_experience":253987,"relics_obtained":[{"floor":8,"key":"Snake Skull"},{"floor":9,"key":"The Courier"},{"floor":21,"key":"Red Mask"},{"floor":25,"key":"Lizard Tail"},{"floor":26,"key":"Ancient Tea Set"}],"event_choices":[{"damage_healed":0,"gold_gain":0,"player_choice":"Got Potions","damage_taken":0,"max_hp_gain":0,"max_hp_loss":0,"event_name":"Lab","floor":3,"gold_loss":0},{"damage_healed":0,"gold_gain":61,"player_choice":"Gained Gold","damage_taken":0,"max_hp_gain":0,"max_hp_loss":0,"event_name":"Golden Wing","floor":12,"gold_loss":0},{"damage_healed":0,"gold_gain":0,"player_choice":"Opened","damage_taken":0,"relics_obtained":["Juzu Bracelet"],"max_hp_gain":0,"max_hp_loss":0,"event_name":"The Mausoleum","floor":19,"gold_loss":0},{"cards_removed":["Defend_G"],"damage_healed":0,"gold_gain":0,"player_choice":"Gave Gold","damage_taken":0,"max_hp_gain":0,"max_hp_loss":0,"event_name":"Beggar","floor":20,"gold_loss":75},{"damage_healed":0,"gold_gain":0,"player_choice":"Fought Bandits","damage_taken":0,"max_hp_gain":0,"max_hp_loss":0,"event_name":"Masked Bandits","floor":21,"gold_loss":0},{"damage_healed":0,"gold_gain":0,"player_choice":"Shed Blood","damage_taken":19,"max_hp_gain":5,"max_hp_loss":0,"event_name":"Forgotten Altar","floor":24,"gold_loss":0},{"damage_healed":0,"gold_gain":0,"player_choice":"Ignored","damage_taken":0,"max_hp_gain":0,"max_hp_loss":0,"event_name":"Ghosts","floor":27,"gold_loss":0}],"is_beta":false,"boss_relics":[{"not_picked":["Pandora\u0027s Box","Runic Pyramid"],"picked":"Tiny House"}],"items_purged_floors":[],"is_endless":false,"potions_floor_spawned":[2,5,7,8,10,22,25],"killed_by":"Slavers","ascension_level":4}}