{"host":"928gv66myv2vlnsd","time":1612400545,"event":{"mods":["BaseMod","Highlight Path","Minty Spire (QoL Compilation)","StSLib"],"gold_per_floor":[119,119,29,41,53,84,84,117,165,183,183,203,128,138,138,138,138],"floor_reached":16,"language":"ENG","playtime":602,"items_purged":[],"score":220,"play_id":"7bd0de07-758a-4d57-adc1-11b0177276a8","local_time":"20210203200225","is_ascension_mode":true,"campfire_choices":[{"data":"Feel No Pain","floor":7,"key":"SMITH"},{"floor":11,"key":"REST"},{"floor":15,"key":"REST"}],"circlet_count":0,"master_deck":["AscendersBane","Strike_R","Strike_R","Strike_R","Strike_R","Defend_R","Defend_R","Defend_R","Defend_R","Bash","Cleave","Fire Breathing","Burning Pact","Feel No Pain+1","Carnage","Pommel Strike","True Grit","Combust"],"relics":["Burning Blood","NeowsBlessing","GremlinMask","Shuriken","Happy Flower","Bag of Preparation","Odd Mushroom"],"acts_visited":["Exordium"],"potions_floor_usage":[6,6,16],"damage_taken":[{"damage":0,"enemies":"Jaw Worm","floor":1,"turns":1},{"damage":0,"enemies":"Cultist","floor":4,"turns":1},{"damage":0,"enemies":"2 Louse","floor":5,"turns":1},{"damage":40,"enemies":"Lagavulin","floor":6,"turns":5},{"damage":24,"enemies":"3 Sentries","floor":8,"turns":5},{"damage":21,"enemies":"Blue Slaver","floor":10,"turns":5},{"damage":19,"enemies":"The Mushroom Lair","floor":12,"turns":4},{"damage":7,"enemies":"2 Fungi Beasts","floor":14,"turns":4},{"damage":40,"enemies":"Hexaghost","floor":16,"turns":9}],"seed_played":"8076731075017558222","potions_obtained":[{"floor":4,"key":"EntropicBrew"},{"floor":14,"key":"ColorlessPotion"}],"is_trial":false,"path_per_floor":["M","?","$","M","M","E","R","E","T","M","R","?","?","M","R","B"],"character_chosen":"IRONCLAD","items_purchased":["Fire Breathing"],"campfire_rested":2,"item_purchase_floors":[3],"current_hp_per_floor":[74,74,74,75,75,41,41,23,23,8,30,17,17,16,38,0,0],"gold":138,"neow_bonus":"THREE_ENEMY_KILL","is_daily":false,"chose_seed":false,"campfire_upgraded":1,"win_rate":0.0,"timestamp":1612400545,"path_taken":["M","?","$","?","M","E","R","E","T","M","R","?","?","M","R","BOSS"],"items_purchased_type":["Card"],"build_version":"2020-12-22","purchased_purges":0,"victory":false,"max_hp_per_floor":[75,75,75,75,75,75,75,75,75,75,75,75,75,75,75,75,75],"card_choices":[{"not_picked":["Flex","Dropkick"],"picked":"Cleave","floor":1},{"not_picked":["Clash","Pummel"],"picked":"Burning Pact","floor":4},{"not_picked":["Perfected Strike","Headbutt"],"picked":"Feel No Pain","floor":5},{"not_picked":["Rage","Wild Strike"],"picked":"Carnage","floor":6},{"not_picked":["Warcry","Havoc"],"picked":"Pommel Strike","floor":8},{"not_picked":["Heavy Blade","Clothesline","Clash"],"picked":"SKIP","floor":10},{"not_picked":["Battle Trance","Berserk"],"picked":"True Grit","floor":12},{"not_picked":["Power Through","Rage"],"picked":"Combust","floor":14}],"player_experience":1439052,"relics_obtained":[{"floor":6,"key":"Shuriken"},{"floor":8,"key":"Happy Flower"},{"floor":9,"key":"Bag of Preparation"},{"floor":12,"key":"Odd Mushroom"}],"event_choices":[{"damage_healed":0,"gold_gain":0,"player_choice":"Trade","damage_taken":0,"relics_obtained":["GremlinMask"],"max_hp_gain":0,"max_hp_loss":0,"event_name":"FaceTrader","floor":2,"gold_loss":0},{"damage_healed":0,"gold_gain":0,"player_choice":"Fought Mushrooms","damage_taken":0,"max_hp_gain":0,"max_hp_loss":0,"event_name":"Mushrooms","floor":12,"gold_loss":0},{"cards_removed":["Strike_R"],"damage_healed":0,"gold_gain":0,"player_choice":"Card Removal","damage_taken":0,"max_hp_gain":0,"max_hp_loss":0,"event_name":"The Cleric","floor":13,"gold_loss":75}],"is_beta":false,"boss_relics":[],"items_purged_floors":[],"is_endless":false,"potions_floor_spawned":[4,14],"killed_by":"Hexaghost","ascension_level":20}}