{"host":"1c52r9kaxdyo25eq","time":1612442491,"event":{"mods":["AchievementEnabler","BaseMod","DeckTracker","Minty Spire (QoL Compilation)","Rare Cards Sparkle","SuperFastMode","everything is the same but u backflip on backflip"],"gold_per_floor":[10,28,46,46,57,57,57,79,79,79,154,169,40,40,40,40,40],"floor_reached":16,"language":"KOR","playtime":315,"items_purged":[],"score":180,"play_id":"5675fb06-e750-4e63-9d35-e9a8bb67b600","local_time":"20210204214131","is_ascension_mode":true,"campfire_choices":[{"data":"Backstab","floor":6.0,"key":"SMITH"},{"floor":10.0,"key":"REST"},{"data":"Well Laid Plans","floor":15.0,"key":"SMITH"}],"circlet_count":0,"master_deck":["AscendersBane","Strike_G","Strike_G","Strike_G","Strike_G","Strike_G","Defend_G","Defend_G","Defend_G","Defend_G","Survivor+1","Neutralize","Venomology+1","Cloak And Dagger","Flying Knee","Prepared","Backstab+1","Eviscerate","Well Laid Plans+1","Tactician"],"relics":["Ring of the Snake","Odd Mushroom","Pantograph","Golden Idol"],"acts_visited":["Exordium"],"potions_floor_usage":[16,16,16],"damage_taken":[{"damage":3.0,"enemies":"2 Louse","floor":1.0,"turns":3.0},{"damage":6.0,"enemies":"Small Slimes","floor":2.0,"turns":5.0},{"damage":0.0,"enemies":"Jaw Worm","floor":3.0,"turns":3.0},{"damage":12.0,"enemies":"Exordium Thugs","floor":5.0,"turns":6.0},{"damage":8.0,"enemies":"The Mushroom Lair","floor":8.0,"turns":4.0},{"damage":2.0,"enemies":"Blue Slaver","floor":12.0,"turns":2.0},{"damage":26,"enemies":"Slime Boss","floor":16,"turns":7}],"seed_played":"-906642313152439984","potions_obtained":[{"floor":3.0,"key":"LiquidMemories"},{"floor":8.0,"key":"DuplicationPotion"}],"is_trial":false,"path_per_floor":["M","M","M","?","M","R","?","?","T","R","?","M","$","?","R","B"],"character_chosen":"THE_SILENT","items_purchased":["Well Laid Plans","Tactician"],"campfire_rested":1,"item_purchase_floors":[13,13],"current_hp_per_floor":[56,50,50,43,31,31,11,3,3,22,11,9,9,9,9,8,8],"gold":40,"neow_bonus":"THREE_RARE_CARDS","is_daily":false,"chose_seed":false,"campfire_upgraded":2,"win_rate":0.0,"timestamp":1612442491,"path_taken":["M","M","M","?","M","R","?","?","T","R","?","M","$","?","R","BOSS"],"items_purchased_type":["Card","Card"],"build_version":"2020-12-22","purchased_purges":0,"victory":false,"max_hp_per_floor":[66,66,66,66,66,66,66,66,66,66,66,66,66,60,60,60,60],"card_choices":[{"not_picked":["Night Terror","Malaise"],"picked":"Venomology","floor":0.0},{"not_picked":["Dodge and Roll","Sucker Punch"],"picked":"Cloak And Dagger","floor":1.0},{"not_picked":["Sucker Punch","Slice"],"picked":"Flying Knee","floor":2.0},{"not_picked":["Cloak And Dagger","PiercingWail"],"picked":"Prepared","floor":3.0},{"not_picked":["Venomology","Slice"],"picked":"Backstab","floor":5.0},{"not_picked":["Poisoned Stab","Sucker Punch"],"picked":"Eviscerate","floor":12.0}],"player_experience":641151,"relics_obtained":[{"floor":8.0,"key":"Odd Mushroom"},{"floor":9.0,"key":"Pantograph"}],"event_choices":[{"cards_removed":["Defend_G"],"damage_healed":0.0,"max_hp_gain":0.0,"max_hp_loss":0.0,"gold_gain":0.0,"event_name":"Golden Wing","player_choice":"Card Removal","floor":4.0,"gold_loss":0.0,"damage_taken":7.0},{"damage_healed":0.0,"max_hp_gain":0.0,"max_hp_loss":0.0,"gold_gain":0.0,"event_name":"Shining Light","player_choice":"Entered Light","floor":7.0,"gold_loss":0.0,"damage_taken":20.0,"cards_upgraded":["Survivor","Venomology"]},{"damage_healed":0.0,"max_hp_gain":0.0,"max_hp_loss":0.0,"gold_gain":0.0,"event_name":"Mushrooms","player_choice":"Fought Mushrooms","floor":8.0,"gold_loss":0.0,"damage_taken":0.0},{"damage_healed":0.0,"max_hp_gain":0.0,"max_hp_loss":0.0,"gold_gain":75.0,"event_name":"World of Goop","player_choice":"Gather Gold","floor":11.0,"gold_loss":0.0,"damage_taken":11.0},{"damage_healed":0.0,"max_hp_gain":0.0,"max_hp_loss":6.0,"gold_gain":0.0,"event_name":"Golden Idol","player_choice":"Lose Max HP","floor":14.0,"gold_loss":0.0,"damage_taken":0.0,"relics_obtained":["Golden Idol"]}],"is_beta":false,"boss_relics":[],"items_purged_floors":[],"is_endless":false,"potions_floor_spawned":[3,8],"killed_by":"Slime Boss","ascension_level":20}}