{"host":"3y2rtlgteqp2nuo3","time":1612433996,"event":{"mods":["2.2 Compatiblity","AchievementEnabler","BaseMod","Colored Map","DeckTracker","Highlight Path","Keyboard Shortcuts","Minty Spire (QoL Compilation)","Permanent Neow","Quick Restart","StSLib","SuperFastMode","everything is the same but u backflip on backflip"],"gold_per_floor":[114,125,142,67,80,80,94,94,174,188,199,199,199,224,224,296,296,337,350,361,276,290,290,306,324,324,324,74,74,74],"floor_reached":29,"language":"KOR","playtime":597,"items_purged":["Strike_P"],"score":462,"play_id":"0fb9f438-06e7-4911-a7ba-6abfc7ddf9e1","local_time":"20210204191956","is_ascension_mode":true,"campfire_choices":[{"data":"PathToVictory","floor":6.0,"key":"SMITH"},{"data":"Ragnarok","floor":8.0,"key":"SMITH"},{"data":"Tantrum","floor":12.0,"key":"SMITH"},{"data":"TalkToTheHand","floor":15.0,"key":"SMITH"},{"floor":23,"key":"REST"}],"circlet_count":0,"master_deck":["AscendersBane","Defend_P","Defend_P","Defend_P","Defend_P","Eruption+1","Vigilance","Tantrum+1","PathToVictory+1","Ragnarok+1","Decay","TalkToTheHand+1","Scrawl","TalkToTheHand+1","Wish+1","InnerPeace+1","PathToVictory+1","EmptyFist","WaveOfTheHand","MentalFortress+1"],"relics":["PureWater","Frozen Egg 2","CloakClasp","Astrolabe","Strawberry","Bronze Scales","OrangePellets"],"acts_visited":["Exordium","TheCity"],"potions_floor_usage":[],"damage_taken":[{"damage":2.0,"enemies":"2 Louse","floor":1.0,"turns":3.0},{"damage":0.0,"enemies":"Cultist","floor":2.0,"turns":4.0},{"damage":7.0,"enemies":"Jaw Worm","floor":3.0,"turns":5.0},{"damage":14.0,"enemies":"Red Slaver","floor":5.0,"turns":4.0},{"damage":3.0,"enemies":"2 Fungi Beasts","floor":7.0,"turns":3.0},{"damage":6.0,"enemies":"3 Louse","floor":10.0,"turns":2.0},{"damage":4.0,"enemies":"Red Slaver","floor":11.0,"turns":3.0},{"damage":2.0,"enemies":"Gremlin Nob","floor":14.0,"turns":2.0},{"damage":14.0,"enemies":"Hexaghost","floor":16.0,"turns":6.0},{"damage":13.0,"enemies":"Shell Parasite","floor":18.0,"turns":6.0},{"damage":0.0,"enemies":"Spheric Guardian","floor":19.0,"turns":1.0},{"damage":17.0,"enemies":"Cultist and Chosen","floor":20.0,"turns":5.0},{"damage":8,"enemies":"Centurion and Healer","floor":22,"turns":4},{"damage":0,"enemies":"Sentry and Sphere","floor":24,"turns":2},{"damage":34,"enemies":"Cultist and Chosen","floor":25,"turns":5},{"damage":17,"enemies":"Snake Plant","floor":29,"turns":1}],"seed_played":"-7882385837626503109","potions_obtained":[{"floor":5.0,"key":"Weak Potion"},{"floor":7.0,"key":"Weak Potion"},{"floor":10.0,"key":"DuplicationPotion"},{"floor":11.0,"key":"Energy Potion"},{"floor":22,"key":"GamblersBrew"}],"is_trial":false,"path_per_floor":["M","M","M","$","M","R","M","R","T","M","M","R","?","E","R","B",null,"M","M","M","?","M","R","M","M","T","?","$","M"],"character_chosen":"WATCHER","items_purchased":["MentalFortress+1","OrangePellets"],"campfire_rested":1,"item_purchase_floors":[28,28],"current_hp_per_floor":[59,59,52,52,38,38,35,35,35,29,25,25,25,23,23,9,53,40,40,23,30,22,44,44,10,10,10,10,0,0],"gold":74,"neow_bonus":"UPGRADE_CARD","is_daily":false,"chose_seed":false,"campfire_upgraded":4,"win_rate":0.0,"timestamp":1612433996,"path_taken":["M","M","M","$","M","R","M","R","T","M","M","R","?","E","R","BOSS","M","?","M","?","M","R","M","M","T","?","$","M"],"items_purchased_type":["Card","Relic"],"build_version":"2020-12-22","purchased_purges":1,"victory":false,"max_hp_per_floor":[68,68,68,68,68,68,68,68,68,68,68,68,68,68,68,68,68,68,68,68,75,75,75,75,75,75,75,75,75,75],"card_choices":[{"not_picked":["ClearTheMind","Evaluate","EmptyFist"],"picked":"SKIP","floor":1.0},{"not_picked":["BattleHymn","CutThroughFate","FlurryOfBlows"],"picked":"SKIP","floor":2.0},{"not_picked":["SashWhip","ClearTheMind"],"picked":"Tantrum","floor":3.0},{"not_picked":["Sanctity","JustLucky"],"picked":"PathToVictory","floor":5.0},{"not_picked":["ClearTheMind","JustLucky"],"picked":"Ragnarok","floor":7.0},{"not_picked":["SashWhip","EmptyFist","FlurryOfBlows"],"picked":"SKIP","floor":10.0},{"not_picked":["FlyingSleeves","FollowUp","Evaluate"],"picked":"SKIP","floor":11.0},{"not_picked":["FlyingSleeves","FollowUp","Evaluate"],"picked":"SKIP","floor":11.0},{"not_picked":["Judgement","WreathOfFlame"],"picked":"TalkToTheHand","floor":14.0},{"not_picked":["Ragnarok","DeusExMachina"],"picked":"Scrawl","floor":16.0},{"not_picked":["Crescendo","ReachHeaven"],"picked":"PathToVictory+1","floor":18.0},{"not_picked":["InnerPeace","Perseverance"],"picked":"EmptyFist","floor":19.0},{"not_picked":["SignatureMove","Vengeance","Tantrum+1"],"picked":"SKIP","floor":20.0},{"not_picked":["CarveReality","WheelKick","Wallop"],"picked":"SKIP","floor":22},{"not_picked":["Halt+1","LikeWater+1","Evaluate"],"picked":"SKIP","floor":24},{"not_picked":["WaveOfTheHand","EmptyFist","Crescendo"],"picked":"SKIP","floor":25},{"not_picked":["EmptyFist","Crescendo"],"picked":"WaveOfTheHand","floor":25}],"player_experience":751091,"relics_obtained":[{"floor":9.0,"key":"Frozen Egg 2"},{"floor":14.0,"key":"CloakClasp"},{"floor":26,"key":"Bronze Scales"}],"event_choices":[{"damage_healed":0.0,"max_hp_gain":0.0,"max_hp_loss":0.0,"gold_gain":0.0,"event_name":"Wheel of Change","player_choice":"Cursed","floor":13.0,"gold_loss":0.0,"damage_taken":0.0,"cards_obtained":["Decay"]},{"damage_healed":0.0,"max_hp_gain":0.0,"max_hp_loss":0.0,"gold_gain":0.0,"event_name":"Addict","player_choice":"Obtained Relic","floor":21.0,"gold_loss":85.0,"damage_taken":0.0,"relics_obtained":["Strawberry"]},{"damage_healed":0,"gold_gain":0,"player_choice":"Got Potions","damage_taken":0,"max_hp_gain":0,"max_hp_loss":0,"event_name":"Lab","floor":27,"gold_loss":0}],"is_beta":false,"boss_relics":[{"not_picked":["SacredBark","VioletLotus"],"picked":"Astrolabe"}],"items_purged_floors":[4],"is_endless":false,"potions_floor_spawned":[5,7,10,11,14,16,18,22,25],"killed_by":"Snake Plant","ascension_level":20}}