{"host":"qy89j0vid1u7yuu4","time":1612412899,"event":{"mods":["2.2 Compatiblity","Act Like it!","Aspiration","BaseMod","Better Altar","Better Match","Better Skull","Better Third Choice","Card Forge","Colored Map","Colored Powertips","Conspire","Displayed Cursed Tome","Dota2Spire","Downfall","Elementarium","GifTheSpireLib","Gold Saver","GungeonMod","Halation","Hermit","Hubris","Infinite Spire","Menagerie","Minty Spire (QoL Compilation)","RNG Fix","Relic Stats","Retaliation","Shade Mod","Spicy Shops","StS++","StSLib","Stuff the Spire","The Blue Laboratory","The Construct","The Jungle","The Marked","Wandering Minibosses"],"gold_per_floor":[159,159,159,216,49,130,130,190,190,268,310,137,137,170,170,386,386,422,458,458,57,107,194,287,383,431,431,509,614,614,614,614,845,845,884,884,463,463,550,550,550],"floor_reached":40,"language":"ENG","playtime":2354,"items_purged":["hubris:Compulsion"],"score":1437,"play_id":"4851c9a1-1491-43e5-903a-3988a48605ee","local_time":"20210203212819","daily_mods":["Heirloom","Flight","Elite Swarm","Midas"],"is_ascension_mode":true,"campfire_choices":[{"floor":7,"key":"REST"},{"floor":15,"key":"REST"},{"floor":32,"key":"REST"}],"circlet_count":0,"master_deck":["AscendersBane","construct:Strike_Gold","construct:Strike_Gold","construct:Strike_Gold","construct:Strike_Gold","construct:Strike_Gold","construct:Defend_Gold","construct:Defend_Gold","construct:Defend_Gold","construct:Defend_Gold","construct:Defend_Gold","construct:AttackMode+2","construct:DefenseMode+2","construct:OneWayMirror","construct:HeavyBolt","construct:Disrupt+1","construct:ShieldGenerator+2","construct:ScrapCannon+1","infinitespire:SevenWalls+1","construct:SweepLaser+1","construct:BatteryCore+1","construct:Tumble+1","construct:Analyze+1","infinitespire:Gouge+1","construct:ShiftStrike+1","construct:Bunker+2","construct:LongRangeLance+2","construct:HammerDown+2","construct:MassProduction+2","construct:ShieldGenerator+2","construct:OmegaCannon+2","construct:AttackMode+2","construct:Autoturret+2","construct:Autoturret+2"],"relics":["construct:Cogwheel","Hammer of Thor","Seething Fire","Anvil of the Gods","aspiration:HatOfInfinitePower","halation:EternalFortune","Strange Spoon","hexamod:BolsterEngine","Molten Egg 2","Toxic Egg 2","Frozen Egg 2","construct:ClockworkPhoenix","StuffTheSpire:PointBlank","aspiration:HummingbirdHeart","hubris:EmptyBottle","Cursed Key","infinitespire:Golems Mask","Fusion Hammer","conspire:TreasureMap","Orichalcum","Eternal Feather","Potion Belt","Anchor","infinitespire:ShieldingShard","Blue Candle","StuffTheSpire:Barrel","Thread and Needle","SacredBark","Unceasing Top","hubris:ClockworkCow","StSpp:WoodenPendulum","construct:LongRangeLance"],"acts_visited":["Exordium","TheCity","TheBeyond"],"potions_floor_usage":[10,25,28,28,29,31,31],"damage_taken":[{"damage":2,"enemies":"Jaw Worm","floor":1,"turns":5},{"damage":2,"enemies":"Cultist","floor":4,"turns":4},{"damage":31,"enemies":"Gremlin Nob","floor":6,"turns":4},{"damage":1,"enemies":"conspire:RoseBush","floor":8,"turns":4},{"damage":7,"enemies":"3 Sentries","floor":10,"turns":9},{"damage":11,"enemies":"conspire:2 RoseBushes","floor":11,"turns":7},{"damage":0,"enemies":"Exordium Wildlife","floor":14,"turns":3},{"damage":0,"enemies":"The Guardian","floor":16,"turns":9},{"damage":0,"enemies":"Shell Parasite","floor":18,"turns":2},{"damage":0,"enemies":"conspire:FuzzyDice","floor":19,"turns":4},{"damage":0,"enemies":"conspire:SneckoGhost","floor":23,"turns":5},{"damage":20,"enemies":"conspire:Head Lice","floor":24,"turns":4},{"damage":17,"enemies":"Slavers","floor":25,"turns":5},{"damage":0,"enemies":"Nightmare","floor":28,"turns":4},{"damage":0,"enemies":"Slavers","floor":29,"turns":5},{"damage":16,"enemies":"conspire:SneckoGhost","floor":31,"turns":4},{"damage":0,"enemies":"hubris:MusketHawk","floor":33,"turns":6},{"damage":0,"enemies":"3 Shapes","floor":35,"turns":3},{"damage":0,"enemies":"conspire:MimicChest","floor":39,"turns":4},{"damage":84,"enemies":"Reptomancer","floor":40,"turns":4}],"seed_played":"2393690967198125931","potions_obtained":[{"floor":6,"key":"blueLaboratory:FrostheartPotion"},{"floor":8,"key":"blueLaboratory:Moonshine"},{"floor":10,"key":"SmokeBomb"},{"floor":24,"key":"blueLaboratory:BottledHope"},{"floor":25,"key":"PowerPotion"},{"floor":28,"key":"blueLaboratory:BubblePotion"},{"floor":29,"key":"blueLaboratory:CorrosionFlask"},{"floor":35,"key":"blueLaboratory:NullPotion"}],"is_trial":true,"path_per_floor":["M","?","?","M","$","E","R","M","T","E","M","$","?","M","R","B",null,"M","M","AVR","$","?","E","E","E","T","?","NM","E","?","E","R","B",null,"M","?","$","AVR","?","E"],"character_chosen":"THE_CONSTRUCT_MOD","items_purchased":["Strange Spoon","hubris:EmptyBottle","conspire:TreasureMap","construct:ShiftStrike+1","Orichalcum","Unceasing Top","construct:Autoturret+1"],"campfire_rested":3,"item_purchase_floors":[5,12,21,21,21,37,37],"current_hp_per_floor":[70,73,73,71,71,40,64,63,63,56,45,45,25,25,49,49,75,75,75,75,75,75,75,55,38,38,33,33,33,33,17,59,59,77,77,77,77,77,77,0,0],"gold":550,"neow_bonus":"","is_daily":false,"chose_seed":false,"campfire_upgraded":0,"win_rate":0.0,"timestamp":1612412899,"path_taken":["M","?","?","M","$","E","R","M","T","E","?","$","?","M","R","BOSS","M","M","AVR","$","?","E","E","E","T","?","NM","E","?","E","R","BOSS","M","?","?","AVR","?","E"],"items_purchased_type":["Relic","Relic","Relic","Card","Relic","Relic","Card"],"build_version":"2020-12-22","purchased_purges":1,"victory":false,"max_hp_per_floor":[80,83,83,83,83,83,83,83,83,83,83,83,83,83,83,83,83,83,83,83,83,83,83,83,83,83,83,83,83,83,83,83,83,83,83,83,83,83,83,83,83],"relic_stats":{"Strange Spoon":[5],"counters":[20,95],"Blue Candle":[6],"Eternal Feather":18,"Orichalcum":[36],"Cursed Key":1,"obtain_stats":[{"StuffTheSpire:Barrel":28,"SacredBark":34,"Hammer of Thor":0,"DemoMod:GlassGuonStoneRelic":4,"construct:LongRangeLance":28,"construct:ClockworkPhoenix":8,"hubris:EmptyBottle":12,"Cursed Key":17,"infinitespire:ShieldingShard":26,"infinitespire:Golems Mask":20,"Fusion Hammer":20,"Toxic Egg 2":8,"construct:ExtraLongRangeLance":28,"Potion Belt":24,"conspire:TreasureMap":21,"hubris:ClockworkCow":38,"Blue Candle":27,"StSpp:WoodenPendulum":39,"Eternal Feather":23,"Thread and Needle":29,"aspiration:HummingbirdHeart":10,"Seething Fire":0,"Frozen Egg 2":8,"Orichalcum":21,"Strange Spoon":5,"Anchor":25,"Anvil of the Gods":0,"construct:Cogwheel":0,"halation:EternalFortune":2,"Molten Egg 2":8,"StuffTheSpire:PointBlank":9,"hexamod:BolsterEngine":6,"aspiration:HatOfInfinitePower":0,"Unceasing Top":37},{"StuffTheSpire:Barrel":14,"SacredBark":17,"Hammer of Thor":0,"DemoMod:GlassGuonStoneRelic":2,"construct:LongRangeLance":14,"construct:ClockworkPhoenix":4,"hubris:EmptyBottle":6,"Cursed Key":8,"infinitespire:ShieldingShard":13,"infinitespire:Golems Mask":10,"Fusion Hammer":10,"Toxic Egg 2":4,"construct:ExtraLongRangeLance":14,"Potion Belt":12,"conspire:TreasureMap":10,"hubris:ClockworkCow":18,"Blue Candle":13,"StSpp:WoodenPendulum":19,"Eternal Feather":11,"Thread and Needle":15,"aspiration:HummingbirdHeart":5,"Seething Fire":0,"Frozen Egg 2":4,"Orichalcum":10,"Strange Spoon":2,"Anchor":13,"Anvil of the Gods":0,"construct:Cogwheel":0,"halation:EternalFortune":1,"Molten Egg 2":4,"StuffTheSpire:PointBlank":4,"hexamod:BolsterEngine":3,"aspiration:HatOfInfinitePower":0,"Unceasing Top":18},{"StuffTheSpire:Barrel":69,"SacredBark":84,"Hammer of Thor":0,"DemoMod:GlassGuonStoneRelic":9,"construct:LongRangeLance":69,"construct:ClockworkPhoenix":15,"hubris:EmptyBottle":33,"Cursed Key":45,"infinitespire:ShieldingShard":65,"infinitespire:Golems Mask":51,"Fusion Hammer":51,"Toxic Egg 2":15,"construct:ExtraLongRangeLance":69,"Potion Belt":60,"conspire:TreasureMap":51,"hubris:ClockworkCow":87,"Blue Candle":65,"StSpp:WoodenPendulum":91,"Eternal Feather":56,"Thread and Needle":74,"aspiration:HummingbirdHeart":26,"Seething Fire":0,"Frozen Egg 2":15,"Orichalcum":51,"Strange Spoon":9,"Anchor":65,"Anvil of the Gods":0,"construct:Cogwheel":0,"halation:EternalFortune":5,"Molten Egg 2":15,"StuffTheSpire:PointBlank":17,"hexamod:BolsterEngine":13,"aspiration:HatOfInfinitePower":0,"Unceasing Top":87}],"Unceasing Top":[10]},"card_choices":[{"not_picked":["construct:ScopeCore","construct:HardReboot"],"picked":"construct:OneWayMirror","floor":1},{"not_picked":["construct:GuardCore","construct:Construct_Overclock"],"picked":"construct:HeavyBolt","floor":4},{"not_picked":["construct:MassProduction","construct:LongRangeLance"],"picked":"construct:ClockworkEgg","floor":6},{"not_picked":["construct:Enhance+1","construct:UnbalancingBlast+1"],"picked":"construct:Disrupt+1","floor":8},{"not_picked":["construct:MemoryTap+1","construct:ShieldBurst+1"],"picked":"construct:ShieldGenerator+1","floor":10},{"not_picked":["construct:SyphonStrike+1","construct:ElectricArmor+1"],"picked":"construct:ScrapCannon+1","floor":11},{"not_picked":["infinitespire:TheBestDefense","infinitespire:Punishment"],"picked":"infinitespire:SevenWalls","floor":13},{"not_picked":["construct:FocusedBeam+1","construct:Anticipate+1"],"picked":"construct:SweepLaser+1","floor":14},{"not_picked":["construct:SpinDrive+1","construct:HastyRepair+1"],"picked":"construct:BatteryCore+1","floor":16},{"not_picked":["construct:SweepLaser+1","construct:GuardCore+1"],"picked":"construct:Tumble+1","floor":18},{"not_picked":["construct:Backfire+1","construct:Enhance+1"],"picked":"construct:Analyze+1","floor":19},{"not_picked":["construct:ClockworkEgg+1","construct:Reserves+1","construct:HastyRepair+1"],"picked":"SKIP","floor":23},{"not_picked":["construct:GatlingGun+1","construct:HyperBeam+1"],"picked":"construct:Bunker+1","floor":24},{"not_picked":["construct:ShieldBurst+1","construct:MemoryTap+1"],"picked":"construct:LongRangeLance+1","floor":25},{"not_picked":["construct:GatlingGun+1","construct:Bunker+1"],"picked":"construct:HammerDown+1","floor":28},{"not_picked":["construct:ShieldBurst+1","construct:Reserves+1"],"picked":"construct:MassProduction+1","floor":29},{"not_picked":["construct:PanicFire+1","construct:ClockworkEgg+1"],"picked":"construct:ShieldGenerator+1","floor":33},{"not_picked":["construct:ModeShift+1","construct:Forcefield+1"],"picked":"construct:OmegaCannon+1","floor":35},{"not_picked":["construct:Reinforce+1","construct:ChargeShot+1"],"picked":"construct:Autoturret+1","floor":39}],"player_experience":117166,"relics_obtained":[{"floor":6,"key":"hexamod:BolsterEngine"},{"floor":9,"key":"StuffTheSpire:PointBlank"},{"floor":10,"key":"aspiration:HummingbirdHeart"},{"floor":23,"key":"Eternal Feather"},{"floor":24,"key":"Potion Belt"},{"floor":25,"key":"Anchor"},{"floor":26,"key":"infinitespire:ShieldingShard"},{"floor":28,"key":"StuffTheSpire:Barrel"},{"floor":29,"key":"Thread and Needle"},{"floor":39,"key":"StSpp:WoodenPendulum"}],"event_choices":[{"damage_healed":0,"gold_gain":50,"player_choice":"Pray","damage_taken":0,"max_hp_gain":0,"max_hp_loss":0,"event_name":"Golden Shrine","floor":22,"gold_loss":0},{"damage_healed":0,"gold_gain":0,"player_choice":"Copied","damage_taken":0,"max_hp_gain":0,"max_hp_loss":0,"event_name":"Duplicator","floor":36,"gold_loss":0,"cards_obtained":["construct:AttackMode"]}],"is_beta":false,"boss_relics":[{"not_picked":["StSpp:FireArrow","StSpp:CrystalBall"],"picked":"Cursed Key"},{"not_picked":["bronze:MakeshiftBattery","halation:PlatinumPhoenix"],"picked":"SacredBark"}],"items_purged_floors":[37],"is_endless":true,"potions_floor_spawned":[6,8,10,11,14,23,24,25,28,29,35],"killed_by":"Reptomancer","ascension_level":20}}