{"host":"Oniwa","time":1612429282,"event":{"mods":["BaseMod","Colored Map","Colored Powertips","Minty Spire (QoL Compilation)","Relic Stats","Slay the Relics Exporter","SpireBot","StSLib","ojb\u0027s Better Paths Mod","ojb\u0027s Info Mod"],"gold_per_floor":[109,109,70,83,83,83,118,118,144,174,203,215,244,283,295,385,397,421,13,25,25,35,35,35,79,125,150,162,162,171,205,205,288,288,308,326,354,363,28,81,115,30,54,54,54,122,122,183,183,183,208,208,208,11,52,52],"floor_reached":57,"language":"JPN","playtime":4181,"items_purged":["Strike_R","Parasite"],"score":2951,"play_id":"db630107-1274-42a4-be74-70c9a9d98923","local_time":"20210204180122","is_ascension_mode":true,"campfire_choices":[{"data":"Whirlwind","floor":6.0,"key":"SMITH"},{"data":"Rupture","floor":12.0,"key":"SMITH"},{"data":"Blood for Blood","floor":15.0,"key":"SMITH"},{"data":"Flame Barrier","floor":23.0,"key":"SMITH"},{"data":"Clothesline","floor":29.0,"key":"SMITH"},{"data":"Inflame","floor":32.0,"key":"SMITH"},{"floor":47.0,"key":"RECALL"},{"data":"Shrug It Off","floor":49.0,"key":"SMITH"},{"data":"Bash","floor":53.0,"key":"SMITH"}],"circlet_count":0,"master_deck":["AscendersBane","Strike_R","Strike_R","Defend_R","Defend_R","Defend_R","Defend_R","Bash+1","Whirlwind+1","Inflame+1","Blood for Blood+1","Burning Pact","Combust","Rupture+1","Thunderclap","Reaper","Clothesline+1","Flame Barrier+1","Offering","Shrug It Off+1","Necronomicurse","Power Through+1","Barricade","HandOfGreed","Mayhem","Armaments+1","Pain","True Grit+1","Dark Embrace","Shockwave+1","Shockwave+1","Reaper"],"relics":["Burning Blood","NeowsBlessing","Ornamental Fan","Bag of Marbles","MawBank","Nunchaku","Snecko Eye","Pen Nib","Toolbox","CeramicFish","MealTicket","Necronomicon","Regal Pillow","Runic Dome","WarpedTongs","Membership Card","Ice Cream","Toxic Egg 2","Bottled Tornado","Potion Belt","Toy Ornithopter","Incense Burner","Oddly Smooth Stone"],"acts_visited":["Exordium","TheCity","TheBeyond","TheEnding"],"potions_floor_usage":[56,56,56],"damage_taken":[{"damage":0.0,"enemies":"Small Slimes","floor":1.0,"turns":1.0},{"damage":0.0,"enemies":"Cultist","floor":4.0,"turns":1.0},{"damage":0.0,"enemies":"Gremlin Nob","floor":7.0,"turns":1.0},{"damage":4.0,"enemies":"Jaw Worm","floor":10.0,"turns":4.0},{"damage":8.0,"enemies":"Blue Slaver","floor":11.0,"turns":3.0},{"damage":14.0,"enemies":"Exordium Wildlife","floor":13.0,"turns":3.0},{"damage":0.0,"enemies":"3 Sentries","floor":14.0,"turns":2.0},{"damage":70.0,"enemies":"The Guardian","floor":16.0,"turns":8.0},{"damage":15.0,"enemies":"3 Byrds","floor":18.0,"turns":3.0},{"damage":8.0,"enemies":"2 Thieves","floor":20.0,"turns":4.0},{"damage":0.0,"enemies":"Cultist and Chosen","floor":21.0,"turns":3.0},{"damage":1.0,"enemies":"3 Cultists","floor":22.0,"turns":3.0},{"damage":21.0,"enemies":"Gremlin Leader","floor":25.0,"turns":4.0},{"damage":25.0,"enemies":"Shelled Parasite and Fungi","floor":27.0,"turns":3.0},{"damage":21.0,"enemies":"Centurion and Healer","floor":28.0,"turns":14.0},{"damage":6.0,"enemies":"Book of Stabbing","floor":31.0,"turns":2.0},{"damage":36.0,"enemies":"Automaton","floor":33.0,"turns":6.0},{"damage":0.0,"enemies":"3 Shapes","floor":35.0,"turns":2.0},{"damage":0.0,"enemies":"Orb Walker","floor":37.0,"turns":1.0},{"damage":23.0,"enemies":"Nemesis","floor":40.0,"turns":5.0},{"damage":23.0,"enemies":"Writhing Mass","floor":41.0,"turns":7.0},{"damage":9.0,"enemies":"Reptomancer","floor":46.0,"turns":4.0},{"damage":13.0,"enemies":"Nemesis","floor":48.0,"turns":10.0},{"damage":47.0,"enemies":"Time Eater","floor":50.0,"turns":10.0},{"damage":50.0,"enemies":"Donu and Deca","floor":51.0,"turns":7.0},{"damage":69.0,"enemies":"Shield and Spear","floor":55.0,"turns":10.0},{"damage":58,"enemies":"The Heart","floor":56,"turns":14}],"seed_played":"-4446142049692164272","potions_obtained":[{"floor":1.0,"key":"Regen Potion"},{"floor":4.0,"key":"DuplicationPotion"},{"floor":13.0,"key":"Energy Potion"},{"floor":16.0,"key":"SmokeBomb"},{"floor":20.0,"key":"ColorlessPotion"},{"floor":22.0,"key":"Strength Potion"},{"floor":33.0,"key":"ElixirPotion"},{"floor":40.0,"key":"EssenceOfSteel"},{"floor":45.0,"key":"SneckoOil"},{"floor":45.0,"key":"Ancient Potion"},{"floor":55.0,"key":"LiquidBronze"}],"is_trial":false,"path_per_floor":["M","?","$","M","?","R","E","?","T","M","M","R","M","E","R","B",null,"M","$","M","M","M","R","?","E","T","M","M","R","?","E","R","B",null,"M","?","M","?","$","E","M","$","T","T","?","E","R","E","R","B","B",null,"R","$","E","B",null],"character_chosen":"IRONCLAD","items_purchased":["Inflame","Pen Nib","Toolbox","Membership Card","Ice Cream","Dark Embrace","Incense Burner","SpeedPotion"],"campfire_rested":0,"item_purchase_floors":[3,19,19,39,39,42,54,54],"current_hp_per_floor":[74,74,74,75,68,68,74,79,79,80,78,78,70,76,76,12,63,66,66,64,80,80,80,80,65,65,46,75,75,54,66,66,36,69,79,69,75,75,80,63,46,61,61,61,61,74,74,68,68,77,65,74,74,77,18,18],"gold":52,"neow_bonus":"THREE_ENEMY_KILL","is_daily":false,"chose_seed":false,"campfire_upgraded":8,"win_rate":0.0,"timestamp":1612429282,"path_taken":["M","?","$","?","?","R","E","?","T","?","M","R","M","E","R","BOSS","M","$","M","M","M","R","?","E","T","M","?","R","?","E","R","BOSS","M","?","M","?","$","E","?","?","T","?","?","E","R","E","R","BOSS","BOSS","R","$","E","BOSS"],"items_purchased_type":["Card","Relic","Relic","Relic","Relic","Card","Relic","Potion"],"build_version":"2020-12-18","purchased_purges":2,"victory":true,"max_hp_per_floor":[75,75,75,75,75,75,75,80,80,80,80,80,80,80,80,80,80,80,80,80,80,80,80,80,80,80,80,80,80,80,80,80,80,80,80,80,80,80,80,80,80,77,77,77,77,77,77,77,77,77,77,77,77,77,77,77],"relic_stats":{"Regal Pillow":0,"counters":[27,135],"CeramicFish":135,"Pen Nib":[14],"MawBank":120,"Burning Blood":142,"WarpedTongs":[57],"Nunchaku":[16],"Ornamental Fan":[104],"Snecko Eye":[172,176,192,212],"MealTicket":23,"Necronomicon":[27],"obtain_stats":[{"Ice Cream":39,"Potion Belt":46,"Regal Pillow":31,"NeowsBlessing":0,"CeramicFish":25,"Oddly Smooth Stone":55,"Pen Nib":19,"Incense Burner":54,"Bottled Tornado":44,"MawBank":9,"Burning Blood":0,"WarpedTongs":38,"Runic Dome":34,"Nunchaku":14,"Ornamental Fan":2,"Snecko Eye":17,"Toolbox":19,"MealTicket":26,"Bag of Marbles":7,"Necronomicon":30,"Membership Card":39,"Toxic Egg 2":40,"Toy Ornithopter":48},{"Ice Cream":19,"Potion Belt":22,"Regal Pillow":16,"NeowsBlessing":0,"CeramicFish":13,"Oddly Smooth Stone":26,"Pen Nib":9,"Incense Burner":25,"Bottled Tornado":21,"MawBank":3,"Burning Blood":0,"WarpedTongs":19,"Runic Dome":17,"Nunchaku":7,"Ornamental Fan":1,"Snecko Eye":8,"Toolbox":9,"MealTicket":13,"Bag of Marbles":3,"Necronomicon":15,"Membership Card":19,"Toxic Egg 2":20,"Toy Ornithopter":23},{"Ice Cream":68,"Potion Belt":84,"Regal Pillow":59,"NeowsBlessing":0,"CeramicFish":40,"Oddly Smooth Stone":121,"Pen Nib":26,"Incense Burner":111,"Bottled Tornado":80,"MawBank":3,"Burning Blood":0,"WarpedTongs":68,"Runic Dome":65,"Nunchaku":15,"Ornamental Fan":1,"Snecko Eye":23,"Toolbox":26,"MealTicket":40,"Bag of Marbles":3,"Necronomicon":57,"Membership Card":68,"Toxic Egg 2":73,"Toy Ornithopter":94}],"Toy Ornithopter":20},"card_choices":[{"not_picked":["Second Wind","Warcry"],"picked":"Whirlwind","floor":1.0},{"not_picked":["Flex","Seeing Red"],"picked":"Blood for Blood","floor":4.0},{"not_picked":["Rupture","Thunderclap"],"picked":"Burning Pact","floor":7.0},{"not_picked":["Pummel","Body Slam","Combust"],"picked":"SKIP","floor":10.0},{"not_picked":["Pummel","Body Slam"],"picked":"Combust","floor":10.0},{"not_picked":["Bloodletting","Twin Strike"],"picked":"Rupture","floor":11.0},{"not_picked":["Clash","Perfected Strike","Entrench"],"picked":"SKIP","floor":13.0},{"not_picked":["Fire Breathing","Flex"],"picked":"Thunderclap","floor":14.0},{"not_picked":["Offering","Juggernaut"],"picked":"Reaper","floor":16.0},{"not_picked":["Body Slam","Havoc"],"picked":"Clothesline","floor":18.0},{"not_picked":["Fire Breathing","Headbutt","Warcry"],"picked":"SKIP","floor":20.0},{"not_picked":["True Grit","Sever Soul"],"picked":"Flame Barrier","floor":22.0},{"not_picked":["Cleave","Headbutt"],"picked":"Offering","floor":25.0},{"not_picked":["Carnage","Seeing Red"],"picked":"Shrug It Off","floor":27.0},{"not_picked":["Body Slam","Pommel Strike","Iron Wave"],"picked":"SKIP","floor":28.0},{"not_picked":["Body Slam","Pommel Strike","Iron Wave"],"picked":"SKIP","floor":28.0},{"not_picked":["Pommel Strike","Intimidate"],"picked":"Power Through+1","floor":31.0},{"not_picked":["Limit Break","Double Tap"],"picked":"Barricade","floor":33.0},{"not_picked":["Anger","Thunderclap","Cleave+1"],"picked":"SKIP","floor":35.0},{"not_picked":["Good Instincts","Madness"],"picked":"HandOfGreed","floor":36.0},{"not_picked":["Dark Shackles","Flash of Steel"],"picked":"Mayhem","floor":36.0},{"not_picked":["Shrug It Off","Havoc"],"picked":"Armaments+1","floor":37.0},{"not_picked":["Anger","Blood for Blood+1","Sword Boomerang"],"picked":"SKIP","floor":40.0},{"not_picked":["Headbutt","Sever Soul"],"picked":"True Grit+1","floor":41.0},{"not_picked":["Rage+1","Heavy Blade"],"picked":"Shockwave+1","floor":46.0},{"not_picked":["Battle Trance+1","Uppercut"],"picked":"Shockwave+1","floor":48.0},{"not_picked":["Sentinel+1","Anger"],"picked":"Reaper","floor":55.0}],"player_experience":2668932,"relics_obtained":[{"floor":7.0,"key":"Bag of Marbles"},{"floor":9.0,"key":"MawBank"},{"floor":14.0,"key":"Nunchaku"},{"floor":25.0,"key":"CeramicFish"},{"floor":26.0,"key":"MealTicket"},{"floor":30.0,"key":"Necronomicon"},{"floor":31.0,"key":"Regal Pillow"},{"floor":40.0,"key":"Toxic Egg 2"},{"floor":44.0,"key":"Bottled Tornado"},{"floor":46.0,"key":"Potion Belt"},{"floor":48.0,"key":"Toy Ornithopter"},{"floor":55.0,"key":"Oddly Smooth Stone"}],"event_choices":[{"damage_healed":0.0,"max_hp_gain":0.0,"max_hp_loss":0.0,"gold_gain":0.0,"event_name":"WeMeetAgain","player_choice":"Gave Potion","floor":2.0,"gold_loss":0.0,"damage_taken":0.0,"relics_obtained":["Ornamental Fan"]},{"cards_removed":["Strike_R"],"damage_healed":0.0,"max_hp_gain":0.0,"max_hp_loss":0.0,"gold_gain":0.0,"event_name":"Golden Wing","player_choice":"Card Removal","floor":5.0,"gold_loss":0.0,"damage_taken":7.0},{"damage_healed":0.0,"max_hp_gain":5.0,"max_hp_loss":0.0,"gold_gain":0.0,"event_name":"Big Fish","player_choice":"Donut","floor":8.0,"gold_loss":0.0,"damage_taken":0.0},{"cards_removed":["Strike_R"],"damage_healed":0.0,"max_hp_gain":0.0,"max_hp_loss":0.0,"gold_gain":0.0,"event_name":"Bonfire Elementals","player_choice":"Offered Basic","floor":24.0,"gold_loss":0.0,"damage_taken":0.0},{"damage_healed":0.0,"max_hp_gain":0.0,"max_hp_loss":0.0,"gold_gain":0.0,"event_name":"Cursed Tome","player_choice":"Obtained Book","floor":30.0,"gold_loss":0.0,"damage_taken":21.0},{"damage_healed":0.0,"max_hp_gain":0.0,"max_hp_loss":0.0,"gold_gain":0.0,"event_name":"SensoryStone","player_choice":"Memory 3","floor":36.0,"gold_loss":0.0,"damage_taken":10.0},{"damage_healed":0.0,"max_hp_gain":0.0,"max_hp_loss":0.0,"gold_gain":0.0,"event_name":"Accursed Blacksmith","player_choice":"Rummage","floor":38.0,"gold_loss":0.0,"damage_taken":0.0,"relics_obtained":["WarpedTongs"],"cards_obtained":["Pain"]},{"damage_healed":0.0,"max_hp_gain":0.0,"max_hp_loss":0.0,"gold_gain":0.0,"event_name":"Lab","player_choice":"Got Potions","floor":45.0,"gold_loss":0.0,"damage_taken":0.0}],"is_beta":true,"boss_relics":[{"not_picked":["Black Blood","Coffee Dripper"],"picked":"Snecko Eye"},{"not_picked":["Tiny House","Runic Pyramid"],"picked":"Runic Dome"}],"items_purged_floors":[19,42],"is_endless":false,"potions_floor_spawned":[1,4,13,16,20,21,22,31,33,40,41,55],"ascension_level":20}}