{"host":"v86vpwf004p2esb7","time":1612431985,"event":{"mods":["AchievementEnabler","BaseMod","BetterRewards","Colored Powertips","Minty Spire (QoL Compilation)","Quick Restart","StSLib","Transform Curses"],"gold_per_floor":[111,76,92,107,382,414,89,103,103,103,119,119,138,151,151,270,270,291,309,325,350,350,393,393,393,393],"floor_reached":25,"language":"ENG","playtime":1417,"items_purged":["Regret"],"score":393,"play_id":"6a0214bf-d265-4389-b9af-ed480f7411b5","local_time":"20210204014625","is_ascension_mode":true,"campfire_choices":[{"floor":12,"key":"REST"},{"data":"ForeignInfluence","floor":15,"key":"SMITH"},{"floor":24,"key":"REST"}],"circlet_count":0,"master_deck":["Strike_P","Strike_P","Strike_P","Strike_P","Defend_P","Defend_P","Defend_P","Defend_P","Eruption","Vigilance","Prostrate","FollowUp","FollowUp","Weave","CutThroughFate","ForeignInfluence+1","PathToVictory","SandsOfTime","Adaptation","LikeWater","FlurryOfBlows","Wireheading","Halt","Crescendo","Weave","Establishment","CurseOfTheBell","Evaluate+1","FlurryOfBlows","LikeWater","FollowUp+1","Ghostly+1","Ghostly+1","Ghostly+1","Ghostly+1","Ghostly+1","Vengeance+1"],"relics":["PureWater","Orrery","Lizard Tail","Lantern","Golden Idol","Calling Bell","Centennial Puzzle","Toxic Egg 2","Incense Burner","Frozen Egg 2"],"acts_visited":["Exordium","TheCity"],"potions_floor_usage":[14,20,21],"damage_taken":[{"damage":1,"enemies":"Jaw Worm","floor":1,"turns":2},{"damage":0,"enemies":"Cultist","floor":3,"turns":3},{"damage":1,"enemies":"Small Slimes","floor":4,"turns":2},{"damage":21,"enemies":"3 Sentries","floor":6,"turns":7},{"damage":0,"enemies":"3 Louse","floor":8,"turns":1},{"damage":0,"enemies":"2 Fungi Beasts","floor":11,"turns":1},{"damage":0,"enemies":"Large Slime","floor":13,"turns":4},{"damage":10,"enemies":"3 Louse","floor":14,"turns":3},{"damage":26,"enemies":"Hexaghost","floor":16,"turns":8},{"damage":40,"enemies":"2 Thieves","floor":18,"turns":3},{"damage":6,"enemies":"3 Byrds","floor":19,"turns":3},{"damage":20,"enemies":"3 Cultists","floor":20,"turns":4},{"damage":17,"enemies":"Centurion and Healer","floor":21,"turns":5},{"damage":27,"enemies":"Gremlin Leader","floor":23,"turns":6}],"seed_played":"-3152200934391626627","potions_obtained":[{"floor":11,"key":"SmokeBomb"},{"floor":13,"key":"Explosive Potion"},{"floor":14,"key":"Fruit Juice"},{"floor":16,"key":"PowerPotion"},{"floor":20,"key":"Ancient Potion"},{"floor":23,"key":"SkillPotion"}],"is_trial":false,"path_per_floor":["M","?","M","M","?","E","$","M","T","?","M","R","M","M","R","B",null,"M","M","M","M","?","E","R","?"],"character_chosen":"WATCHER","items_purchased":["Orrery","Lantern","LikeWater","FlurryOfBlows"],"campfire_rested":2,"item_purchase_floors":[0,7,7,7],"current_hp_per_floor":[50,68,68,67,67,46,46,46,46,28,28,49,49,44,44,18,77,37,31,11,32,32,5,16,0,0],"gold":393,"neow_bonus":"","is_daily":false,"chose_seed":false,"campfire_upgraded":1,"win_rate":0.0,"timestamp":1612431985,"path_taken":["M","?","M","M","?","E","$","?","T","?","M","R","M","M","R","BOSS","M","M","M","M","?","E","R","?"],"items_purchased_type":["Relic","Relic","Card","Card"],"build_version":"2020-12-22","purchased_purges":1,"victory":false,"max_hp_per_floor":[72,72,72,72,72,72,72,72,72,72,72,72,72,77,77,77,77,77,77,77,77,38,38,38,38,38],"card_choices":[{"not_picked":["InnerPeace","JustLucky"],"picked":"Prostrate","floor":0},{"not_picked":["EmptyBody","Consecrate"],"picked":"FollowUp","floor":0},{"not_picked":["Wish","Pray"],"picked":"FollowUp","floor":0},{"not_picked":["Collect","Consecrate"],"picked":"Weave","floor":0},{"not_picked":["SashWhip","ClearTheMind"],"picked":"CutThroughFate","floor":0},{"not_picked":["Crescendo","Swivel"],"picked":"ForeignInfluence","floor":1},{"not_picked":["Perseverance","CutThroughFate"],"picked":"PathToVictory","floor":3},{"not_picked":["Halt","JustLucky"],"picked":"SandsOfTime","floor":4},{"not_picked":["DeusExMachina","Consecrate"],"picked":"Adaptation","floor":6},{"not_picked":["WreathOfFlame","JustLucky"],"picked":"Wireheading","floor":8},{"not_picked":["ThirdEye","Protect"],"picked":"Halt","floor":11},{"not_picked":["CutThroughFate","FlyingSleeves"],"picked":"Crescendo","floor":13},{"not_picked":["Wireheading","WheelKick"],"picked":"Weave","floor":14},{"not_picked":["LessonLearned","DeusExMachina"],"picked":"Establishment","floor":16},{"not_picked":["Wallop","BowlingBash"],"picked":"Evaluate+1","floor":18},{"not_picked":["Collect+1","ThirdEye+1"],"picked":"FlurryOfBlows","floor":19},{"not_picked":["Scrawl+1","Protect+1"],"picked":"LikeWater","floor":20},{"not_picked":["Perseverance+1","JustLucky+1"],"picked":"FollowUp+1","floor":21},{"not_picked":["Swivel+1","TalkToTheHand"],"picked":"Vengeance+1","floor":23}],"player_experience":248109,"relics_obtained":[{"floor":6,"key":"Lizard Tail"},{"floor":17,"key":"Centennial Puzzle"},{"floor":17,"key":"Toxic Egg 2"},{"floor":17,"key":"Incense Burner"},{"floor":23,"key":"Frozen Egg 2"}],"event_choices":[{"damage_healed":18,"gold_gain":0,"player_choice":"Healed","damage_taken":0,"max_hp_gain":0,"max_hp_loss":0,"event_name":"The Cleric","floor":2,"gold_loss":35},{"damage_healed":0,"gold_gain":275,"player_choice":"Desecrate","damage_taken":0,"max_hp_gain":0,"max_hp_loss":0,"event_name":"Golden Shrine","floor":5,"gold_loss":0,"cards_obtained":["Regret"]},{"damage_healed":0,"gold_gain":0,"player_choice":"Take Damage","damage_taken":18,"relics_obtained":["Golden Idol"],"max_hp_gain":0,"max_hp_loss":0,"event_name":"Golden Idol","floor":10,"gold_loss":0},{"damage_healed":0,"gold_gain":0,"player_choice":"Became a Ghost","damage_taken":0,"max_hp_gain":0,"max_hp_loss":39,"event_name":"Ghosts","floor":22,"gold_loss":0,"cards_obtained":["Ghostly","Ghostly","Ghostly","Ghostly","Ghostly"]}],"is_beta":false,"boss_relics":[{"not_picked":["Sozu","Tiny House"],"picked":"Calling Bell"}],"items_purged_floors":[7],"is_endless":false,"potions_floor_spawned":[11,13,14,16,20,23],"ascension_level":1}}