{"host":"bx8ylsmj2ob6hd5u","time":1612461245,"event":{"mods":["AchievementEnabler","Act Like it!","Aspiration","BaseMod","Colored Map","Downfall","Duelist Mod","Friendly Minions","Gensokyo","GifTheSpireLib","Hallownest","Hermit","HololiveMod","Hubris","Infinite Spire","Jorbs\u0027s Wanderer Trilogy","KinomotoSakuraMod(????)","Kiyohime????","Koishi","KomeijiMod","Lobotomy","LobotomyExtend","Marisa????????","Minty Spire (QoL Compilation)","Prisma Mod","Rare Cards Sparkle","Reimu??????","Remilia??????","Replay The Spire","StSLib","Td1madao Mod","The Administrix","The Animator","The Bug Knight","The Construct","The Cursed","The Disciple","The Hierophant","The Necromancer","The Poker Player","The Runesmith","The Senshi","The Servant 0.9.4","WarShipGirlsR/????R mod"],"gold_per_floor":[111,130,150,165,165,165,15,27,27,27,43,43,62,76,76,172,172,186,283,283,56,72,72,72,72],"floor_reached":24,"language":"ENG","playtime":1874,"items_purged":["Shame"],"score":190,"play_id":"61b599ef-d655-49de-8b65-69a992746e58","local_time":"20210204195405","is_ascension_mode":false,"campfire_choices":[{"data":"AdministrixMod:BegetEternity","floor":6,"key":"SMITH"},{"data":"AdministrixMod:Katabasis","floor":15,"key":"SMITH"},{"data":"AdministrixMod:DeathByGlamour","floor":23,"key":"SMITH"}],"circlet_count":0,"master_deck":["AdministrixMod:Strike_Administrix","AdministrixMod:Strike_Administrix","AdministrixMod:Strike_Administrix","AdministrixMod:RedCloak+1","AdministrixMod:Defend_Administrix","AdministrixMod:Defend_Administrix","AdministrixMod:Defend_Administrix","AdministrixMod:Defend_Administrix","AdministrixMod:BlueCloak","AdministrixMod:RebukeDesires","AdministrixMod:ExtolVirtue","AdministrixMod:ImmortalPurity","AdministrixMod:Katabasis+1","AdministrixMod:BegetEternity","AdministrixMod:BattleforgedBonds","AdministrixMod:DeathByGlamour+1","CurseOfTheBell","infinitespire:Neurotoxin","Predator","Slice","AdministrixMod:ExtolVirtue+1"],"relics":["AdministrixMod:ConductorRitualBaton","LetterFromLob","TheAbacus","Darkstone Periapt","Happy Flower","Calling Bell","Strawberry","Kunai","HollowMod:QueensCombRelic","RuthlessExorcism:ReiMu"],"acts_visited":["Exordium","Gensokyo:Gensokyo"],"potions_floor_usage":[8,16,16,16,22],"damage_taken":[{"damage":0,"enemies":"Gensokyo:Python","floor":1,"turns":3},{"damage":1,"enemies":"Gensokyo:2_Kodama","floor":2,"turns":4},{"damage":5,"enemies":"Gensokyo:Gryphon","floor":3,"turns":3},{"damage":3,"enemies":"Gensokyo:VengefulSpirit","floor":4,"turns":3},{"damage":0,"enemies":"Gensokyo:3_Kodama","floor":8,"turns":2},{"damage":2,"enemies":"Gensokyo:2_Rabbits","floor":11,"turns":4},{"damage":0,"enemies":"Gensokyo:Kitsune","floor":13,"turns":4},{"damage":0,"enemies":"Gensokyo:VengefulSpirit","floor":14,"turns":5},{"damage":4,"enemies":"Gensokyo:Kokoro","floor":16,"turns":12},{"damage":0,"enemies":"Hallownest:Flukemon_and_Top","floor":18,"turns":9},{"damage":16,"enemies":"Hallownest:Guard_and_Sentry","floor":22,"turns":6},{"damage":39,"enemies":"Hallownest:2_Flukemon","floor":24,"turns":6}],"seed_played":"-8760449621390844036","potions_obtained":[{"floor":2,"key":"Explosive Potion"},{"floor":11,"key":"Ancient Potion"},{"floor":13,"key":"Adrenaline Potion"},{"floor":14,"key":"Guardian:BlockOnCardUsePotion"},{"floor":16,"key":"Weak Potion"},{"floor":18,"key":"FearPotion"}],"is_trial":false,"path_per_floor":["M","M","M","M","?","R","$","M","T","M","M","?","M","M","R","B",null,"M","?","?","$","M","R","M"],"character_chosen":"TheAdministrix","items_purchased":["TheAbacus","RuthlessExorcism:ReiMu"],"campfire_rested":0,"item_purchase_floors":[7,21],"current_hp_per_floor":[65,64,59,56,63,63,63,63,63,63,61,61,61,61,61,57,52,52,58,58,58,42,42,7,7],"gold":72,"neow_bonus":"UPGRADE_CARD","is_daily":false,"chose_seed":false,"campfire_upgraded":3,"win_rate":0.0,"timestamp":1612461245,"path_taken":["M","M","M","M","?","R","?","?","T","M","M","?","M","M","R","BOSS","M","?","?","$","M","R","M"],"items_purchased_type":["Relic","Relic"],"build_version":"2020-12-22","purchased_purges":1,"victory":false,"max_hp_per_floor":[65,65,65,65,65,65,65,65,65,65,65,65,65,65,65,65,52,52,58,58,58,58,58,58,58],"card_choices":[{"not_picked":["AdministrixMod:CastOffRegrets","AdministrixMod:ImmortalPurity"],"picked":"AdministrixMod:BegetEternity","floor":1},{"not_picked":["AdministrixMod:RegentEdict","AdministrixMod:HarmonicReverence"],"picked":"AdministrixMod:RebukeDesires","floor":2},{"not_picked":["AdministrixMod:SealAway","AdministrixMod:FuneraryRites"],"picked":"AdministrixMod:ExtolVirtue","floor":3},{"not_picked":["AdministrixMod:DiversionaryTactic","AdministrixMod:UnstableVigor"],"picked":"AdministrixMod:ImmortalPurity","floor":4},{"not_picked":["AdministrixMod:QuietConspiracy","AdministrixMod:Untouchable"],"picked":"AdministrixMod:PlateOfAntiquity","floor":8},{"not_picked":["AdministrixMod:ImmortalGrace","AdministrixMod:Transcension"],"picked":"AdministrixMod:Katabasis","floor":11},{"not_picked":["AdministrixMod:NewWardrobe","AdministrixMod:FiendishCrimson"],"picked":"AdministrixMod:BegetEternity","floor":13},{"not_picked":["AdministrixMod:ChooseYourEnd","AdministrixMod:Overdrive"],"picked":"AdministrixMod:BattleforgedBonds","floor":14},{"not_picked":["AdministrixMod:FalseDeath","AdministrixMod:LifeforceNet"],"picked":"AdministrixMod:DeathByGlamour","floor":16},{"not_picked":["AdministrixMod:Transition","AdministrixMod:RebukeDesires"],"picked":"AdministrixMod:SyncreticSurge","floor":18},{"not_picked":["AdministrixMod:ImmortalGrace","AdministrixMod:PlateOfAntiquity"],"picked":"AdministrixMod:ExtolVirtue+1","floor":22}],"player_experience":1542010,"relics_obtained":[{"floor":1,"key":"LetterFromLob"},{"floor":9,"key":"Darkstone Periapt"},{"floor":17,"key":"Strawberry"},{"floor":17,"key":"Kunai"},{"floor":17,"key":"HollowMod:QueensCombRelic"}],"event_choices":[],"is_beta":false,"boss_relics":[{"not_picked":["Ectoplasm","Runic Dome"],"picked":"Calling Bell"}],"items_purged_floors":[21],"is_endless":false,"potions_floor_spawned":[2,11,13,14,16,18],"killed_by":"Hallownest:2_Flukemon","ascension_level":0}}