{"host":"osk2oboccoevp2u5","time":1612415615,"event":{"mods":["AchievementEnabler","Alarm Clock","BaseMod","Colored Powertips","Disable Question Mark Monsters","Displayed Cursed Tome","Key Reminder","Minty Spire (QoL Compilation)","Potion Indicator Mod","Quick Restart","Rare Cards Sparkle","Reimu??????","Reorder Act Four","StSLib","Useless Jewels Mod"],"gold_per_floor":[113,13,0,10,21,21,40,40,90,115,115,143,143,153,153,256,256,268,284,315,42,42,42,67,67,114,114,13,28,28,42,42,138,138,150,25,247,247,267,301,301,312,312,338,388,415,16,32,32,32],"floor_reached":51,"language":"ENG","playtime":3469,"items_purged":["Strike_Lin:ReiMu","Strike_Lin:ReiMu","Strike_Lin:ReiMu","Strike_Lin:ReiMu"],"score":1071,"play_id":"54f20887-5d68-4109-8263-54cd933f0a93","local_time":"20210204011335","is_ascension_mode":true,"campfire_choices":[{"data":"NB:ReiMu","floor":6.0,"key":"SMITH"},{"floor":8.0,"key":"REST"},{"floor":13.0,"key":"REST"},{"floor":15.0,"key":"REST"},{"data":"FoulBorder2:ReiMu","floor":23.0,"key":"SMITH"},{"floor":27.0,"key":"REST"},{"floor":32.0,"key":"REST"},{"floor":41.0,"key":"REST"},{"data":"OctopathSalyBorderN:ReiMu","floor":49,"key":"SMITH"}],"circlet_count":0,"master_deck":["Defend_Lin:ReiMu","Defend_Lin:ReiMu","Defend_Lin:ReiMu","Defend_Lin:ReiMu","NB:ReiMu+1","Stagnation:ReiMu","SubAcupoint:ReiMu","TightArray:ReiMu","SubAcupoint:ReiMu","SubAcupoint:ReiMu","FoulBorder2:ReiMu+1","SealNeedle:ReiMu","OctopathSalyBorderN:ReiMu+1","TightArray:ReiMu","ForcedLanding:ReiMu+1","RitualDagger+1","PassingAway:ReiMu","DoubleButterfly:ReiMu+1","YinYang:ReiMu+1","PayForSelf:ReiMu+1","Transmutation","Sadistic Nature","Dark Shackles","Mountainwind:ReiMu+1","PassingAway:ReiMu+1","YinYangSign:ReiMu+1","ForcedLanding:ReiMu+1","Flash of Steel+1","RainPray2:ReiMu+1"],"relics":["FlyPower:ReiMu","Akabeko","Ancient Tea Set","CultistMask","Turnip","RedLine:ReiMu","Red Mask","TentaclePot:ReiMu","Molten Egg 2","Bow_fan:ReiMu","SlaversCollar","Toxic Egg 2","Sundial","Tea:ReiMu","Calipers","HornCleat","Lee\u0027s Waffle"],"acts_visited":["Exordium","TheCity","TheBeyond"],"potions_floor_usage":[50,50],"damage_taken":[{"damage":2.0,"enemies":"Small Slimes","floor":1.0,"turns":5.0},{"damage":0.0,"enemies":"2 Louse","floor":4.0,"turns":4.0},{"damage":3.0,"enemies":"Cultist","floor":5.0,"turns":6.0},{"damage":25.0,"enemies":"Exordium Thugs","floor":7.0,"turns":10.0},{"damage":27.0,"enemies":"3 Sentries","floor":10.0,"turns":12.0},{"damage":10.0,"enemies":"Lagavulin","floor":12.0,"turns":10.0},{"damage":1.0,"enemies":"Exordium Wildlife","floor":14.0,"turns":10.0},{"damage":15.0,"enemies":"The Guardian","floor":16.0,"turns":13.0},{"damage":0.0,"enemies":"Spheric Guardian","floor":18.0,"turns":7.0},{"damage":13.0,"enemies":"2 Thieves","floor":19.0,"turns":5.0},{"damage":0.0,"enemies":"Masked Bandits","floor":20.0,"turns":2.0},{"damage":14.0,"enemies":"Slavers","floor":24.0,"turns":4.0},{"damage":7.0,"enemies":"Centurion and Healer","floor":29.0,"turns":6.0},{"damage":0.0,"enemies":"Book of Stabbing","floor":30.0,"turns":1.0},{"damage":0.0,"enemies":"Shelled Parasite and Fungi","floor":31.0,"turns":6.0},{"damage":44.0,"enemies":"Champ","floor":33.0,"turns":15.0},{"damage":6.0,"enemies":"Orb Walker","floor":35.0,"turns":5.0},{"damage":18.0,"enemies":"3 Shapes","floor":39.0,"turns":3.0},{"damage":17.0,"enemies":"Giant Head","floor":40.0,"turns":9.0},{"damage":7.0,"enemies":"Maw","floor":42.0,"turns":9.0},{"damage":0.0,"enemies":"Reptomancer","floor":44.0,"turns":5.0},{"damage":12.0,"enemies":"Mind Bloom Boss Battle","floor":45.0,"turns":6.0},{"damage":29.0,"enemies":"Nemesis","floor":46.0,"turns":7.0},{"damage":1,"enemies":"3 Darklings","floor":48,"turns":4},{"damage":15,"enemies":"Time Eater","floor":50,"turns":11}],"seed_played":"-2602789556332107579","potions_obtained":[{"floor":4.0,"key":"GrandPatriotsElixir:ReiMu"},{"floor":5.0,"key":"EssenceOfSteel"},{"floor":10.0,"key":"GrandPatriotsElixir:ReiMu"},{"floor":20.0,"key":"Strength Potion"},{"floor":24.0,"key":"SpeedPotion"},{"floor":29.0,"key":"ZuzhouPotion:ReiMu"},{"floor":42.0,"key":"EssenceOfSteel"},{"floor":45.0,"key":"GamblersBrew"},{"floor":46.0,"key":"Dexterity Potion"},{"floor":48,"key":"PowerPotion"}],"is_trial":false,"path_per_floor":["M","$","?","M","M","R","M","R","T","E","?","E","R","M","R","B",null,"M","M","?","$","?","R","E","?","T","R","$","M","E","M","R","B",null,"M","$","?","?","M","E","R","M","T","E","?","E","$","M","R","B",null],"character_chosen":"REIMU","items_purchased":["TightArray:ReiMu","TentaclePot:ReiMu","TightArray:ReiMu","SmokeBomb","Lee\u0027s Waffle","Flash of Steel+1"],"campfire_rested":6,"item_purchase_floors":[2,21,21,28,47,47],"current_hp_per_floor":[63,63,63,63,60,60,35,56,56,29,29,19,40,39,60,45,65,65,52,52,52,52,52,38,32,32,53,53,46,46,46,67,23,59,53,53,53,43,25,8,29,22,22,22,10,50,78,77,78,63],"gold":32,"neow_bonus":"TEN_PERCENT_HP_BONUS","is_daily":false,"chose_seed":false,"campfire_upgraded":3,"win_rate":0.0,"timestamp":1612415615,"path_taken":["M","$","?","M","M","R","M","R","T","E","?","E","R","M","R","BOSS","M","?","?","$","?","R","E","?","T","R","?","M","E","M","R","BOSS","M","$","?","?","M","E","R","M","T","E","?","E","?","?","R","BOSS"],"items_purchased_type":["Card","Relic","Card","Potion","Relic","Card"],"build_version":"2020-12-22","purchased_purges":4,"victory":true,"max_hp_per_floor":[71,71,71,71,71,71,71,71,71,71,71,71,71,71,71,71,71,71,71,71,71,71,71,71,71,71,71,71,71,71,71,71,71,71,71,71,71,71,71,71,71,71,71,71,71,71,78,78,78,78],"card_choices":[{"not_picked":["Intuition:ReiMu","AlertArray:ReiMu"],"picked":"SubAcupoint:ReiMu","floor":1.0},{"not_picked":["InherentArray:ReiMu","Meditation:ReiMu","PrepareRite:ReiMu"],"picked":"SKIP","floor":4.0},{"not_picked":["Amulet:ReiMu","SpreadBorder2:ReiMu","WonderfulDomain:ReiMu"],"picked":"SKIP","floor":5.0},{"not_picked":["EmergencyTakeOff:ReiMu","LearningPray:ReiMu"],"picked":"SubAcupoint:ReiMu","floor":7.0},{"not_picked":["Revelation:ReiMu","SpringWay:ReiMu"],"picked":"SubAcupoint:ReiMu","floor":10.0},{"not_picked":["CardOfSanctity:ReiMu","Dreaming2:ReiMu"],"picked":"FoulBorder2:ReiMu","floor":12.0},{"not_picked":["Meditation:ReiMu","SafetyPray:ReiMu"],"picked":"SealNeedle:ReiMu","floor":14.0},{"not_picked":["Dreaming:ReiMu","RunawayExorcism:ReiMu"],"picked":"OctopathSalyBorderN:ReiMu","floor":16.0},{"not_picked":["FineLineFantasy:ReiMu","CareerPray:ReiMu","Dreaming2:ReiMu+1"],"picked":"SKIP","floor":18.0},{"not_picked":["EmergencyTakeOff:ReiMu","RainPray2:ReiMu","Amulet:ReiMu"],"picked":"SKIP","floor":19.0},{"not_picked":["UniversalSpiritual:ReiMu","EmergencyTakeOff:ReiMu"],"picked":"ForcedLanding:ReiMu+1","floor":24.0},{"not_picked":["OctopathBindingBorder2:ReiMu","Mountainwind:ReiMu"],"picked":"PassingAway:ReiMu","floor":29.0},{"not_picked":["Meditation:ReiMu","Revelation:ReiMu"],"picked":"DoubleButterfly:ReiMu+1","floor":31.0},{"not_picked":["PrayRite:ReiMu","KyokaiOfKami:ReiMu"],"picked":"YinYang:ReiMu+1","floor":33.0},{"not_picked":["SpreadBorder2:ReiMu","MikOfLucky:ReiMu"],"picked":"PayForSelf:ReiMu+1","floor":35.0},{"not_picked":["Blind","Secret Technique"],"picked":"Transmutation","floor":38.0},{"not_picked":["Discovery","Finesse"],"picked":"Sadistic Nature","floor":38.0},{"not_picked":["The Bomb","Discovery"],"picked":"Dark Shackles","floor":38.0},{"not_picked":["FantasyMoon:ReiMu+1","Intuition:ReiMu+1"],"picked":"Mountainwind:ReiMu+1","floor":39.0},{"not_picked":["Enchanting:ReiMu+1","Amulet:ReiMu+1"],"picked":"PassingAway:ReiMu+1","floor":40.0},{"not_picked":["SafetyPray:ReiMu+1","Dreaming2:ReiMu+1","WonderfulDomain:ReiMu+1"],"picked":"SKIP","floor":42.0},{"not_picked":["PrepareRite:ReiMu+1","Gathering:ReiMu+1"],"picked":"YinYangSign:ReiMu+1","floor":44.0},{"not_picked":["Amulet:ReiMu+1","Meditation:ReiMu+1"],"picked":"ForcedLanding:ReiMu+1","floor":45.0},{"not_picked":["PrepareRite:ReiMu+1","Dreaming2:ReiMu+1","CollectionFlower2:ReiMu+1"],"picked":"SKIP","floor":46.0},{"not_picked":["Amulet:ReiMu+1","AirStrike:ReiMu+1"],"picked":"RainPray2:ReiMu+1","floor":48}],"player_experience":992733,"relics_obtained":[{"floor":9.0,"key":"Akabeko"},{"floor":10.0,"key":"Ancient Tea Set"},{"floor":12.0,"key":"Turnip"},{"floor":20.0,"key":"Red Mask"},{"floor":24.0,"key":"Molten Egg 2"},{"floor":26.0,"key":"Bow_fan:ReiMu"},{"floor":40.0,"key":"Toxic Egg 2"},{"floor":43.0,"key":"Sundial"},{"floor":44.0,"key":"Tea:ReiMu"},{"floor":45.0,"key":"Calipers"},{"floor":46.0,"key":"HornCleat"}],"event_choices":[{"damage_healed":0.0,"max_hp_gain":0.0,"max_hp_loss":0.0,"gold_gain":0.0,"event_name":"World of Goop","player_choice":"Left Gold","floor":3.0,"gold_loss":13.0,"damage_taken":0.0},{"damage_healed":0.0,"max_hp_gain":0.0,"max_hp_loss":0.0,"gold_gain":0.0,"event_name":"FaceTrader","player_choice":"Trade","floor":11.0,"gold_loss":0.0,"damage_taken":0.0,"relics_obtained":["CultistMask"]},{"damage_healed":0.0,"max_hp_gain":0.0,"max_hp_loss":0.0,"gold_gain":0.0,"event_name":"Masked Bandits","player_choice":"Fought Bandits","floor":20.0,"gold_loss":0.0,"damage_taken":0.0},{"damage_healed":0.0,"max_hp_gain":0.0,"max_hp_loss":0.0,"gold_gain":0.0,"event_name":"Vampires","player_choice":"Ignored","floor":22.0,"gold_loss":0.0,"damage_taken":0.0},{"damage_healed":0.0,"max_hp_gain":0.0,"max_hp_loss":0.0,"gold_gain":0.0,"event_name":"Nest","player_choice":"Joined the Cult","floor":25.0,"gold_loss":0.0,"damage_taken":6.0,"cards_obtained":["RitualDagger"]},{"damage_healed":0.0,"max_hp_gain":0.0,"max_hp_loss":0.0,"gold_gain":222.0,"event_name":"Tomb of Lord Red Mask","player_choice":"Wore Mask","floor":37.0,"gold_loss":0.0,"damage_taken":0.0},{"damage_healed":0.0,"max_hp_gain":0.0,"max_hp_loss":0.0,"gold_gain":0.0,"event_name":"SensoryStone","player_choice":"Memory 3","floor":38.0,"gold_loss":0.0,"damage_taken":10.0},{"damage_healed":0.0,"max_hp_gain":0.0,"max_hp_loss":0.0,"gold_gain":0.0,"event_name":"MindBloom","player_choice":"Fight","floor":45.0,"gold_loss":0.0,"damage_taken":0.0}],"is_beta":false,"boss_relics":[{"not_picked":["Cursed Key","Calling Bell"],"picked":"RedLine:ReiMu"},{"not_picked":["Empty Cage","Fusion Hammer"],"picked":"SlaversCollar"}],"items_purged_floors":[2,21,36,47],"is_endless":false,"potions_floor_spawned":[4,5,10,20,24,29,30,42,45,46,48],"ascension_level":7}}