{"host":"56xwnffi6e9z5l58","time":1612423232,"event":{"mods":["Aspiration","BaseMod","Better Match","Better Note","Better Sensory Stone","BetterRewards","Colored Map","Colored Powertips","Conspire","Downfall","GifTheSpireLib","Hermit","Highlight Path","Hubris","Infinite Spire","Key Reminder","Minty Spire (QoL Compilation)","Permanent Neow","Quick Restart","Rare Cards Sparkle","Replay The Spire","StSLib","Stuff the Spire","SuperFastMode","Unceasing Turn Reminder"],"gold_per_floor":[0,10,10,24,36,50,50,66,66,93,93,93,93,108,118,223,223,223,240,240,240,251,270,270,270,270,270,280,280,280,280],"floor_reached":29,"language":"ENG","playtime":1127,"items_purged":[],"score":227,"play_id":"7e28cac7-494c-4eec-b3d2-df4d459c5d22","local_time":"20210204152032","is_ascension_mode":false,"campfire_choices":[{"data":"champ:Execute","floor":1.0,"key":"SMITH"},{"data":"champ:StanceDance","floor":9.0,"key":"SMITH"},{"data":"champ:Encircle","floor":11.0,"key":"SMITH"},{"data":"champ:Taunt","floor":13.0,"key":"SMITH"},{"data":"champ:FaceSlap","floor":18.0,"key":"SMITH"},{"data":"champ:MurderStrike","floor":25,"key":"SMITH"},{"data":"champ:PreciseThrust","floor":27,"key":"SMITH"}],"circlet_count":0,"master_deck":["champ:Defend","champ:Defend","champ:Defend","champ:Defend","champ:Execute+1","champ:Taunt+1","champ:FlashCut","champ:Encircle+1","champ:DeathBlow","champ:StanceDance+1","champ:EndlessRage","champ:Lariat","champ:Haymaker","champ:FaceSlap+1","champ:PreciseThrust+1","champ:GladiatorStyle","champ:MurderStrike+1","champ:FanOfKnives+1","Slimebound:CheckThePlaybook","downfall:Icky","champ:PreemptiveStrike+1","champ:BringItOn+1","champ:EndlessRage+1"],"relics":["champ:ChampionCrown","hubris:CrystalStatue","Art of War","aspiration:RitualDagger","White Beast Statue","hubris:Towel"],"acts_visited":["Exordium","TheCity"],"potions_floor_usage":[22],"damage_taken":[{"damage":0.0,"enemies":"2 Louse","floor":2.0,"turns":2.0},{"damage":21.0,"enemies":"Cultist","floor":4.0,"turns":3.0},{"damage":23.0,"enemies":"Jaw Worm","floor":5.0,"turns":4.0},{"damage":28.0,"enemies":"2 Fungi Beasts","floor":6.0,"turns":4.0},{"damage":10.0,"enemies":"3 Louse","floor":8.0,"turns":2.0},{"damage":38.0,"enemies":"Lagavulin","floor":10.0,"turns":4.0},{"damage":14.0,"enemies":"Exordium Wildlife","floor":14.0,"turns":4.0},{"damage":10.0,"enemies":"Exordium Thugs","floor":15.0,"turns":3.0},{"damage":33.0,"enemies":"IC_STATUS_ARCHETYPE","floor":16.0,"turns":8.0},{"damage":72.0,"enemies":"3 Byrds","floor":19.0,"turns":6.0},{"damage":63,"enemies":"Chosen","floor":22,"turns":6},{"damage":25,"enemies":"Snecko","floor":23,"turns":4},{"damage":50,"enemies":"Cultist and Chosen","floor":28,"turns":7},{"damage":79,"enemies":"Shelled Parasite and Fungi","floor":29,"turns":4}],"seed_played":"4871632223139818265","potions_obtained":[{"floor":4.0,"key":"SpeedPotion"},{"floor":8.0,"key":"Block Potion"},{"floor":10.0,"key":"Guardian:BlockOnCardUsePotion"},{"floor":19,"key":"hexamod:SoulburnPotion"},{"floor":28,"key":"Fire Potion"}],"is_trial":false,"path_per_floor":["R","M","?","M","M","M","T","M","R","E","R","?","R","M","M","B",null,"R","M","?","?","M","M","T","R","?","R","M","M"],"character_chosen":"THE_CHAMP","items_purchased":[],"campfire_rested":0,"item_purchase_floors":[],"current_hp_per_floor":[90,90,90,89,86,78,78,78,78,65,65,65,65,61,61,48,90,90,48,48,48,90,76,76,76,76,76,58,0,0,0],"gold":280,"neow_bonus":"TRANSFORM_TWO_CARDS","is_daily":false,"chose_seed":false,"campfire_upgraded":7,"win_rate":0.0,"timestamp":1612423232,"path_taken":["R","M","?","M","?","M","T","M","R","E","R","?","R","M","M","BOSS","R","M","?","?","M","M","T","R","?","R","M","M"],"items_purchased_type":[],"build_version":"2020-12-22","purchased_purges":0,"victory":false,"max_hp_per_floor":[90,90,90,90,90,90,90,90,90,90,90,90,90,90,90,90,90,90,90,90,90,90,90,90,90,90,90,90,90,90,90],"card_choices":[{"not_picked":["champ:RisingSlash","champ:PreciseThrust"],"picked":"champ:DeathBlow","floor":2.0},{"not_picked":["champ:FlashCut","champ:Circumvent"],"picked":"champ:StanceDance","floor":4.0},{"not_picked":["champ:ShieldWall","champ:EnragedBash"],"picked":"champ:EndlessRage","floor":5.0},{"not_picked":["champ:BerserkersShout","champ:RapidStrikes"],"picked":"champ:Lariat","floor":6.0},{"not_picked":["champ:RecklessLeap","champ:FanOfKnives"],"picked":"champ:Haymaker","floor":8.0},{"not_picked":["champ:BerserkersShout","champ:BringItOn"],"picked":"champ:FaceSlap","floor":10.0},{"not_picked":["champ:TornadoPunch","champ:BringItOn"],"picked":"champ:PreciseThrust","floor":14.0},{"not_picked":["champ:TornadoPunch","champ:Shatter"],"picked":"champ:GladiatorStyle","floor":15.0},{"not_picked":["champ:StrikeOfGenius","champ:DancingMaster"],"picked":"champ:MurderStrike","floor":16.0},{"not_picked":["champ:Haymaker","champ:FaceSlap"],"picked":"champ:FanOfKnives+1","floor":19},{"not_picked":["champ:RapidStrikes+1","champ:FancyFootwork"],"picked":"champ:PreemptiveStrike+1","floor":22},{"not_picked":["champ:StanceDance","champ:Backstep"],"picked":"champ:BringItOn+1","floor":23},{"not_picked":["champ:EnragedBash","champ:CrownThrow+1"],"picked":"champ:EndlessRage+1","floor":28}],"player_experience":1007300,"relics_obtained":[{"floor":7.0,"key":"hubris:CrystalStatue"},{"floor":10.0,"key":"Art of War"},{"floor":24,"key":"White Beast Statue"}],"event_choices":[{"cards_removed":["champ:GladiatorStyle"],"damage_healed":0,"gold_gain":0,"player_choice":"Give","damage_taken":0,"max_hp_gain":0,"max_hp_loss":0,"event_name":"betterNote:BetterNote","floor":20,"gold_loss":0,"cards_obtained":["None"]}],"is_beta":false,"boss_relics":[{"not_picked":["aspiration:IroncladSkillbook","hubris:BlackHole"],"picked":"aspiration:RitualDagger"}],"items_purged_floors":[],"is_endless":false,"potions_floor_spawned":[4,8,10,16,19,28],"killed_by":"Shelled Parasite and Fungi","ascension_level":0}}