{"host":"gl5rgsfncjl28cj1","time":1612402919,"event":{"mods":["BaseMod","Colored Map","Highlight Path","Minty Spire (QoL Compilation)","Permanent Neow","StSLib"],"gold_per_floor":[209,227,247,262,262,262,27,55,78,78,94,128,128,140,140,214,214,224,239,6,25,35,35,35,35,105,105,105,105,125,143,143,220,270,281,306,306,56,72,72,72,72],"floor_reached":41,"language":"KOR","playtime":1533,"items_purged":["Strike_G","Strike_G","Defend_G"],"score":786,"play_id":"fb1f61c6-1e91-4ef2-8110-4588909b4520","local_time":"20210204104159","is_ascension_mode":true,"campfire_choices":[{"data":"Dash","floor":6,"key":"SMITH"},{"data":"Blade Dance","floor":10,"key":"SMITH"},{"data":"Accuracy","floor":13,"key":"SMITH"},{"data":"Burst","floor":15,"key":"SMITH"},{"data":"Malaise","floor":23,"key":"SMITH"},{"data":"Tactician","floor":25,"key":"SMITH"},{"data":"Tactician","floor":27,"key":"SMITH"},{"floor":29,"key":"REST"},{"floor":32,"key":"REST"},{"floor":40,"key":"REST"}],"circlet_count":0,"master_deck":["AscendersBane","Strike_G","Strike_G","Defend_G","Defend_G","Defend_G","Survivor+1","Neutralize","Masterful Stab","Dash+1","All Out Attack","Deadly Poison+1","Blade Dance+1","Burst+1","Accuracy+1","Tactician+1","Malaise+1","Infinite Blades","Dagger Throw","Bandage Up","Tactician+1","Blade Dance","Prepared+1","Burst","Acrobatics","Crippling Poison","Prepared+1","Accuracy","Cloak And Dagger"],"relics":["Ring of the Snake","Bronze Scales","Odd Mushroom","Blood Vial","Boot","Empty Cage","Paper Crane","Tiny House","Incense Burner"],"acts_visited":["Exordium","TheCity","TheBeyond"],"potions_floor_usage":[12,12,18,21,31,33,35,39],"damage_taken":[{"damage":5,"enemies":"Cultist","floor":1,"turns":5},{"damage":3,"enemies":"Small Slimes","floor":2,"turns":4},{"damage":0,"enemies":"Jaw Worm","floor":3,"turns":4},{"damage":18,"enemies":"Large Slime","floor":4,"turns":8},{"damage":0,"enemies":"The Mushroom Lair","floor":8,"turns":5},{"damage":0,"enemies":"3 Louse","floor":11,"turns":2},{"damage":10,"enemies":"Gremlin Nob","floor":12,"turns":3},{"damage":2,"enemies":"Gremlin Gang","floor":14,"turns":4},{"damage":16,"enemies":"Hexaghost","floor":16,"turns":8},{"damage":2,"enemies":"Chosen","floor":18,"turns":3},{"damage":10,"enemies":"2 Thieves","floor":19,"turns":2},{"damage":23,"enemies":"Sentry and Sphere","floor":21,"turns":5},{"damage":13,"enemies":"Snecko","floor":22,"turns":3},{"damage":23,"enemies":"Snake Plant","floor":30,"turns":4},{"damage":12,"enemies":"Shelled Parasite and Fungi","floor":31,"turns":4},{"damage":35,"enemies":"Champ","floor":33,"turns":10},{"damage":5,"enemies":"Orb Walker","floor":35,"turns":3},{"damage":26,"enemies":"Mind Bloom Boss Battle","floor":36,"turns":11},{"damage":37,"enemies":"3 Darklings","floor":39,"turns":8},{"damage":7,"enemies":"Giant Head","floor":41,"turns":5}],"seed_played":"-2300368098654849595","potions_obtained":[{"floor":3,"key":"Ancient Potion"},{"floor":8,"key":"DistilledChaos"},{"floor":16,"key":"SneckoOil"},{"floor":18,"key":"Explosive Potion"},{"floor":30,"key":"SkillPotion"},{"floor":31,"key":"ColorlessPotion"},{"floor":33,"key":"Strength Potion"},{"floor":34,"key":"EssenceOfSteel"},{"floor":36,"key":"CunningPotion"},{"floor":39,"key":"AttackPotion"}],"is_trial":false,"path_per_floor":["M","M","M","M","?","R","$","?","T","R","M","E","R","M","R","B",null,"M","M","$","M","M","R","?","R","T","R","?","R","M","M","R","B",null,"M","?","?","$","M","R","E"],"character_chosen":"THE_SILENT","items_purchased":["Bronze Scales","Dagger Throw","Bandage Up","Accuracy","Cloak And Dagger"],"campfire_rested":3,"item_purchase_floors":[7,20,20,38,38],"current_hp_per_floor":[54,51,51,33,33,33,33,33,33,33,35,27,27,27,27,13,53,53,45,45,28,21,21,21,21,21,21,21,40,23,17,36,7,56,57,37,37,37,10,31,30,30],"gold":72,"neow_bonus":"HUNDRED_GOLD","is_daily":false,"chose_seed":false,"campfire_upgraded":7,"win_rate":0.0,"timestamp":1612402919,"path_taken":["M","M","M","M","?","R","$","?","T","R","M","E","R","M","R","BOSS","M","M","$","M","M","R","?","R","T","R","?","R","M","M","R","BOSS","M","?","?","$","?","R","E"],"items_purchased_type":["Relic","Card","Card","Card","Card"],"build_version":"2020-12-22","purchased_purges":3,"victory":false,"max_hp_per_floor":[66,66,66,66,66,66,66,66,66,66,66,66,66,66,66,66,66,66,66,66,66,66,66,66,66,66,66,66,66,66,66,66,66,71,71,71,71,71,71,71,71,71],"card_choices":[{"not_picked":["Outmaneuver","Reflex"],"picked":"Masterful Stab","floor":1},{"not_picked":["Reflex","Bane"],"picked":"Dash","floor":2},{"not_picked":["Bane","Noxious Fumes"],"picked":"All Out Attack","floor":3},{"not_picked":["Acrobatics","Quick Slash"],"picked":"Deadly Poison","floor":4},{"not_picked":["Prepared","Distraction"],"picked":"Blade Dance","floor":8},{"not_picked":["Outmaneuver","Backflip"],"picked":"Burst","floor":11},{"not_picked":["Poisoned Stab","Choke"],"picked":"Accuracy","floor":12},{"not_picked":["Endless Agony","Outmaneuver"],"picked":"Tactician","floor":14},{"not_picked":["Venomology","Adrenaline"],"picked":"Malaise","floor":16},{"not_picked":["Dash","Slice"],"picked":"Infinite Blades","floor":18},{"not_picked":["Caltrops","Dash","Flechettes"],"picked":"SKIP","floor":19},{"not_picked":["Dodge and Roll","Dash"],"picked":"Tactician","floor":21},{"not_picked":["Flechettes","Flying Knee","Deflect"],"picked":"SKIP","floor":22},{"not_picked":["Slice","Blur"],"picked":"Blade Dance","floor":30},{"not_picked":["Backflip","Deadly Poison"],"picked":"Prepared+1","floor":31},{"not_picked":["Envenom","Glass Knife"],"picked":"Burst","floor":33},{"not_picked":["Well Laid Plans","Blade Dance"],"picked":"Acrobatics","floor":34},{"not_picked":["Poisoned Stab","Crippling Poison","Prepared"],"picked":"SKIP","floor":35},{"not_picked":["Poisoned Stab","Prepared"],"picked":"Crippling Poison","floor":35},{"not_picked":["Setup","Endless Agony"],"picked":"Prepared+1","floor":36},{"not_picked":["Flying Knee","Distraction","Dagger Spray"],"picked":"SKIP","floor":39}],"player_experience":1014003,"relics_obtained":[{"floor":8,"key":"Odd Mushroom"},{"floor":9,"key":"Blood Vial"},{"floor":12,"key":"Boot"},{"floor":26,"key":"Paper Crane"},{"floor":36,"key":"Incense Burner"}],"event_choices":[{"damage_healed":0,"gold_gain":0,"player_choice":"Grow","damage_taken":0,"max_hp_gain":0,"max_hp_loss":0,"event_name":"Living Wall","floor":5,"gold_loss":0,"cards_upgraded":["Deadly Poison"]},{"damage_healed":0,"gold_gain":0,"player_choice":"Fought Mushrooms","damage_taken":0,"max_hp_gain":0,"max_hp_loss":0,"event_name":"Mushrooms","floor":8,"gold_loss":0},{"damage_healed":0,"gold_gain":0,"player_choice":"Ignored","damage_taken":0,"max_hp_gain":0,"max_hp_loss":0,"event_name":"Ghosts","floor":24,"gold_loss":0},{"damage_healed":0,"gold_gain":0,"player_choice":"Ignored","damage_taken":0,"max_hp_gain":0,"max_hp_loss":0,"event_name":"Vampires","floor":28,"gold_loss":0},{"damage_healed":0,"gold_gain":0,"player_choice":"Fight","damage_taken":0,"max_hp_gain":0,"max_hp_loss":0,"event_name":"MindBloom","floor":36,"gold_loss":0},{"damage_healed":0,"gold_gain":0,"player_choice":"Ignored","damage_taken":0,"max_hp_gain":0,"max_hp_loss":0,"event_name":"SecretPortal","floor":37,"gold_loss":0}],"is_beta":false,"boss_relics":[{"not_picked":["Runic Dome","Fusion Hammer"],"picked":"Empty Cage"},{"not_picked":["Runic Pyramid","Astrolabe"],"picked":"Tiny House"}],"items_purged_floors":[7,20,38],"is_endless":false,"potions_floor_spawned":[3,8,11,16,18,30,31,33,36,39],"killed_by":"Giant Head","ascension_level":20}}