{"host":"fzjk61lpi4bwj033","time":1612409839,"event":{"mods":["Ascension Unlocker","BaseMod","Bestiary","Conspire","Hermit","Hubris","Infinite Spire","Jorbs\u0027s Wanderer Trilogy","Minty Spire (QoL Compilation)","Rare Cards Sparkle","Replay The Spire","StSLib","The Jungle"],"gold_per_floor":[111,111,111,123,123,123,157,157,157,157,177,208,208,231,231,310,310,322,341,205,205,205,205,233,233,233,233,194,226,262,262,262,267,267],"floor_reached":33,"language":"ENG","playtime":2117,"items_purged":[],"score":657,"play_id":"657329bf-3d12-4895-b6a2-35f21feb1695","local_time":"20210203213719","is_ascension_mode":true,"campfire_choices":[{"data":"stsjorbsmod:EyeOfTheStorm","floor":6,"key":"SMITH"},{"data":"stsjorbsmod:FindFamiliar","floor":10,"key":"SMITH"},{"floor":23,"key":"DIG"},{"floor":27,"key":"DIG"},{"floor":32,"key":"REST"}],"circlet_count":0,"master_deck":["AscendersBane","stsjorbsmod:ForbiddenGrimoire+1","stsjorbsmod:Strike_Wanderer","stsjorbsmod:Strike_Wanderer","stsjorbsmod:Defend_Wanderer+1","stsjorbsmod:Defend_Wanderer","stsjorbsmod:Defend_Wanderer+1","stsjorbsmod:FreshAdventure","stsjorbsmod:EyeOfTheStorm+1","stsjorbsmod:RefuseToForget","stsjorbsmod:SmithingStrike+1","stsjorbsmod:ColorSpray+1","stsjorbsmod:FindFamiliar+1","stsjorbsmod:TollTheDead","stsjorbsmod:Mending+1","stsjorbsmod:Prepare","stsjorbsmod:Banish","stsjorbsmod:Pyromancy+1","stsjorbsmod:Message+1","stsjorbsmod:IvoryTower+1","stsjorbsmod:Aid","stsjorbsmod:MagicMissiles+1","stsjorbsmod:FracturedMind","stsjorbsmod:OldPocket","stsjorbsmod:MageArmor","CrushJoints"],"relics":["stsjorbsmod:GrimoireRelic","Dream Catcher","hubris:Icosahedron","Replay:Multitool","Replay:Rubber Ducky","Astrolabe","Shovel","hubris:Spice","Mercury Hourglass","hubris:Towel","hubris:DisguiseKit","infinitespire:Satchel","Replay:Baseball"],"acts_visited":["Exordium","Exordium"],"potions_floor_usage":[7,24,24,30],"damage_taken":[{"damage":2,"enemies":"Jaw Worm","floor":1,"turns":4},{"damage":10,"enemies":"2 Louse","floor":4,"turns":3},{"damage":10,"enemies":"3 Sentries","floor":7,"turns":6},{"damage":8,"enemies":"Small Slimes","floor":11,"turns":3},{"damage":26,"enemies":"Gremlin Nob","floor":12,"turns":4},{"damage":7,"enemies":"Red Slaver","floor":14,"turns":4},{"damage":50,"enemies":"Fading Forest","floor":16,"turns":13},{"damage":13,"enemies":"theJungle:MUSHROOMGANG","floor":18,"turns":5},{"damage":24,"enemies":"Shell Parasite","floor":19,"turns":7},{"damage":28,"enemies":"theJungle:MamaSnecko","floor":24,"turns":7},{"damage":6,"enemies":"theJungle:JungleHuntersEncounter","floor":28,"turns":4},{"damage":40,"enemies":"theJungle:Lyon","floor":29,"turns":6},{"damage":0,"enemies":"theJungle:2_Phrogs","floor":30,"turns":7},{"damage":70,"enemies":"theJungle:TotemBoss","floor":33,"turns":6}],"seed_played":"7456922176761343219","potions_obtained":[{"floor":4,"key":"Explosive Potion"},{"floor":14,"key":"ColorlessPotion"},{"floor":16,"key":"SpeedPotion"},{"floor":29,"key":"PowerPotion"},{"floor":30,"key":"SneckoOil"}],"is_trial":false,"path_per_floor":["M","?","?","M","?","R","E","R","T","R","M","E","R","M","R","B",null,"M","M","$","?","?","R","E","R","T","R","M","M","E","AVR","R","B"],"character_chosen":"WANDERER","items_purchased":["Regen Potion","stsjorbsmod:FracturedMind"],"campfire_rested":1,"item_purchase_floors":[20,20],"current_hp_per_floor":[60,60,65,56,56,56,47,68,68,68,62,39,60,57,71,52,66,62,53,53,41,41,49,45,45,45,45,42,17,28,28,54,0,0],"gold":267,"neow_bonus":"RANDOM_COMMON_RELIC","is_daily":false,"chose_seed":false,"campfire_upgraded":2,"win_rate":0.0,"timestamp":1612409839,"path_taken":["M","?","?","M","?","R","E","R","T","R","M","E","R","?","R","BOSS","M","M","$","?","?","R","E","R","T","R","?","M","E","AVR","R","BOSS"],"items_purchased_type":["Potion","Card"],"build_version":"2020-12-22","purchased_purges":0,"victory":false,"max_hp_per_floor":[66,66,71,71,71,71,71,71,71,71,71,71,71,71,71,71,71,71,71,71,71,71,79,79,79,79,79,79,79,87,87,87,87,87],"card_choices":[{"not_picked":["stsjorbsmod:ArcaneWeapon","stsjorbsmod:DisguiseSelf"],"picked":"stsjorbsmod:RefuseToForget","floor":1},{"not_picked":["stsjorbsmod:Hurt","stsjorbsmod:UnseenServant","stsjorbsmod:WeightOfMemory"],"picked":"SKIP","floor":4},{"not_picked":["stsjorbsmod:Thorns","stsjorbsmod:SiphonEnergy"],"picked":"stsjorbsmod:ColorSpray","floor":7},{"not_picked":["stsjorbsmod:Firebolt","stsjorbsmod:BlackTentacles"],"picked":"stsjorbsmod:FindFamiliar","floor":8},{"not_picked":["stsjorbsmod:Hurt","stsjorbsmod:ParryingBlow","stsjorbsmod:Index"],"picked":"SKIP","floor":11},{"not_picked":["stsjorbsmod:WeightOfMemory","stsjorbsmod:Feast"],"picked":"stsjorbsmod:TollTheDead","floor":12},{"not_picked":["stsjorbsmod:Firebolt","stsjorbsmod:MistyStep"],"picked":"stsjorbsmod:Mending","floor":13},{"not_picked":["stsjorbsmod:DoubleCheck","stsjorbsmod:AnimateObjects"],"picked":"stsjorbsmod:Prepare","floor":14},{"not_picked":["stsjorbsmod:ThirstingSword","stsjorbsmod:IvoryTower"],"picked":"stsjorbsmod:Banish","floor":16},{"not_picked":["stsjorbsmod:Message","stsjorbsmod:DoubleCheck"],"picked":"stsjorbsmod:Aid","floor":18},{"not_picked":["stsjorbsmod:FindFamiliar","stsjorbsmod:ArcaneWeapon"],"picked":"stsjorbsmod:MagicMissiles","floor":19},{"not_picked":["stsjorbsmod:TinyHut","stsjorbsmod:FindFamiliar+1"],"picked":"stsjorbsmod:OldPocket","floor":24},{"not_picked":["stsjorbsmod:ScorchingRay","stsjorbsmod:ParryingBlow","stsjorbsmod:Hibernate","Replay:DivineShield"],"picked":"SKIP","floor":28},{"not_picked":["stsjorbsmod:ArcaneWeapon","stsjorbsmod:RayOfFrost","Judgement"],"picked":"stsjorbsmod:MageArmor","floor":29},{"not_picked":["stsjorbsmod:DisguiseSelf","stsjorbsmod:RayOfFrost","stsjorbsmod:Aid"],"picked":"CrushJoints","floor":30}],"player_experience":779870,"relics_obtained":[{"floor":7,"key":"Replay:Multitool"},{"floor":12,"key":"Replay:Rubber Ducky"},{"floor":23,"key":"hubris:Spice"},{"floor":24,"key":"Mercury Hourglass"},{"floor":26,"key":"hubris:DisguiseKit"},{"floor":27,"key":"infinitespire:Satchel"},{"floor":30,"key":"hubris:Spice"}],"event_choices":[{"damage_healed":0,"gold_gain":0,"player_choice":"Donut","damage_taken":0,"max_hp_gain":5,"max_hp_loss":0,"event_name":"Big Fish","floor":3,"gold_loss":0},{"damage_healed":0,"gold_gain":0,"player_choice":"1 cards matched","damage_taken":0,"max_hp_gain":0,"max_hp_loss":0,"event_name":"Match and Keep!","floor":5,"gold_loss":0,"cards_obtained":["stsjorbsmod:SmithingStrike"]},{"damage_healed":0,"gold_gain":0,"player_choice":"1 cards matched","damage_taken":0,"max_hp_gain":0,"max_hp_loss":0,"event_name":"Match and Keep!","floor":5,"gold_loss":0,"cards_obtained":["stsjorbsmod:SmithingStrike"]}],"is_beta":false,"boss_relics":[{"not_picked":["infinitespire:Cupcake","hubris:GrandSneckoEye"],"picked":"Astrolabe"}],"items_purged_floors":[],"is_endless":false,"potions_floor_spawned":[4,14,16,29,30],"killed_by":"theJungle:TotemBoss","ascension_level":20}}