{"host":"u8jm3mkzbb0z8q6m","time":1612423827,"event":{"mods":["BaseMod","Challenge The Spire","Colored Powertips","Minty Spire (QoL Compilation)","Quick Restart","Replay The Spire","Spicy Shops","StSLib","¡¾ÒÅÎï¿¨ÅÆ¡¿REMEMod"],"gold_per_floor":[110,385,398,473,648,680,680,709,778,778,778,778,794,214,214,214,214],"floor_reached":16,"language":"ZHS","playtime":1227,"items_purged":["Regret"],"score":172,"play_id":"ff50001e-2156-4479-adc3-2b6538a794f1","local_time":"20210204163027","is_ascension_mode":true,"campfire_choices":[{"data":"REME_CRH","floor":7,"key":"SMITH"},{"floor":15,"key":"REST"}],"circlet_count":0,"master_deck":["Strike_G","Strike_G","Strike_G","Strike_G","Strike_G","Defend_G","Defend_G","Defend_G","Defend_G","Survivor","Neutralize","REME_CRH+1","Backflip","Regret","Doubt","ReplayTheSpireMod:Scrap Shanks","Backflip","Skewer","Underhanded Strike","Acrobatics","REME_CRH+1","REME_MagicPocketWatch"],"relics":["Ring of the Snake","REME_ComplimentaryCards","NeowsBlessing","Juzu Bracelet","Meat on the Bone","Replay:Accelerometer","TungstenRod","Pear","DollysMirror"],"acts_visited":["Exordium"],"potions_floor_usage":[16,16,16],"damage_taken":[{"damage":0,"enemies":"Jaw Worm","floor":1,"turns":1},{"damage":0,"enemies":"Cultist","floor":3,"turns":1},{"damage":0,"enemies":"Lagavulin","floor":6,"turns":1},{"damage":31,"enemies":"3 Sentries","floor":8,"turns":16},{"damage":0,"enemies":"2 Louse","floor":13,"turns":2},{"damage":89,"enemies":"The Guardian","floor":16,"turns":21}],"seed_played":"-7518659115960011199","potions_obtained":[{"floor":1,"key":"SpeedPotion"},{"floor":3,"key":"Milkshake"},{"floor":13,"key":"GamblersBrew"}],"is_trial":false,"path_per_floor":["M","?","M","?","?","E","R","E","T","?","?","?","M","$","R","B"],"character_chosen":"THE_SILENT","items_purchased":["Acrobatics","DollysMirror","REME_MagicPocketWatch"],"campfire_rested":1,"item_purchase_floors":[14,14,14],"current_hp_per_floor":[70,70,70,59,59,59,59,28,28,28,28,36,48,48,72,0,0],"gold":214,"neow_bonus":"THREE_ENEMY_KILL","is_daily":false,"chose_seed":false,"campfire_upgraded":1,"win_rate":0.0,"timestamp":1612423827,"path_taken":["M","?","?","?","?","E","R","E","T","?","?","?","M","$","R","BOSS"],"items_purchased_type":["Card","Relic","Card"],"build_version":"2020-12-22","purchased_purges":1,"victory":false,"max_hp_per_floor":[70,70,70,70,70,70,70,70,70,70,70,80,80,80,80,80,80],"card_choices":[{"not_picked":["Dodge and Roll","Dagger Throw"],"picked":"Backflip","floor":1},{"not_picked":["Flechettes","ReplayTheSpireMod:Speed Training","Poisoned Stab"],"picked":"SKIP","floor":3},{"not_picked":["Accuracy","Envenom"],"picked":"ReplayTheSpireMod:Scrap Shanks","floor":6},{"not_picked":["Dagger Throw","Bouncing Flask"],"picked":"Backflip","floor":8},{"not_picked":["Cloak And Dagger","REME_GreenPollution"],"picked":"Underhanded Strike","floor":13}],"player_experience":34022,"relics_obtained":[{"floor":6,"key":"Juzu Bracelet"},{"floor":8,"key":"Meat on the Bone"},{"floor":9,"key":"Replay:Accelerometer"}],"event_choices":[{"damage_healed":0,"gold_gain":275,"player_choice":"Desecrate","damage_taken":0,"max_hp_gain":0,"max_hp_loss":0,"event_name":"Golden Shrine","floor":2,"gold_loss":0,"cards_obtained":["Regret"]},{"damage_healed":0,"gold_gain":75,"player_choice":"Gather Gold","damage_taken":11,"max_hp_gain":0,"max_hp_loss":0,"event_name":"World of Goop","floor":4,"gold_loss":0},{"damage_healed":0,"gold_gain":175,"player_choice":"AGREE","damage_taken":0,"max_hp_gain":0,"max_hp_loss":0,"event_name":"Liars Game","floor":5,"gold_loss":0,"cards_obtained":["Doubt"]},{"damage_healed":0,"gold_gain":0,"player_choice":"Box","damage_taken":0,"relics_obtained":["TungstenRod"],"max_hp_gain":0,"max_hp_loss":0,"event_name":"Big Fish","floor":10,"gold_loss":0,"cards_obtained":["Regret"]},{"damage_healed":0,"gold_gain":0,"cards_transformed":["Defend_G"],"player_choice":"Transformed","damage_taken":0,"max_hp_gain":0,"max_hp_loss":0,"event_name":"Transmorgrifier","floor":11,"gold_loss":0,"cards_obtained":["Skewer"]},{"damage_healed":0,"gold_gain":0,"player_choice":"Success","damage_taken":3,"relics_obtained":["Pear"],"max_hp_gain":0,"max_hp_loss":0,"event_name":"Scrap Ooze","floor":12,"gold_loss":0}],"is_beta":false,"boss_relics":[],"items_purged_floors":[14],"is_endless":false,"potions_floor_spawned":[1,3,13],"killed_by":"The Guardian","ascension_level":2}}