{"host":"njruw0b0uprlitpx","time":1612421191,"event":{"mods":["2.2 Compatiblity","Aspiration","BaseMod","Better Altar","Better Match","Better Note","Better Sensory Stone","Better Skull","Better Third Choice","BetterRewards","Block Reminder","Colored Map","Colored Powertips","Downfall","Energized Spire","Jedi Mod","Keyboard Shortcuts","Minty Spire (QoL Compilation)","Quick Restart","Rare Cards Sparkle","Relic Stats","Replay The Spire","SacredBarkPlus","Spicy Shops","StSLib","SuperFastMode"],"gold_per_floor":[99,113,129,279,279,312,312,326,341,241,251,271,271,283,301,406,406,406,419,269,286,286,296,296,296],"floor_reached":23,"language":"ENG","playtime":2271,"items_purged":[],"score":207,"play_id":"91353a76-d48c-47af-b898-af7cf873d3e5","local_time":"20210204004631","is_ascension_mode":true,"campfire_choices":[{"floor":1,"key":"RECALL"},{"floor":10,"key":"REST"},{"floor":13,"key":"REST"},{"data":"bronze:Verify","floor":18,"key":"SMITH"}],"circlet_count":0,"master_deck":["bronze:Strike","bronze:Strike","bronze:Strike","bronze:Strike","bronze:Defend","bronze:Defend","bronze:Defend","bronze:Defend","bronze:Replicate","bronze:Goto","bronze:Assembly","bronze:CutThrough","bronze:BitShift","downfall:Icky","bronze:BronzeOrb","bronze:Flail","bronze:Verify+1","bronze:WhirlingStrike","bronze:Boost","bronze:BronzeArmor","bronze:Branch","bronze:ThunderWave","bronze:BronzeOrb+1","bronze:Iterate","Discovery+1"],"relics":["bronze:BronzeCore","Tiny Chest","hexamod:Sixitude","Replay:Accelerometer","downfall:HeartBlessingRed","Busted Crown"],"acts_visited":["Exordium","TheCity"],"potions_floor_usage":[16,16,16],"damage_taken":[{"damage":8,"enemies":"2 Louse","floor":2,"turns":3},{"damage":8,"enemies":"Cultist","floor":3,"turns":6},{"damage":37,"enemies":"3 Sentries","floor":6,"turns":13},{"damage":6,"enemies":"Small Slimes","floor":8,"turns":3},{"damage":0,"enemies":"Exordium Wildlife","floor":9,"turns":2},{"damage":12,"enemies":"Blue Slaver","floor":11,"turns":3},{"damage":0,"enemies":"3 Louse","floor":12,"turns":2},{"damage":5,"enemies":"Exordium Thugs","floor":14,"turns":3},{"damage":5,"enemies":"Large Slime","floor":15,"turns":4},{"damage":20,"enemies":"SI_SHIV_ARCHETYPE","floor":16,"turns":8},{"damage":21,"enemies":"Spheric Guardian","floor":19,"turns":4},{"damage":3,"enemies":"3 Byrds","floor":21,"turns":3},{"damage":23,"enemies":"Snecko","floor":23,"turns":5}],"seed_played":"4372466055223572372","potions_obtained":[{"floor":3,"key":"Doom Potion"},{"floor":6,"key":"Adrenaline Potion"},{"floor":11,"key":"GamblersBrew"},{"floor":14,"key":"BlessingOfTheForge"},{"floor":15,"key":"Languid Potion"},{"floor":21,"key":"hexamod:SoulburnPotion"}],"is_trial":false,"path_per_floor":["R","M","M","?","?","E","T","M","M","R","M","M","R","M","M","B",null,"R","M","?","M","?","M"],"character_chosen":"THE_AUTOMATON","items_purchased":[],"campfire_rested":2,"item_purchase_floors":[],"current_hp_per_floor":[70,62,54,54,54,17,17,11,11,32,20,20,41,36,31,11,70,70,49,80,77,77,54,54,54],"gold":296,"neow_bonus":"ONE_RANDOM_RARE_CARD","is_daily":false,"chose_seed":false,"campfire_upgraded":1,"win_rate":0.0,"timestamp":1612421191,"path_taken":["R","M","M","?","?","E","T","M","M","R","?","M","R","M","M","BOSS","R","M","?","M","?","M"],"items_purchased_type":[],"build_version":"2020-12-22","purchased_purges":0,"victory":false,"max_hp_per_floor":[70,70,70,70,70,70,70,70,70,70,70,70,70,70,70,70,70,70,70,80,80,80,80,80,80],"relic_stats":{"Busted Crown":6,"counters":[13,59],"Tiny Chest":0,"obtain_stats":[{"Replay:Accelerometer":7,"bronze:BronzeCore":0,"Busted Crown":17,"downfall:HeartBlessingRed":10,"hexamod:Sixitude":6,"Tiny Chest":5},{"Replay:Accelerometer":3,"bronze:BronzeCore":0,"Busted Crown":10,"downfall:HeartBlessingRed":5,"hexamod:Sixitude":3,"Tiny Chest":2},{"Replay:Accelerometer":22,"bronze:BronzeCore":0,"Busted Crown":47,"downfall:HeartBlessingRed":27,"hexamod:Sixitude":22,"Tiny Chest":9}]},"card_choices":[{"not_picked":["bronze:BugBarrage","bronze:DelayedSlice"],"picked":"bronze:CutThrough","floor":2},{"not_picked":["bronze:Deprecate","bronze:CutThrough"],"picked":"bronze:BitShift","floor":3},{"not_picked":["bronze:Shell","bronze:BugBarrage"],"picked":"bronze:BronzeOrb","floor":6},{"not_picked":["bronze:DelayedGuard","bronze:Shield"],"picked":"bronze:Flail","floor":8},{"not_picked":["bronze:Constructor","bronze:DelayedSlice"],"picked":"bronze:Verify","floor":9},{"not_picked":["bronze:Optimize","bronze:DelayedSlice"],"picked":"bronze:WhirlingStrike","floor":11},{"not_picked":["bronze:Frontload","bronze:Constructor"],"picked":"bronze:Boost","floor":12},{"not_picked":["bronze:FineTuning","bronze:Shield"],"picked":"bronze:BronzeArmor","floor":14},{"not_picked":["bronze:Flail","bronze:BitShift"],"picked":"bronze:Branch","floor":15},{"not_picked":["bronze:BurnOut","bronze:Verify"],"picked":"bronze:ThunderWave","floor":16},{"not_picked":[],"picked":"bronze:BronzeOrb+1","floor":19},{"not_picked":[],"picked":"bronze:Iterate","floor":21}],"player_experience":1499234,"relics_obtained":[{"floor":5,"key":"Tiny Chest"},{"floor":6,"key":"hexamod:Sixitude"},{"floor":7,"key":"Replay:Accelerometer"}],"event_choices":[{"damage_healed":0,"gold_gain":0,"player_choice":"Relic","damage_taken":0,"max_hp_gain":0,"max_hp_loss":0,"event_name":"Wheel of Change","floor":5,"gold_loss":0},{"cards_removed":["bronze:BronzeArmor"],"damage_healed":0,"gold_gain":0,"player_choice":"Take \u0026 Give","damage_taken":0,"max_hp_gain":0,"max_hp_loss":0,"event_name":"betterNote:BetterNote","floor":22,"gold_loss":0,"cards_obtained":["Discovery"]}],"is_beta":false,"boss_relics":[{"not_picked":["aspiration:SecretTechniqueScroll","energizedSpire:MagnifyingGlass"],"picked":"Busted Crown"}],"items_purged_floors":[],"is_endless":false,"potions_floor_spawned":[3,6,11,14,15,21],"killed_by":"Snecko","ascension_level":1}}