{"host":"ipy8buq3e4d47khg","time":1612402644,"event":{"mods":["BaseMod","Colored Map","Colored Powertips","Minty Spire (QoL Compilation)","Quick Restart","Replay The Spire","Shop Mod","StSLib"],"gold_per_floor":[129,187,187,187,243,314,237,291,291,3,51,83,83,108,147,180,180,301,301,314,169,199,298,213,288,288,288,288],"floor_reached":27,"language":"ENG","playtime":2783,"items_purged":[],"score":259,"play_id":"47a9a405-00ff-45b4-8930-9accf65572b2","local_time":"20210203173724","is_ascension_mode":true,"campfire_choices":[{"floor":9.0,"key":"REST"},{"floor":13.0,"key":"REST"},{"data":"Flame Barrier","floor":17.0,"key":"SMITH"}],"circlet_count":0,"master_deck":["Strike_R","Strike_R","Strike_R","Defend_R","Defend_R","Defend_R","Defend_R","Bash","HandOfGreed","Flame Barrier+1","Headbutt","Cleave","Body Slam","Ghostly Armor","HandOfGreed","Anger","Jack Of All Trades","Inflame","Cleave","Headbutt","Anger","Flex","HandOfGreed","Body Slam","Impervious","Metallicize"],"relics":["Black Blood","Replay:Rubber Ducky","Mercury Hourglass","Red Skull","Art of War","Lantern","DollysMirror","Unceasing Top","Replay:Bottled Flurry"],"acts_visited":["Exordium","TheCity"],"potions_floor_usage":[27],"damage_taken":[{"damage":3.0,"enemies":"Cultist","floor":1.0,"turns":6.0},{"damage":0.0,"enemies":"Small Slimes","floor":5.0,"turns":4.0},{"damage":5.0,"enemies":"Lagavulin","floor":8.0,"turns":6.0},{"damage":30.0,"enemies":"Gremlin Nob","floor":12.0,"turns":4.0},{"damage":9.0,"enemies":"Replay:BlueRogue","floor":14.0,"turns":3.0},{"damage":11.0,"enemies":"Jaw Worm","floor":15.0,"turns":3.0},{"damage":0.0,"enemies":"Gremlin Gang","floor":16.0,"turns":3.0},{"damage":21.0,"enemies":"Hexaghost","floor":18.0,"turns":7.0},{"damage":14.0,"enemies":"Spheric Guardian","floor":20.0,"turns":5.0},{"damage":15.0,"enemies":"2 Thieves","floor":22.0,"turns":4.0},{"damage":38,"enemies":"Slavers","floor":25,"turns":6},{"damage":49,"enemies":"Gremlin Leader","floor":27,"turns":7}],"seed_played":"8814355932059890676","potions_obtained":[{"floor":5.0,"key":"Adrenaline Potion"},{"floor":6.0,"key":"Adrenaline Potion"},{"floor":6.0,"key":"AttackPotion"},{"floor":12.0,"key":"BlessingOfTheForge"},{"floor":14.0,"key":"Energy Potion"},{"floor":16.0,"key":"LifebloodPotion"},{"floor":18.0,"key":"Dexterity Potion"}],"is_trial":false,"path_per_floor":["M","?","PTL","PTL","M","?","$","E","R","$","T","E","R","E","M","M","R","B",null,"M","$","M","?","?","E","?","E"],"character_chosen":"IRONCLAD","items_purchased":["Cleave","Body Slam","HandOfGreed","Anger","Jack Of All Trades","DollysMirror"],"campfire_rested":2,"item_purchase_floors":[7,7,10,10,10,21],"current_hp_per_floor":[59,59,59,59,65,33,33,34,58,58,58,34,58,55,50,56,56,41,80,78,78,75,75,75,49,49,0,0],"gold":288,"neow_bonus":"RANDOM_COLORLESS_2","is_daily":false,"chose_seed":false,"campfire_upgraded":1,"win_rate":0.0,"timestamp":1612402644,"path_taken":["M","?","PTL","PTL","M","?","?","E","R","$","T","E","R","E","?","M","R","BOSS","M","$","M","?","?","E","?","E"],"items_purchased_type":["Card","Card","Card","Card","Card","Relic"],"build_version":"2020-12-22","purchased_purges":0,"victory":false,"max_hp_per_floor":[80,80,80,80,80,80,80,80,80,80,80,80,80,80,80,80,80,80,80,80,80,80,80,80,80,80,80,80],"card_choices":[{"not_picked":["Midas Touch","ReplayUltimateDefense"],"picked":"HandOfGreed","floor":0.0},{"not_picked":["Pommel Strike","True Grit"],"picked":"Flame Barrier","floor":1.0},{"not_picked":["ReplayTheSpireMod:Corrosion Curse","Heavy Blade","ReplayTheSpireMod:Strike From Hell"],"picked":"SKIP","floor":5.0},{"not_picked":["Life Link","Iron Wave"],"picked":"Headbutt","floor":6.0},{"not_picked":["Life Link","Massacre"],"picked":"Ghostly Armor","floor":8.0},{"not_picked":["Dark Embrace","Wild Strike"],"picked":"Inflame","floor":12.0},{"not_picked":["Reckless Charge","Searing Blow"],"picked":"Cleave","floor":14.0},{"not_picked":["Combust","Demonic Infusion"],"picked":"Headbutt","floor":15.0},{"not_picked":["Pommel Strike","Clothesline"],"picked":"Anger","floor":16.0},{"not_picked":["Armaments","Thunderclap"],"picked":"Flex","floor":20.0},{"not_picked":["Cleave","Shrug It Off"],"picked":"Body Slam","floor":22.0},{"not_picked":["Berserk","Heavy Blade","ReplayTheSpireMod:Strike From Hell+1"],"picked":"SKIP","floor":25}],"player_experience":211668,"relics_obtained":[{"floor":6.0,"key":"Replay:Rubber Ducky"},{"floor":8.0,"key":"Mercury Hourglass"},{"floor":11.0,"key":"Red Skull"},{"floor":12.0,"key":"Art of War"},{"floor":14.0,"key":"Lantern"},{"floor":25,"key":"Replay:Bottled Flurry"}],"event_choices":[{"damage_healed":0.0,"max_hp_gain":0.0,"max_hp_loss":0.0,"gold_gain":58.0,"event_name":"Golden Wing","player_choice":"Gained Gold","floor":2.0,"gold_loss":0.0,"damage_taken":0.0},{"damage_healed":0.0,"max_hp_gain":0.0,"max_hp_loss":0.0,"gold_gain":99.0,"event_name":"Nest","player_choice":"Stole From Cult","floor":23.0,"gold_loss":0.0,"damage_taken":0.0},{"damage_healed":0.0,"max_hp_gain":0.0,"max_hp_loss":0.0,"gold_gain":0.0,"event_name":"Addict","player_choice":"Obtained Relic","floor":24.0,"gold_loss":85.0,"damage_taken":0.0,"relics_obtained":["Unceasing Top"]},{"damage_healed":0,"gold_gain":0,"cards_transformed":["Strike_R","Strike_R"],"player_choice":"Became Test Subject","damage_taken":0,"max_hp_gain":0,"max_hp_loss":0,"event_name":"Drug Dealer","floor":26,"gold_loss":0,"cards_obtained":["Impervious","Metallicize"]}],"is_beta":false,"boss_relics":[{"not_picked":["SacredBark","Replay:Drink Me"],"picked":"Black Blood"}],"items_purged_floors":[],"is_endless":false,"potions_floor_spawned":[5,12,14,16,18],"killed_by":"Gremlin Leader","ascension_level":1}}