{"host":"k85tjwrh7mjrrc9a","time":1612477421,"event":{"mods":["AchievementEnabler","BaseMod","Colored Powertips","Highlight Path","Minty Spire (QoL Compilation)","Rare Cards Sparkle","StSLib"],"gold_per_floor":[114,114,170,320,320,320,187,222,276,276,292,311,325,341,341,341,341],"floor_reached":16,"language":"ENG","playtime":599,"items_purged":["Regret"],"score":190,"play_id":"96f7abf0-6763-46cd-be64-8b6f662b6b2d","local_time":"20210204172341","is_ascension_mode":true,"campfire_choices":[{"data":"Bash","floor":6,"key":"SMITH"},{"floor":15,"key":"REST"}],"circlet_count":0,"master_deck":["AscendersBane","Strike_R","Strike_R","Strike_R","Strike_R","Strike_R","Defend_R","Defend_R","Defend_R","Defend_R","Bash+1","Clothesline","Doubt","Armaments","Double Tap","Hemokinesis","Thunderclap","Iron Wave","Cleave","Spot Weakness","Heavy Blade"],"relics":["Burning Blood","Happy Flower","Regal Pillow","Dream Catcher","PreservedInsect"],"acts_visited":["Exordium"],"potions_floor_usage":[14,16],"damage_taken":[{"damage":22,"enemies":"Small Slimes","floor":1,"turns":4},{"damage":42,"enemies":"Gremlin Nob","floor":8,"turns":5},{"damage":2,"enemies":"2 Louse","floor":11,"turns":2},{"damage":1,"enemies":"Cultist","floor":12,"turns":3},{"damage":12,"enemies":"3 Louse","floor":13,"turns":3},{"damage":17,"enemies":"Large Slime","floor":14,"turns":6},{"damage":54,"enemies":"The Guardian","floor":16,"turns":6}],"seed_played":"-2763368530170332025","potions_obtained":[{"floor":11,"key":"EssenceOfSteel"},{"floor":14,"key":"SteroidPotion"}],"is_trial":false,"path_per_floor":["M","?","?","?","?","R","$","E","T","?","M","M","M","M","R","B"],"character_chosen":"IRONCLAD","items_purchased":["Armaments"],"campfire_rested":1,"item_purchase_floors":[7],"current_hp_per_floor":[52,52,52,52,52,52,52,16,16,16,20,25,19,8,45,0,0],"gold":341,"neow_bonus":"RANDOM_COMMON_RELIC","is_daily":false,"chose_seed":false,"campfire_upgraded":1,"win_rate":0.0,"timestamp":1612477421,"path_taken":["M","?","?","?","?","R","$","E","T","?","M","M","M","M","R","BOSS"],"items_purchased_type":["Card"],"build_version":"2020-12-22","purchased_purges":1,"victory":false,"max_hp_per_floor":[75,75,75,75,75,75,75,75,75,75,75,75,75,75,75,75,75],"card_choices":[{"not_picked":["True Grit","Havoc"],"picked":"Clothesline","floor":1},{"not_picked":["Fire Breathing","Seeing Red","Blood for Blood"],"picked":"SKIP","floor":8},{"not_picked":["Dropkick","Havoc"],"picked":"Thunderclap","floor":11},{"not_picked":["Feed","Warcry"],"picked":"Iron Wave","floor":12},{"not_picked":["Rampage","Sever Soul"],"picked":"Cleave","floor":13},{"not_picked":["Heavy Blade","Reckless Charge"],"picked":"Spot Weakness","floor":14},{"not_picked":["Flex","Bloodletting"],"picked":"Heavy Blade","floor":15}],"player_experience":253308,"relics_obtained":[{"floor":8,"key":"Dream Catcher"},{"floor":9,"key":"PreservedInsect"}],"event_choices":[{"damage_healed":0,"gold_gain":0,"player_choice":"Box","damage_taken":0,"relics_obtained":["Regal Pillow"],"max_hp_gain":0,"max_hp_loss":0,"event_name":"Big Fish","floor":2,"gold_loss":0,"cards_obtained":["Regret"]},{"damage_healed":0,"gold_gain":56,"player_choice":"Gained Gold","damage_taken":0,"max_hp_gain":0,"max_hp_loss":0,"event_name":"Golden Wing","floor":3,"gold_loss":0},{"damage_healed":0,"gold_gain":150,"player_choice":"AGREE","damage_taken":0,"max_hp_gain":0,"max_hp_loss":0,"event_name":"Liars Game","floor":4,"gold_loss":0,"cards_obtained":["Doubt"]},{"damage_healed":0,"gold_gain":0,"player_choice":"Leave","damage_taken":0,"max_hp_gain":0,"max_hp_loss":0,"event_name":"The Cleric","floor":5,"gold_loss":0},{"damage_healed":0,"gold_gain":0,"player_choice":"2 cards matched","damage_taken":0,"max_hp_gain":0,"max_hp_loss":0,"event_name":"Match and Keep!","floor":10,"gold_loss":0,"cards_obtained":["Double Tap","Hemokinesis"]}],"is_beta":false,"boss_relics":[],"items_purged_floors":[7],"is_endless":false,"potions_floor_spawned":[11,14],"killed_by":"The Guardian","ascension_level":18}}