{"host":"yfdtuf6ojcxn06xg","time":1612480575,"event":{"mods":["2.2 Compatiblity","AchievementEnabler","BaseMod","Colored Map","Colored Powertips","Curses Come First","Hermit","JesterMod","Jorbs\u0027s Wanderer Trilogy","Minty Spire (QoL Compilation)","Quick Restart","Rare Cards Sparkle","Relic Stats","Replay The Spire","StSLib","The Cursed","The Disciple","The Hierophant","The Jungle","The Marked","The Necromancer","The Servant 0.9.4"],"gold_per_floor":[117,150,150,165,176,176,206,206,206,234,234,257,18,31,31,131,131,150,6,106,126,37,67,67,93,93,93,93,93,107,120,120,220,220,234,36,48,48,61,90,0,0,48,58,58,108,118,148,148,148],"floor_reached":51,"language":"ENG","playtime":2249,"items_purged":[],"score":1121,"play_id":"74cc6fe5-3b49-4b33-a791-f14110f7b062","local_time":"20210204181615","is_ascension_mode":true,"campfire_choices":[{"floor":6.0,"key":"REST"},{"data":"Metallicize","floor":11.0,"key":"SMITH"},{"data":"Warcry","floor":11.0,"key":"SMITH"},{"data":"Flex","floor":15.0,"key":"SMITH"},{"data":"Bash","floor":15.0,"key":"SMITH"},{"data":"Battle Trance","floor":24.0,"key":"SMITH"},{"data":"Cleave","floor":24.0,"key":"SMITH"},{"floor":29,"key":"REST"},{"data":"ReplayTheSpireMod:Muscle Training","floor":32,"key":"SMITH"},{"data":"Replay:Sssssssssshield","floor":32,"key":"SMITH"},{"data":"Havoc","floor":45,"key":"SMITH"},{"data":"Sadistic Nature","floor":45,"key":"SMITH"},{"data":"Impervious","floor":49,"key":"SMITH"},{"data":"Exhume","floor":49,"key":"SMITH"}],"circlet_count":0,"master_deck":["Strike_R","Strike_R","Strike_R","Defend_R","Defend_R","Defend_R","Defend_R","Bash+1","Replay:Undeath\u0027s Touch+1","Iron Wave+1","Flex+1","Metallicize+1","Battle Trance+1","Cleave+1","Warcry+1","Evolve","Immolate+1","Havoc+1","Purity","Reaper+1","Impervious+1","Replay:Sssssssssshield+1","Anger+1","ReplayTheSpireMod:Muscle Training+1","Exhume+1","Shrug It Off+1","Sadistic Nature+1","Feel No Pain+1","Sword Boomerang+1","Havoc+1","Shrug It Off+1","Headbutt+1","Body Slam+1"],"relics":["Burning Blood","Pondfish Scales","Replay:Arrowhead","Ice Cream","Potion Belt","MealTicket","Molten Egg 2","Mark of Pain","Brimstone","Ancient Tea Set","Onion Ring","Letter Opener","Philosopher\u0027s Stone","Paper Frog","Red Mask","Omamori","Lizard Tail","Juzu Bracelet"],"acts_visited":["Exordium","TheCity","TheBeyond"],"potions_floor_usage":[30,33,40,44,48,50,50,50],"damage_taken":[{"damage":2.0,"enemies":"Jaw Worm","floor":1.0,"turns":3.0},{"damage":0.0,"enemies":"2 Louse","floor":4.0,"turns":3.0},{"damage":0.0,"enemies":"Cultist","floor":5.0,"turns":3.0},{"damage":16.0,"enemies":"3 Sentries","floor":7.0,"turns":10.0},{"damage":11.0,"enemies":"Gremlin Nob","floor":10.0,"turns":5.0},{"damage":6.0,"enemies":"Looter","floor":14.0,"turns":3.0},{"damage":41.0,"enemies":"The Guardian","floor":16.0,"turns":11.0},{"damage":16.0,"enemies":"2 Thieves","floor":18.0,"turns":3.0},{"damage":20.0,"enemies":"Shell Parasite","floor":21.0,"turns":4.0},{"damage":37.0,"enemies":"Gremlin Leader","floor":23.0,"turns":4.0},{"damage":32.0,"enemies":"Slavers","floor":25.0,"turns":4.0},{"damage":12,"enemies":"Snake Plant","floor":30,"turns":1},{"damage":30,"enemies":"Centurion and Healer","floor":31,"turns":3},{"damage":6,"enemies":"Pondfish","floor":33,"turns":7},{"damage":21,"enemies":"3 Darklings","floor":35,"turns":3},{"damage":11,"enemies":"3 Shapes","floor":37,"turns":2},{"damage":21,"enemies":"Sphere and 2 Shapes","floor":39,"turns":3},{"damage":0,"enemies":"Nemesis","floor":40,"turns":5},{"damage":14,"enemies":"Jaw Worm Horde","floor":44,"turns":4},{"damage":42,"enemies":"Mind Bloom Boss Battle","floor":46,"turns":4},{"damage":1,"enemies":"Transient","floor":47,"turns":5},{"damage":0,"enemies":"R_Hoarder","floor":48,"turns":5},{"damage":51,"enemies":"Time Eater","floor":50,"turns":9}],"seed_played":"5673215744901111219","potions_obtained":[{"floor":4.0,"key":"BlessingOfTheForge"},{"floor":7.0,"key":"Weak Potion"},{"floor":10.0,"key":"Milkshake"},{"floor":16.0,"key":"LifebloodPotion"},{"floor":25,"key":"Death Potion"},{"floor":31,"key":"FearPotion"},{"floor":33,"key":"Venom Potion"},{"floor":37,"key":"SteroidPotion"},{"floor":44,"key":"Explosive Potion"},{"floor":46,"key":"LifebloodPotion"},{"floor":47,"key":"LiquidBronze"},{"floor":48,"key":"ElixirPotion"}],"is_trial":false,"path_per_floor":["M","?","?","M","M","R","E","?","T","E","R","T","$","M","R","B",null,"M","$","?","M","$","E","R","E","T","?","?","R","M","M","R","B",null,"M","$","M","?","M","E","?","?","T","M","R","?","M","E","R","B",null],"character_chosen":"IRONCLAD","items_purchased":["Molten Egg 2","Brimstone","Purity","Sadistic Nature","Feel No Pain"],"campfire_rested":2,"item_purchase_floors":[13,19,22,36,36],"current_hp_per_floor":[80,48,32,38,44,68,58,58,58,53,53,53,68,68,68,33,80,70,80,80,66,80,49,49,46,46,46,34,58,52,56,56,80,80,80,80,75,75,60,78,78,78,78,72,72,68,80,80,80,35],"gold":148,"neow_bonus":"THREE_CARDS","is_daily":false,"chose_seed":false,"campfire_upgraded":12,"win_rate":0.0,"timestamp":1612480575,"path_taken":["M","?","?","M","M","R","E","?","T","E","R","?","$","M","R","BOSS","M","$","?","?","$","E","R","E","T","?","?","R","?","?","R","BOSS","M","$","M","?","?","E","?","?","T","M","R","?","M","E","R","BOSS"],"items_purchased_type":["Relic","Relic","Card","Card","Card"],"build_version":"2020-12-22","purchased_purges":0,"victory":true,"max_hp_per_floor":[80,80,80,80,80,80,80,80,80,80,80,80,80,80,80,80,80,80,80,80,80,80,80,80,80,80,80,80,80,80,80,80,80,80,80,80,80,80,80,80,80,80,80,80,80,80,80,80,80,80],"relic_stats":{"Lizard Tail":0,"counters":[23,104],"MealTicket":39,"Juzu Bracelet":0,"Letter Opener":[135],"obtain_stats":[{"Ice Cream":9,"Potion Belt":10,"Omamori":43,"Juzu Bracelet":48,"Letter Opener":26,"Ancient Tea Set":23,"Burning Blood":0,"Replay:Arrowhead":7,"Pondfish Scales":2,"Lizard Tail":46,"Brimstone":19,"MealTicket":12,"Molten Egg 2":13,"Onion Ring":25,"Philosopher\u0027s Stone":34,"Mark of Pain":17,"Red Mask":41,"Paper Frog":40},{"Ice Cream":4,"Potion Belt":5,"Omamori":18,"Juzu Bracelet":22,"Letter Opener":11,"Ancient Tea Set":10,"Burning Blood":0,"Replay:Arrowhead":4,"Pondfish Scales":1,"Lizard Tail":20,"Brimstone":8,"MealTicket":5,"Molten Egg 2":5,"Onion Ring":11,"Philosopher\u0027s Stone":14,"Mark of Pain":7,"Red Mask":18,"Paper Frog":18},{"Ice Cream":19,"Potion Belt":24,"Omamori":77,"Juzu Bracelet":95,"Letter Opener":53,"Ancient Tea Set":49,"Burning Blood":0,"Replay:Arrowhead":19,"Pondfish Scales":3,"Lizard Tail":85,"Brimstone":41,"MealTicket":24,"Molten Egg 2":24,"Onion Ring":53,"Philosopher\u0027s Stone":64,"Mark of Pain":38,"Red Mask":77,"Paper Frog":77}],"Burning Blood":116},"card_choices":[{"not_picked":["Perfected Strike","Metallicize"],"picked":"Replay:Undeath\u0027s Touch","floor":0.0},{"not_picked":["Dual Wield","Armaments"],"picked":"Iron Wave","floor":1.0},{"not_picked":["Disarm","Run Through"],"picked":"Flex","floor":2.0},{"not_picked":["Flex","Rampage"],"picked":"Metallicize","floor":4.0},{"not_picked":["Rupture","Clash"],"picked":"Battle Trance","floor":5.0},{"not_picked":["ReplayTheSpireMod:Strike From Hell","Fiend Fire"],"picked":"Cleave","floor":7.0},{"not_picked":["True Grit","Searing Blow"],"picked":"Warcry","floor":10.0},{"not_picked":["Burning Pact","Clash+1"],"picked":"Evolve","floor":14.0},{"not_picked":["Replay:Many Hands","Hemogenesis+1"],"picked":"Immolate+1","floor":16.0},{"not_picked":["Body Slam+1","Perfected Strike+1","Run Through+1"],"picked":"SKIP","floor":18.0},{"not_picked":["Power Through","Perfected Strike+1"],"picked":"Havoc","floor":21.0},{"not_picked":["ReplayTheSpireMod:Corrosion Curse+1","Thunderclap+1"],"picked":"Reaper+1","floor":23.0},{"not_picked":["Flex","ReplayTheSpireMod:LeadingStrike+1"],"picked":"Impervious","floor":25},{"not_picked":["Entrench+1","Cleave+1"],"picked":"Anger+1","floor":30},{"not_picked":["True Grit","Twin Strike+1"],"picked":"ReplayTheSpireMod:Muscle Training","floor":31},{"not_picked":["Juggernaut","Double Tap"],"picked":"Exhume","floor":33},{"not_picked":["ReplayTheSpireMod:Limb From Limb+1","Clash+1"],"picked":"Shrug It Off+1","floor":35},{"not_picked":["Clash+1","Iron Wave+1"],"picked":"Sword Boomerang+1","floor":37},{"not_picked":["ReplayTheSpireMod:LeadingStrike+1","Clothesline+1"],"picked":"Havoc+1","floor":39},{"not_picked":["Sword Boomerang+1","Demonic Infusion"],"picked":"Shrug It Off+1","floor":40},{"not_picked":["Wild Strike+1","Life Link+1","Heavy Blade+1"],"picked":"SKIP","floor":44},{"not_picked":["Iron Wave+1","Armaments"],"picked":"Headbutt+1","floor":47},{"not_picked":["ReplayTheSpireMod:LeadingStrike+1","Iron Wave+1"],"picked":"Body Slam+1","floor":48}],"player_experience":247972,"relics_obtained":[{"floor":2.0,"key":"Pondfish Scales"},{"floor":7.0,"key":"Replay:Arrowhead"},{"floor":9.0,"key":"Ice Cream"},{"floor":10.0,"key":"Potion Belt"},{"floor":12.0,"key":"MealTicket"},{"floor":23.0,"key":"Ancient Tea Set"},{"floor":25,"key":"Onion Ring"},{"floor":26,"key":"Letter Opener"},{"floor":40,"key":"Paper Frog"},{"floor":43,"key":"Omamori"},{"floor":46,"key":"Lizard Tail"},{"floor":48,"key":"Juzu Bracelet"}],"event_choices":[{"damage_healed":0.0,"max_hp_gain":0.0,"max_hp_loss":0.0,"gold_gain":0.0,"event_name":"Shining Light","player_choice":"Entered Light","floor":3.0,"gold_loss":0.0,"damage_taken":16.0,"cards_upgraded":["Replay:Undeath\u0027s Touch","Iron Wave"]},{"cards_removed":["Strike_R"],"damage_healed":0.0,"max_hp_gain":0.0,"max_hp_loss":0.0,"gold_gain":0.0,"event_name":"Living Wall","player_choice":"Forget","floor":8.0,"gold_loss":0.0,"damage_taken":0.0},{"damage_healed":0.0,"max_hp_gain":0.0,"max_hp_loss":0.0,"gold_gain":100.0,"event_name":"Golden Shrine","player_choice":"Pray","floor":20.0,"gold_loss":0.0,"damage_taken":0.0},{"cards_removed":["Strike_R"],"damage_healed":0,"gold_gain":0,"player_choice":"Elegance","damage_taken":0,"max_hp_gain":0,"max_hp_loss":0,"event_name":"Back to Basics","floor":27,"gold_loss":0},{"damage_healed":0,"gold_gain":0,"player_choice":"CARD ","damage_taken":12,"max_hp_gain":0,"max_hp_loss":0,"event_name":"Knowing Skull","floor":28,"potions_obtained":[],"gold_loss":0,"cards_obtained":["Replay:Sssssssssshield"]},{"damage_healed":0,"gold_gain":0,"player_choice":"Forge","damage_taken":0,"max_hp_gain":0,"max_hp_loss":0,"event_name":"Accursed Blacksmith","floor":38,"gold_loss":0,"cards_upgraded":["Feel No Pain"]},{"damage_healed":0,"gold_gain":0,"player_choice":"Paid","damage_taken":0,"relics_obtained":["Red Mask"],"max_hp_gain":0,"max_hp_loss":0,"event_name":"Tomb of Lord Red Mask","floor":41,"gold_loss":90},{"damage_healed":0,"gold_gain":0,"player_choice":"Fight","damage_taken":0,"max_hp_gain":0,"max_hp_loss":0,"event_name":"MindBloom","floor":46,"gold_loss":0}],"is_beta":false,"boss_relics":[{"not_picked":["ReplayTheSpireMod:DimensionalGlitch","Painkiller Herb"],"picked":"Mark of Pain"},{"not_picked":["Ring of Chaos","Replay:Ancient Bell"],"picked":"Philosopher\u0027s Stone"}],"items_purged_floors":[],"is_endless":false,"potions_floor_spawned":[4,7,10,16,25,31,33,37,44,46,47,48],"ascension_level":2}}