{"host":"xltl1aroowo69o4n","time":1612408466,"event":{"mods":["BaseMod","Colored Map","Colored Powertips","Downfall","Marisa????????","Minty Spire (QoL Compilation)","StSLib","The Cursed","The Hierophant","The Mystic","The Necromancer"],"gold_per_floor":[99,109,109,4,4,20,20,38,51,86,86,99,77,96,112,112,112],"floor_reached":16,"language":"ENG","playtime":1161,"items_purged":[],"score":104,"play_id":"426e4ca8-ccc4-4468-9cd4-1491ee0d29e0","local_time":"20210203221426","is_ascension_mode":false,"campfire_choices":[{"floor":1.0,"key":"RECALL"},{"data":"1","floor":11.0,"key":"LIFT"}],"circlet_count":0,"master_deck":["Strike_MRS","Strike_MRS","Strike_MRS","Strike_MRS","Defend_MRS","Defend_MRS","Defend_MRS","Defend_MRS","MasterSpark","UpSweep","JA","FairyDestructionRay","ChargeUpSpray","expansioncontent:PolyBeam","ShootingEcho","OortCloud","MagicChant","GravityBeat","WitchOfGreed","AsteroidBelt","GalacticHalo","DC","TreasureHunter"],"relics":["MiniHakkero","downfall:BrokenWingStatue","Anchor","Girya","Bottled Flame"],"acts_visited":["Exordium"],"potions_floor_usage":[],"damage_taken":[{"damage":7.0,"enemies":"2 Louse","floor":2.0,"turns":3.0},{"damage":2.0,"enemies":"downfall:FleeingMerchant","floor":4.0,"turns":4.0},{"damage":0.0,"enemies":"Jaw Worm","floor":6.0,"turns":3.0},{"damage":0.0,"enemies":"Small Slimes","floor":8.0,"turns":2.0},{"damage":0.0,"enemies":"Blue Slaver","floor":9.0,"turns":3.0},{"damage":17.0,"enemies":"Gremlin Nob","floor":10.0,"turns":4.0},{"damage":0.0,"enemies":"3 Louse","floor":12.0,"turns":1.0},{"damage":9.0,"enemies":"downfall:FleeingMerchant","floor":13.0,"turns":4.0},{"damage":1.0,"enemies":"Exordium Thugs","floor":14.0,"turns":3.0},{"damage":0.0,"enemies":"Blue Slaver","floor":15.0,"turns":2.0},{"damage":33,"enemies":"SI_SHIV_ARCHETYPE","floor":16,"turns":10}],"seed_played":"7366922344547427304","potions_obtained":[{"floor":2.0,"key":"EssenceOfSteel"},{"floor":9.0,"key":"FearPotion"},{"floor":12.0,"key":"ShroomBrew"}],"is_trial":false,"path_per_floor":["R","M","?","$","?","M","T","M","M","E","R","M","$","M","M","B"],"character_chosen":"MARISA","items_purchased":["expansioncontent:PolyBeam","GalacticHalo"],"campfire_rested":0,"item_purchase_floors":[4,13],"current_hp_per_floor":[68,61,61,59,52,52,52,52,52,35,35,35,26,25,25,0,0],"gold":112,"neow_bonus":"THREE_RARE_CARDS","is_daily":false,"chose_seed":false,"campfire_upgraded":0,"win_rate":0.0,"timestamp":1612408466,"path_taken":["R","M","?","$","?","?","T","M","M","E","R","M","$","M","M","BOSS"],"items_purchased_type":["Card","Card"],"build_version":"2020-12-13","purchased_purges":0,"victory":false,"max_hp_per_floor":[68,68,68,68,68,68,68,68,68,68,68,68,68,68,68,68,68],"card_choices":[{"not_picked":["BigCrunch","SatelliteIllusion"],"picked":"JA","floor":0.0},{"not_picked":["MilkyWay","UnstableBomb"],"picked":"FairyDestructionRay","floor":2.0},{"not_picked":["SporeBomb","DoubleSpark"],"picked":"ChargeUpSpray","floor":4.0},{"not_picked":["NonDirectionalLaser","WitchOfGreed"],"picked":"ShootingEcho","floor":6.0},{"not_picked":["StarlightTyphoon","Orbital"],"picked":"OortCloud","floor":8.0},{"not_picked":["SuperNova","DoubleSpark"],"picked":"MagicChant","floor":9.0},{"not_picked":["PulseMagic","DC"],"picked":"GravityBeat","floor":10.0},{"not_picked":["NonDirectionalLaser","LuminesStrike"],"picked":"WitchOfGreed","floor":12.0},{"not_picked":["GravityBeat","OortCloud"],"picked":"AsteroidBelt","floor":13.0},{"not_picked":["EventHorizon","AsteroidBelt"],"picked":"DC","floor":14.0},{"not_picked":["DoubleSpark","6A"],"picked":"TreasureHunter","floor":15}],"player_experience":121363,"relics_obtained":[{"floor":7.0,"key":"Girya"},{"floor":10.0,"key":"Bottled Flame"}],"event_choices":[{"damage_healed":0.0,"max_hp_gain":0.0,"max_hp_loss":0.0,"gold_gain":0.0,"event_name":"Scrap Ooze","player_choice":"Success","floor":5.0,"gold_loss":0.0,"damage_taken":7.0,"relics_obtained":["Anchor"]}],"is_beta":false,"boss_relics":[],"items_purged_floors":[],"is_endless":false,"potions_floor_spawned":[2,9,12],"killed_by":"SI_SHIV_ARCHETYPE","ascension_level":0}}