{"host":"ceheqh86fk4eo7wc","time":1612462158,"event":{"mods":["Aspiration","BaseMod","BetterRewards","Conspire","Downfall","Hermit","Hubris","Infinite Spire","Marisa????????","Minty Spire (QoL Compilation)","READ ME - Snecko Mod","Replay The Spire","StSLib","The Administrix","The Animator","The Cursed","The Poker Player","The Servant 0.9.4","slay the spire mod where everything is the same but ironclad has a cowboy hat"],"gold_per_floor":[113,139,151,166,113,145,145,145,145,145,159,209,209,53,53,151,151,164,164,164],"floor_reached":19,"language":"ENG","playtime":843,"items_purged":["Decay"],"score":165,"play_id":"20f37d97-ee98-47c8-b7df-dee6a2c1b505","local_time":"20210204100918","is_ascension_mode":false,"campfire_choices":[{"data":"Clothesline","floor":8,"key":"SMITH"},{"data":"Twin Strike","floor":10,"key":"SMITH"}],"circlet_count":0,"master_deck":["Twin Strike+1","Sword Boomerang","Clothesline+1","Replay:Undeath\u0027s Touch","Armaments","ReplayTheSpireMod:Stacked","Hallucinations","CurseOfTheBell","CurseOfTheBell","Impervious+1","Reaper+1","Feed+1","Rage","Juggernaut+1","Dark Embrace","Heavy Blade","ReplayTheSpireMod:LeadingStrike","Sword Boomerang","Cleave","Pummel","Body Slam","Decay","conspire:Charge"],"relics":["Burning Blood","NeowsBlessing","infinitespire:PuzzleCube","infinitespire:Joker Card","hubris:Towel","StoneCalendar","Ring of Greed","Ring of Panic","Tiny Chest","Golden Egg","downfall:ExtraCursedBell","aspiration:HiddenCompartment","InkBottle","conspire:GlowingRock","Pandora\u0027s Box"],"acts_visited":["Exordium","TheCity"],"potions_floor_usage":[6,16,16],"damage_taken":[{"damage":0,"enemies":"Cultist","floor":1,"turns":1},{"damage":0,"enemies":"Jaw Worm","floor":3,"turns":1},{"damage":0,"enemies":"2 Louse","floor":4,"turns":1},{"damage":13,"enemies":"Gremlin Nob","floor":6,"turns":4},{"damage":11,"enemies":"Large Slime","floor":11,"turns":7},{"damage":54,"enemies":"The Guardian","floor":16,"turns":10},{"damage":49,"enemies":"3 Byrds","floor":18,"turns":7},{"damage":0,"enemies":"Spheric Guardian","floor":19,"turns":1}],"seed_played":"-5874293193051755574","potions_obtained":[{"floor":3,"key":"Strength Potion"},{"floor":6,"key":"Block Potion"},{"floor":11,"key":"Energy Potion"}],"is_trial":false,"path_per_floor":["M","T","M","M","$","E","?","R","T","R","M","?","?","$","R","B",null,"M","M"],"character_chosen":"IRONCLAD","items_purchased":["Replay:Undeath\u0027s Touch","Impervious"],"campfire_rested":0,"item_purchase_floors":[5,14],"current_hp_per_floor":[80,80,80,80,80,73,73,73,73,73,68,68,73,73,73,30,85,46,46,46],"gold":164,"neow_bonus":"THREE_ENEMY_KILL","is_daily":false,"chose_seed":false,"campfire_upgraded":2,"win_rate":0.0,"timestamp":1612462158,"path_taken":["M","?","M","M","$","E","?","R","T","R","M","?","?","?","R","BOSS","M","M"],"items_purchased_type":["Card","Card"],"build_version":"2020-12-22","purchased_purges":1,"victory":false,"max_hp_per_floor":[80,80,80,80,80,80,80,80,80,80,80,80,85,85,85,85,85,89,89,89],"card_choices":[{"not_picked":["Rampage","Run Through"],"picked":"Twin Strike","floor":1},{"not_picked":["Evolve","infinitespire:OneForAll"],"picked":"Sword Boomerang","floor":3},{"not_picked":["Body Slam","Thunderclap"],"picked":"Clothesline","floor":4},{"not_picked":["Entrench","True Grit"],"picked":"Armaments","floor":6},{"not_picked":["True Grit","Shrug It Off"],"picked":"ReplayTheSpireMod:Stacked","floor":11},{"not_picked":["Demonic Infusion","Replay:Many Hands"],"picked":"Feed","floor":16},{"not_picked":["Body Slam+1","Fire Breathing+1"],"picked":"conspire:Charge","floor":18}],"player_experience":61038,"relics_obtained":[{"floor":2,"key":"infinitespire:PuzzleCube"},{"floor":6,"key":"infinitespire:Joker Card"},{"floor":9,"key":"StoneCalendar"},{"floor":12,"key":"Ring of Greed"},{"floor":12,"key":"Ring of Panic"},{"floor":12,"key":"Tiny Chest"},{"floor":12,"key":"Golden Egg"},{"floor":13,"key":"aspiration:HiddenCompartment"},{"floor":13,"key":"InkBottle"},{"floor":13,"key":"conspire:GlowingRock"}],"event_choices":[],"is_beta":false,"boss_relics":[{"not_picked":["Snecko Eye","infinitespire:Cupcake"],"picked":"Pandora\u0027s Box"}],"items_purged_floors":[14],"is_endless":false,"potions_floor_spawned":[3,6,11],"killed_by":"Spheric Guardian","ascension_level":0}}