{"host":"nb3r5a3er9rrnn3n","time":1612434016,"event":{"mods":["BaseMod","Colored Map","Downfall","Minty Spire (QoL Compilation)","Spire Arcade","StSLib"],"gold_per_floor":[99,114,128,15,15,15,15,15,45,30,55,65,65,97,115,210,210,110,129,139,139,151,168,168,168,197,114,114,249,149,149,159,260,310,310,325,325,225,7,25,25,54,54,71,221,248,148,158,174,174,174,203,16,16,16,16,16,16],"floor_reached":56,"language":"ENG","playtime":5321,"items_purged":["hexamod:Sear","hexamod:GhostShield","hexamod:GhostOfSpireFuture","hexamod:HeatMetal"],"score":1113,"play_id":"19c242c3-e03a-47c7-a40d-7775d5cf20f2","local_time":"20210204212016","is_ascension_mode":true,"campfire_choices":[{"data":"hexamod:Float","floor":1.0,"key":"SMITH"},{"data":"hexamod:ChargedBarrage","floor":6.0,"key":"SMITH"},{"data":"expansioncontent:PrepareCrush","floor":8.0,"key":"SMITH"},{"data":"hexamod:ApocalypticArmor","floor":18.0,"key":"SMITH"},{"data":"hexamod:ExtraCrispy","floor":30.0,"key":"SMITH"},{"floor":35.0,"key":"RECALL"},{"data":"hexamod:VolcanoVisage","floor":43.0,"key":"SMITH"},{"data":"hexamod:SearingWound","floor":47.0,"key":"SMITH"},{"floor":54.0,"key":"REST"}],"circlet_count":0,"master_deck":["hexamod:Strike+1","hexamod:Strike+1","hexamod:Strike+1","hexamod:Defend+1","hexamod:Defend+1","hexamod:Defend+1","hexamod:Float+1","hexamod:ChargedBarrage+1","expansioncontent:PrepareCrush+1","hexamod:ApocalypticArmor+1","hexamod:AdvancingGuard","hexamod:ChargedBarrage","hexamod:SearingWound+1","hexamod:HeatShield","hexamod:VolcanoVisage+1","hexamod:NecessarySacrifice+1","hexamod:HeatShield","hexamod:ShieldOfDarkness+1","hexamod:BurningTouch+1","hexamod:ExtraCrispy+1","hexamod:SwordOfDarkness+1","hexamod:FastForward","hexamod:ThermalTransfer","hexamod:Hexaguard","hexamod:HeatMetal","hexamod:StepThrough","hexamod:Hexaguard","hexamod:SpectralAdrenaline+1","hexamod:Hexaguard+1","hexamod:PhantomCloak"],"relics":["hexamod:SpiritBrand","Omamori","Mummified Hand","Strawberry","Mango","Bag of Preparation","Cursed Key","downfall:HeartBlessingGreen","Happy Flower","downfall:HeartBlessingBlue","Tiny House","WarpedTongs","Lizard Tail","Shuriken","downfall:HeartBlessingRed","Blue Candle"],"acts_visited":["Exordium","TheCity","TheBeyond","TheEnding"],"potions_floor_usage":[55],"damage_taken":[{"damage":0.0,"enemies":"Jaw Worm","floor":2.0,"turns":3.0},{"damage":0.0,"enemies":"Cultist","floor":3.0,"turns":3.0},{"damage":0.0,"enemies":"downfall:FleeingMerchant","floor":4.0,"turns":4.0},{"damage":0.0,"enemies":"Gremlin Nob","floor":9.0,"turns":3.0},{"damage":0.0,"enemies":"downfall:FleeingMerchant","floor":10.0,"turns":4.0},{"damage":2.0,"enemies":"Lagavulin","floor":11.0,"turns":6.0},{"damage":0.0,"enemies":"Small Slimes","floor":12.0,"turns":3.0},{"damage":0.0,"enemies":"Gremlin Nob","floor":14.0,"turns":3.0},{"damage":0.0,"enemies":"Red Slaver","floor":15.0,"turns":3.0},{"damage":27.0,"enemies":"IC_STATUS_ARCHETYPE","floor":16.0,"turns":6.0},{"damage":0.0,"enemies":"Chosen","floor":19.0,"turns":3.0},{"damage":4.0,"enemies":"Centurion and Healer","floor":20.0,"turns":5.0},{"damage":0.0,"enemies":"3 Cultists","floor":22.0,"turns":6.0},{"damage":18.0,"enemies":"Snecko","floor":23.0,"turns":6.0},{"damage":13.0,"enemies":"Slavers","floor":26.0,"turns":4.0},{"damage":0.0,"enemies":"downfall:FleeingMerchant","floor":27.0,"turns":4.0},{"damage":3.0,"enemies":"downfall:FleeingMerchant","floor":29.0,"turns":3.0},{"damage":0.0,"enemies":"Snake Plant","floor":32.0,"turns":3.0},{"damage":11.0,"enemies":"WA_ARCHETYPE_CALM","floor":33.0,"turns":8.0},{"damage":1.0,"enemies":"Orb Walker","floor":36.0,"turns":5.0},{"damage":4.0,"enemies":"3 Shapes","floor":40.0,"turns":4.0},{"damage":37.0,"enemies":"Reptomancer","floor":42.0,"turns":9.0},{"damage":20.0,"enemies":"Jaw Worm Horde","floor":44.0,"turns":5.0},{"damage":0.0,"enemies":"Giant Head","floor":46.0,"turns":7.0},{"damage":19.0,"enemies":"Maw","floor":48.0,"turns":7.0},{"damage":0.0,"enemies":"3 Darklings","floor":49.0,"turns":6.0},{"damage":8.0,"enemies":"DF_ARCHETYPE_ORBS","floor":50.0,"turns":6.0},{"damage":85.0,"enemies":"downfall:CharBossMerchant","floor":52.0,"turns":7.0},{"damage":86,"enemies":"downfall:NeowBoss","floor":55,"turns":24},{"damage":31,"enemies":"downfall:NeowBossFinal","floor":56,"turns":8}],"seed_played":"6369883005174832010","potions_obtained":[{"floor":11.0,"key":"Explosive Potion"},{"floor":12.0,"key":"Ancient Potion"},{"floor":14.0,"key":"CultistPotion"},{"floor":16.0,"key":"SneckoOil"},{"floor":20.0,"key":"hexamod:SoulburnPotion"},{"floor":23.0,"key":"ColorlessPotion"},{"floor":32.0,"key":"FearPotion"},{"floor":34.0,"key":"FairyPotion"},{"floor":44.0,"key":"FairyPotion"},{"floor":48.0,"key":"ColorlessPotion"}],"is_trial":false,"path_per_floor":["R","M","M","$","?","R","T","R","E","$","E","M","?","E","M","B",null,"R","M","M","?","M","M","T","?","E","$","?","$","R","?","M","B",null,"R","M","?","$","$","M","T","E","R","M","?","E","R","M","M","B",null,"E","$","R","B","B"],"character_chosen":"THE_SPIRIT","items_purchased":["expansioncontent:PrepareCrush","hexamod:ExtraCrispy","hexamod:GhostOfSpireFuture","hexamod:FastForward","hexamod:ThermalTransfer","hexamod:StepThrough","hexamod:Hexaguard","hexamod:PhantomCloak"],"campfire_rested":1,"item_purchase_floors":[4,27,29,29,29,39,39,53],"current_hp_per_floor":[63,63,63,63,51,51,51,51,58,58,70,70,70,70,70,43,74,74,74,70,45,45,27,27,27,14,14,42,39,49,49,49,38,85,85,84,84,84,84,80,80,43,43,23,23,23,23,4,4,25,81,29,29,58,23,0,0,0],"gold":16,"neow_bonus":"REMOVE_TWO","is_daily":false,"chose_seed":false,"campfire_upgraded":7,"win_rate":0.0,"timestamp":1612434016,"path_taken":["R","M","M","$","?","R","T","R","E","$","E","M","?","E","M","BOSS","R","M","?","?","?","M","T","?","E","$","?","$","R","?","M","BOSS","R","M","?","?","$","M","T","E","R","M","?","E","R","?","M","BOSS","E","$","R","BOSS","BOSS"],"items_purchased_type":["Card","Card","Card","Card","Card","Card","Card","Card"],"build_version":"2020-12-22","purchased_purges":4,"victory":false,"max_hp_per_floor":[63,63,63,63,63,63,63,63,70,70,84,84,84,84,84,84,84,84,84,84,84,84,84,84,84,84,84,84,84,94,94,94,94,99,99,99,99,99,99,99,99,99,99,99,99,99,99,99,99,99,99,99,99,99,99,99,99,99],"card_choices":[{"not_picked":["hexamod:ShieldOfDarkness","hexamod:GhostLash"],"picked":"hexamod:ChargedBarrage","floor":2.0},{"not_picked":["hexamod:RetreatToShadows","hexamod:ThirdSeal"],"picked":"hexamod:HeatMetal","floor":3.0},{"not_picked":["hexamod:NightmareStrike","hexamod:RetreatToShadows"],"picked":"hexamod:GhostShield","floor":4.0},{"not_picked":["hexamod:ApocalypseNow","hexamod:GhostOfSpirePast"],"picked":"hexamod:ApocalypticArmor","floor":9.0},{"not_picked":["hexamod:HeatMetal","hexamod:ShieldOfDarkness"],"picked":"hexamod:AdvancingGuard","floor":10.0},{"not_picked":["hexamod:GhostLash","hexamod:TurnItUp"],"picked":"hexamod:ChargedBarrage","floor":11.0},{"not_picked":["hexamod:GhostShield","hexamod:AdvancingGuard","hexamod:ChargedBarrage"],"picked":"SKIP","floor":12.0},{"not_picked":["hexamod:SecondSeal","hexamod:BurningTouch"],"picked":"hexamod:SearingWound","floor":14.0},{"not_picked":["hexamod:NightmareGuise","hexamod:EtherealExpedition"],"picked":"hexamod:HeatShield","floor":15.0},{"not_picked":["hexamod:HexaLevel","hexamod:ForkedFlame"],"picked":"hexamod:VolcanoVisage","floor":16.0},{"not_picked":["hexamod:AdvancingGuard","hexamod:Firestarter"],"picked":"hexamod:NecessarySacrifice","floor":19.0},{"not_picked":["hexamod:RadiantFlame","hexamod:DynamicBlow"],"picked":"hexamod:HeatShield","floor":20.0},{"not_picked":["hexamod:HauntingEcho","hexamod:SpectersWail"],"picked":"hexamod:ShieldOfDarkness+1","floor":22.0},{"not_picked":["hexamod:RetreatToShadows","hexamod:ThermalTransfer"],"picked":"hexamod:BurningTouch+1","floor":23.0},{"not_picked":["hexamod:RainOfEmbers","hexamod:Incineration","hexamod:GhostLash"],"picked":"SKIP","floor":26.0},{"not_picked":["hexamod:FirstSeal","hexamod:RadiantFlame","hexamod:UnleashSpirits"],"picked":"SKIP","floor":27.0},{"not_picked":["hexamod:GhostflameBarrier","hexamod:DynamicBlow"],"picked":"hexamod:SwordOfDarkness+1","floor":29.0},{"not_picked":["hexamod:InspiringFlames","hexamod:Haunt"],"picked":"hexamod:Hexaguard","floor":32.0},{"not_picked":["hexamod:GhostLash+1","hexamod:FastForward"],"picked":"hexamod:HeatMetal","floor":36.0},{"not_picked":["hexamod:SuperheatedStrike+1","hexamod:NightmareGuise","hexamod:InspiringFlames"],"picked":"SKIP","floor":40.0},{"not_picked":["hexamod:SwordOfDarkness","hexamod:GhostflameInferno","hexamod:FourthSeal"],"picked":"SKIP","floor":42.0},{"not_picked":["hexamod:Incineration","hexamod:Firestarter+1","hexamod:ShieldOfDarkness+1"],"picked":"SKIP","floor":44.0},{"not_picked":["hexamod:SwordOfDarkness","hexamod:InspiringFlames","hexamod:ParanormalForm"],"picked":"SKIP","floor":46.0},{"not_picked":["hexamod:GhostShield","hexamod:BurningTouch+1","hexamod:DynamicBlow"],"picked":"SKIP","floor":48.0},{"not_picked":["hexamod:BurningTouch+1","hexamod:HeatMetal"],"picked":"hexamod:SpectralAdrenaline+1","floor":49.0},{"not_picked":["hexamod:ThermalTransfer","hexamod:HeatMetal"],"picked":"hexamod:Hexaguard+1","floor":52.0}],"player_experience":1957998,"relics_obtained":[{"floor":7.0,"key":"Mummified Hand"},{"floor":9.0,"key":"Strawberry"},{"floor":11.0,"key":"Mango"},{"floor":14.0,"key":"Art of War"},{"floor":26.0,"key":"Happy Flower"},{"floor":42.0,"key":"Lizard Tail"},{"floor":46.0,"key":"Shuriken"},{"floor":52.0,"key":"Blue Candle"}],"event_choices":[{"damage_healed":0.0,"max_hp_gain":0.0,"max_hp_loss":0.0,"gold_gain":0.0,"event_name":"Scrap Ooze","player_choice":"Success","floor":5.0,"gold_loss":0.0,"damage_taken":12.0,"relics_obtained":["Omamori"]},{"damage_healed":28.0,"max_hp_gain":0.0,"max_hp_loss":0.0,"gold_gain":0.0,"event_name":"The Library","player_choice":"Heal","floor":28.0,"gold_loss":0.0,"damage_taken":0.0},{"damage_healed":0.0,"max_hp_gain":0.0,"max_hp_loss":0.0,"gold_gain":0.0,"event_name":"Accursed Blacksmith","player_choice":"Rummage","floor":37.0,"gold_loss":0.0,"damage_taken":0.0,"relics_obtained":["WarpedTongs"],"cards_obtained":["Pain"]}],"is_beta":false,"boss_relics":[{"not_picked":["Coffee Dripper","Black Star"],"picked":"Cursed Key"},{"not_picked":["SlaversCollar","Sozu"],"picked":"Tiny House"}],"items_purged_floors":[29,38,39,53],"is_endless":false,"potions_floor_spawned":[11,12,14,16,20,23,32,44,48,49],"killed_by":"downfall:NeowBossFinal","ascension_level":6}}