{"host":"1ekl8hlbnopmdapi","time":1612467812,"event":{"mods":["AchievementEnabler","BaseMod","Colored Map","Colored Powertips","DeckTracker","Downfall","Googly Eyes","Highlight Path","Minty Spire (QoL Compilation)","Relic Sorter","StSLib","Synergy Search"],"gold_per_floor":[99,117,137,157,157,57,82,93,124,134,148,159,59,59,70,166,166,66,78,63,83,83,83,83],"floor_reached":22,"language":"ENG","playtime":1835,"items_purged":[],"score":215,"play_id":"ae774c23-6452-4bf7-8d05-002c5eb12089","local_time":"20210204144332","is_ascension_mode":false,"campfire_choices":[{"floor":1,"key":"RECALL"},{"data":"hexamod:Float","floor":6,"key":"SMITH"},{"floor":13,"key":"REST"},{"data":"hexamod:HexaLevel","floor":18,"key":"SMITH"}],"circlet_count":0,"master_deck":["hexamod:Strike+1","hexamod:Strike","hexamod:Strike","hexamod:Strike","hexamod:Defend","hexamod:Defend","hexamod:Defend+1","hexamod:Defend","hexamod:Sear","hexamod:Float+1","hexamod:GhostflameBarrier","hexamod:AdvancingGuard","hexamod:NightmareStrike","hexamod:FirstSeal","hexamod:InspiringFlames","hexamod:ThirdSeal","hexamod:BacktrackSmack","hexamod:InspiringFlames+1","hexamod:Firestarter","hexamod:HeatMetal","hexamod:ThirdSeal","hexamod:SpectersWail+1","hexamod:TimeOfNeed","hexamod:HexaLevel+1","hexamod:SixthSeal","hexamod:TimeOfNeed","hexamod:SixthSeal","hexamod:SecondSeal","hexamod:EmpoweredFlame"],"relics":["hexamod:SpiritBrand","downfall:HeartBlessingRed","Gambling Chip","downfall:HeartBlessingBlue","Philosopher\u0027s Stone","downfall:HeartBlessingGreen"],"acts_visited":["Exordium","TheCity"],"potions_floor_usage":[15,20,22,22],"damage_taken":[{"damage":2,"enemies":"Small Slimes","floor":2,"turns":3},{"damage":7,"enemies":"2 Louse","floor":3,"turns":3},{"damage":0,"enemies":"Cultist","floor":4,"turns":4},{"damage":7,"enemies":"Blue Slaver","floor":8,"turns":3},{"damage":25,"enemies":"Gremlin Nob","floor":9,"turns":6},{"damage":11,"enemies":"Red Slaver","floor":10,"turns":6},{"damage":4,"enemies":"2 Fungi Beasts","floor":11,"turns":4},{"damage":30,"enemies":"Gremlin Gang","floor":12,"turns":5},{"damage":3,"enemies":"3 Louse","floor":15,"turns":4},{"damage":19,"enemies":"IC_STATUS_ARCHETYPE","floor":16,"turns":9},{"damage":29,"enemies":"Spheric Guardian","floor":19,"turns":8},{"damage":10,"enemies":"downfall:FleeingMerchant","floor":20,"turns":4},{"damage":23,"enemies":"Centurion and Healer","floor":21,"turns":7},{"damage":47,"enemies":"Chosen and Byrds","floor":22,"turns":6}],"seed_played":"4188054996846039498","potions_obtained":[{"floor":3,"key":"Energy Potion"},{"floor":9,"key":"Strength Potion"},{"floor":12,"key":"AttackPotion"},{"floor":15,"key":"hexamod:EctoCoolerPotion"},{"floor":16,"key":"PowerPotion"},{"floor":21,"key":"Energy Potion"}],"is_trial":false,"path_per_floor":["R","M","M","M","?","R","T","M","E","M","M","M","R","?","M","B",null,"R","M","$","M","M"],"character_chosen":"THE_SPIRIT","items_purchased":[],"campfire_rested":1,"item_purchase_floors":[],"current_hp_per_floor":[77,75,68,68,61,61,61,61,36,32,35,5,41,41,45,26,87,87,65,62,46,0,0,0],"gold":83,"neow_bonus":"TEN_PERCENT_HP_BONUS","is_daily":false,"chose_seed":false,"campfire_upgraded":2,"win_rate":0.0,"timestamp":1612467812,"path_taken":["R","M","M","M","?","R","T","M","E","M","M","M","R","?","M","BOSS","R","M","$","?","M"],"items_purchased_type":[],"build_version":"2020-12-22","purchased_purges":0,"victory":false,"max_hp_per_floor":[77,77,77,77,77,77,77,77,77,77,77,77,87,87,87,87,87,87,87,87,87,87,87,87],"card_choices":[{"not_picked":["hexamod:SwordOfDarkness","hexamod:GhostOfSpireFuture"],"picked":"hexamod:GhostflameBarrier","floor":2},{"not_picked":["hexamod:FastForward","hexamod:CatchUp"],"picked":"hexamod:AdvancingGuard","floor":3},{"not_picked":["hexamod:Haunt","hexamod:CatchUp"],"picked":"hexamod:NightmareStrike","floor":4},{"not_picked":["hexamod:Haunt","hexamod:FastForward"],"picked":"hexamod:InspiringFlames","floor":8},{"not_picked":["hexamod:AdvancingGuard","hexamod:GhostflameInferno"],"picked":"hexamod:ThirdSeal","floor":9},{"not_picked":["hexamod:SpectersWail","hexamod:ThermalTransfer"],"picked":"hexamod:BacktrackSmack","floor":10},{"not_picked":["hexamod:SwordOfDarkness","hexamod:AdvancingGuard"],"picked":"hexamod:InspiringFlames","floor":10},{"not_picked":["hexamod:Rewind","hexamod:ExtraCrispy"],"picked":"hexamod:Firestarter","floor":11},{"not_picked":["hexamod:SpectersWail","hexamod:RetreatToShadows"],"picked":"hexamod:HeatMetal","floor":12},{"not_picked":["hexamod:SpectralAdrenaline","hexamod:SwordOfDarkness"],"picked":"hexamod:ThirdSeal","floor":15},{"not_picked":["hexamod:GhostOfSpirePast","hexamod:AdvancingGuard"],"picked":"hexamod:SpectersWail","floor":15},{"not_picked":["hexamod:ForkedFlame","hexamod:GhostOfSpirePresent"],"picked":"hexamod:TimeOfNeed","floor":16},{"not_picked":["hexamod:ForkedFlame","hexamod:TimeOfNeed"],"picked":"hexamod:HexaLevel","floor":16},{"not_picked":["hexamod:FifthSeal","hexamod:TimeOfNeed"],"picked":"hexamod:SixthSeal","floor":16},{"not_picked":["hexamod:HeatShield","hexamod:GhostOfSpireFuture","hexamod:InspiringFlames"],"picked":"SKIP","floor":19},{"not_picked":["hexamod:AdvancingGuard","hexamod:FastForward","hexamod:GhostLash"],"picked":"SKIP","floor":19},{"not_picked":["hexamod:GhostLash+1","hexamod:SkipABeat"],"picked":"hexamod:TimeOfNeed","floor":20},{"not_picked":["hexamod:GhostflameBarrier","hexamod:BacktrackSmack"],"picked":"hexamod:SixthSeal","floor":20},{"not_picked":["hexamod:AdvancingGuard","hexamod:GhostOfSpireFuture"],"picked":"hexamod:SecondSeal","floor":20},{"not_picked":["hexamod:Rewind","hexamod:GhostLash"],"picked":"hexamod:EmpoweredFlame","floor":21}],"player_experience":528302,"relics_obtained":[{"floor":9,"key":"Gambling Chip"}],"event_choices":[],"is_beta":false,"boss_relics":[{"not_picked":["Fusion Hammer","Cursed Key"],"picked":"Philosopher\u0027s Stone"}],"items_purged_floors":[],"is_endless":false,"potions_floor_spawned":[3,9,12,15,16,21],"killed_by":"Chosen and Byrds","ascension_level":0}}