{"host":"la6t950uoatqs0xt","time":1612413117,"event":{"mods":["AchievementEnabler","BaseMod","Colored Powertips","Minty Spire (QoL Compilation)","Quick Restart","Rare Cards Sparkle"],"gold_per_floor":[119,131,131,147,147,147,0,0,0,32,42,55,55,55],"floor_reached":13,"language":"ENG","playtime":564,"items_purged":[],"score":98,"play_id":"7afd31c3-bf1c-4731-ba83-1355e959d506","local_time":"20210203233157","is_ascension_mode":true,"campfire_choices":[{"data":"Deadly Poison","floor":6,"key":"SMITH"},{"floor":8,"key":"REST"}],"circlet_count":0,"master_deck":["Strike_G","Strike_G","Strike_G","Strike_G","Strike_G","Defend_G","Defend_G+1","Defend_G","Defend_G","Survivor","Neutralize","Bouncing Flask","PiercingWail+1","Deadly Poison+1","Envenom","Outmaneuver+1"],"relics":["Ring of the Snake","Orichalcum","Medical Kit","Toxic Egg 2","Dream Catcher"],"acts_visited":["Exordium"],"potions_floor_usage":[],"damage_taken":[{"damage":1,"enemies":"Small Slimes","floor":1,"turns":5},{"damage":0,"enemies":"2 Louse","floor":2,"turns":3},{"damage":0,"enemies":"Cultist","floor":4,"turns":4},{"damage":39,"enemies":"Gremlin Nob","floor":10,"turns":5},{"damage":18,"enemies":"Lots of Slimes","floor":11,"turns":7},{"damage":17,"enemies":"Exordium Wildlife","floor":12,"turns":7},{"damage":22,"enemies":"3 Sentries","floor":13,"turns":5}],"seed_played":"8157374110849561341","potions_obtained":[{"floor":1,"key":"FairyPotion"}],"is_trial":false,"path_per_floor":["M","M","?","M","?","R","$","R","T","E","M","M","E"],"character_chosen":"THE_SILENT","items_purchased":["Medical Kit"],"campfire_rested":1,"item_purchase_floors":[7],"current_hp_per_floor":[69,69,55,55,55,55,55,70,70,31,13,21,0,0],"gold":55,"neow_bonus":"RANDOM_COMMON_RELIC","is_daily":false,"chose_seed":false,"campfire_upgraded":1,"win_rate":0.0,"timestamp":1612413117,"path_taken":["M","M","?","M","?","R","$","R","T","E","?","M","E"],"items_purchased_type":["Relic"],"build_version":"2020-12-22","purchased_purges":0,"victory":false,"max_hp_per_floor":[70,70,70,70,70,70,70,70,70,70,70,70,70,70],"card_choices":[{"not_picked":["Dagger Throw","Acrobatics"],"picked":"Bouncing Flask","floor":1},{"not_picked":["Slice","Flying Knee"],"picked":"PiercingWail","floor":2},{"not_picked":["Outmaneuver","Bane"],"picked":"Deadly Poison","floor":4},{"not_picked":["Expertise+1","Prepared+1"],"picked":"Envenom","floor":10},{"not_picked":["Dagger Throw","Acrobatics+1","Concentrate+1"],"picked":"SKIP","floor":11},{"not_picked":["Choke","Unload"],"picked":"Outmaneuver+1","floor":12}],"player_experience":270531,"relics_obtained":[{"floor":9,"key":"Toxic Egg 2"},{"floor":10,"key":"Dream Catcher"}],"event_choices":[{"damage_healed":0,"gold_gain":0,"player_choice":"Entered Light","damage_taken":14,"max_hp_gain":0,"max_hp_loss":0,"event_name":"Shining Light","floor":3,"gold_loss":0,"cards_upgraded":["PiercingWail","Defend_G"]},{"cards_removed":["Defend_G"],"damage_healed":0,"gold_gain":0,"player_choice":"Purged","damage_taken":0,"max_hp_gain":0,"max_hp_loss":0,"event_name":"Purifier","floor":5,"gold_loss":0}],"is_beta":false,"boss_relics":[],"items_purged_floors":[],"is_endless":false,"potions_floor_spawned":[1],"killed_by":"3 Sentries","ascension_level":3}}