{"host":"g2yp6paluzgljz05","time":1612397311,"event":{"mods":["BaseMod","Bestiary","Colored Powertips","DeckTracker","Highlight Path","Minty Spire (QoL Compilation)","Quick Restart"],"gold_per_floor":[361,371,146,164,179,206,281,35,61,61,71,71,71,86,86,184,184,197,62,62,75,75,75,103,103,103,103,103],"floor_reached":27,"language":"ENG","playtime":1263,"items_purged":["Writhe","Strike_R"],"score":335,"play_id":"4a031bb9-f7f9-4fcc-8a03-543168427cae","local_time":"20210204110831","is_ascension_mode":true,"campfire_choices":[{"floor":10,"key":"REST"},{"floor":13,"key":"REST"},{"data":"True Grit","floor":15,"key":"SMITH"},{"data":"Barricade","floor":23,"key":"SMITH"},{"floor":25,"key":"REST"}],"circlet_count":0,"master_deck":["Strike_R","Strike_R","Strike_R","Strike_R","Defend_R","Defend_R","Defend_R","Defend_R","Bash","Inflame","True Grit+1","Barricade+1","Offering"],"relics":["Burning Blood","Anchor","Red Skull","Omamori","Vajra","StoneCalendar","Mark of Pain","Nilry\u0027s Codex","Boot","Pen Nib","Blue Candle"],"acts_visited":["Exordium","TheCity"],"potions_floor_usage":[6,6,16,18,24,24],"damage_taken":[{"damage":16,"enemies":"Cultist","floor":1,"turns":4},{"damage":19,"enemies":"Jaw Worm","floor":2,"turns":3},{"damage":1,"enemies":"Small Slimes","floor":4,"turns":4},{"damage":14,"enemies":"Exordium Wildlife","floor":5,"turns":4},{"damage":26,"enemies":"3 Sentries","floor":6,"turns":7},{"damage":20,"enemies":"Large Slime","floor":11,"turns":7},{"damage":6,"enemies":"Looter","floor":14,"turns":4},{"damage":42,"enemies":"The Guardian","floor":16,"turns":11},{"damage":23,"enemies":"Chosen","floor":18,"turns":7},{"damage":6,"enemies":"Shell Parasite","floor":21,"turns":7},{"damage":42,"enemies":"Book of Stabbing","floor":24,"turns":7},{"damage":6,"enemies":"Slavers","floor":27,"turns":2}],"seed_played":"7289013290939069357","potions_obtained":[{"floor":4,"key":"ColorlessPotion"},{"floor":5,"key":"BlessingOfTheForge"},{"floor":6,"key":"FairyPotion"},{"floor":11,"key":"PowerPotion"},{"floor":18,"key":"EntropicBrew"}],"is_trial":false,"path_per_floor":["M","M","$","M","M","E","?","$","T","R","M","T","R","M","R","B",null,"M","$","?","M","?","R","E","R","T","E"],"character_chosen":"IRONCLAD","items_purchased":["Anchor","Omamori","Offering"],"campfire_rested":3,"item_purchase_floors":[3,8,19],"current_hp_per_floor":[62,49,49,54,46,26,15,15,15,39,25,25,49,49,49,13,63,46,46,30,30,30,30,21,45,45,39,39],"gold":103,"neow_bonus":"TWO_FIFTY_GOLD","is_daily":false,"chose_seed":false,"campfire_upgraded":2,"win_rate":0.0,"timestamp":1612397311,"path_taken":["M","?","$","M","M","E","?","$","T","R","M","?","R","M","R","BOSS","M","$","?","M","?","R","E","R","T","E"],"items_purchased_type":["Relic","Relic","Card"],"build_version":"2020-12-22","purchased_purges":2,"victory":false,"max_hp_per_floor":[80,80,80,80,80,80,80,80,80,80,80,80,80,80,80,80,80,80,80,80,80,80,80,80,80,80,80,80],"card_choices":[{"not_picked":["Havoc","Pommel Strike"],"picked":"Inflame","floor":1},{"not_picked":["Clothesline","Shockwave","Warcry"],"picked":"SKIP","floor":2},{"not_picked":["Headbutt","Dark Embrace","Spot Weakness"],"picked":"SKIP","floor":4},{"not_picked":["Perfected Strike","Clothesline","Anger"],"picked":"SKIP","floor":5},{"not_picked":["Pummel","Carnage"],"picked":"True Grit","floor":6},{"not_picked":["Cleave","Reckless Charge","Brutality"],"picked":"SKIP","floor":11},{"not_picked":["Clothesline","Burning Pact","Warcry"],"picked":"SKIP","floor":14},{"not_picked":["Impervious","Exhume"],"picked":"Barricade","floor":16},{"not_picked":["Thunderclap","Anger","Hemokinesis"],"picked":"SKIP","floor":18},{"not_picked":["Perfected Strike","Combust","Corruption"],"picked":"SKIP","floor":21},{"not_picked":["Sentinel","Twin Strike","Uppercut"],"picked":"SKIP","floor":24}],"player_experience":318505,"relics_obtained":[{"floor":6,"key":"Red Skull"},{"floor":9,"key":"Vajra"},{"floor":12,"key":"StoneCalendar"},{"floor":20,"key":"Nilry\u0027s Codex"},{"floor":24,"key":"Pen Nib"},{"floor":26,"key":"Blue Candle"}],"event_choices":[{"damage_healed":0,"gold_gain":75,"player_choice":"Gather Gold","damage_taken":11,"max_hp_gain":0,"max_hp_loss":0,"event_name":"World of Goop","floor":7,"gold_loss":0},{"damage_healed":0,"gold_gain":0,"player_choice":"Obtained Book","damage_taken":16,"max_hp_gain":0,"max_hp_loss":0,"event_name":"Cursed Tome","floor":20,"gold_loss":0},{"damage_healed":0,"gold_gain":0,"player_choice":"Stole Relic","damage_taken":0,"relics_obtained":["Boot"],"max_hp_gain":0,"max_hp_loss":0,"event_name":"Addict","floor":22,"gold_loss":0,"cards_obtained":["Shame"]}],"is_beta":false,"boss_relics":[{"not_picked":["Black Star","Tiny House"],"picked":"Mark of Pain"}],"items_purged_floors":[3,8],"is_endless":false,"potions_floor_spawned":[4,5,6,11,18],"killed_by":"Slavers","ascension_level":9}}