{"host":"c97twqu0op5dg8i4","time":1612407611,"event":{"mods":["AchievementEnabler","BaseMod","Colored Map","Minty Spire (QoL Compilation)","Permanent Neow"],"gold_per_floor":[112,112,128,3,19,19,19,50,50,50,50,60,60,78,78,78,179,179,191,40,40,40,53,53,68,68,68,102,116,116,142,159,69,69,165,165,185,63,63,32,32,32,57,57,89,89,100,119,119,1,1,1,1],"floor_reached":54,"language":"ENG","playtime":1570,"items_purged":["Strike_B"],"score":1112,"play_id":"3712296c-17de-42a7-bc61-2de8eb96847f","local_time":"20210203220011","is_ascension_mode":true,"campfire_choices":[{"data":"Zap","floor":6,"key":"SMITH"},{"floor":15,"key":"REST"},{"data":"Electrodynamics","floor":16,"key":"SMITH"},{"data":"Self Repair","floor":24,"key":"SMITH"},{"data":"Conserve Battery","floor":26,"key":"SMITH"},{"floor":30,"key":"REST"},{"data":"Hologram","floor":34,"key":"SMITH"},{"data":"Coolheaded","floor":42,"key":"SMITH"},{"floor":44,"key":"REST"},{"floor":49,"key":"REST"},{"data":"Reinforced Body","floor":52,"key":"SMITH"}],"circlet_count":0,"master_deck":["AscendersBane","Defend_B+1","Defend_B","Zap+1","Dualcast","Echo Form+1","Capacitor","Electrodynamics+1","Turbo","Static Discharge","Self Repair+1","Good Instincts","Ball Lightning","Thunder Strike","Ball Lightning+1","Coolheaded+1","Hologram+1","Core Surge","Conserve Battery+1","Consume+1","Loop+1","Leap","Turbo","Reboot","Storm","Hologram+1","Reinforced Body+1","Defragment+1"],"relics":["Cracked Core","Whetstone","Mercury Hourglass","Boot","Inserter","Art of War","The Courier","Vajra","Ornamental Fan","Runic Pyramid","Anchor","FossilizedHelix","Gremlin Horn","Toy Ornithopter","Lee\u0027s Waffle"],"acts_visited":["Exordium","TheCity","TheBeyond"],"potions_floor_usage":[8,23,28,31,35,35,51,53,53],"damage_taken":[{"damage":7,"enemies":"2 Louse","floor":1,"turns":3},{"damage":6,"enemies":"Cultist","floor":3,"turns":3},{"damage":0,"enemies":"Small Slimes","floor":5,"turns":3},{"damage":10,"enemies":"3 Sentries","floor":8,"turns":2},{"damage":11,"enemies":"Looter","floor":12,"turns":2},{"damage":15,"enemies":"Blue Slaver","floor":14,"turns":3},{"damage":29,"enemies":"Hexaghost","floor":17,"turns":9},{"damage":0,"enemies":"3 Byrds","floor":19,"turns":1},{"damage":23,"enemies":"2 Thieves","floor":23,"turns":2},{"damage":0,"enemies":"3 Cultists","floor":25,"turns":2},{"damage":17,"enemies":"Gremlin Leader","floor":28,"turns":5},{"damage":44,"enemies":"Snake Plant","floor":29,"turns":4},{"damage":51,"enemies":"Book of Stabbing","floor":31,"turns":5},{"damage":0,"enemies":"Cultist and Chosen","floor":32,"turns":4},{"damage":25,"enemies":"Champ","floor":35,"turns":8},{"damage":20,"enemies":"3 Shapes","floor":37,"turns":2},{"damage":26,"enemies":"Reptomancer","floor":43,"turns":4},{"damage":29,"enemies":"Nemesis","floor":45,"turns":7},{"damage":0,"enemies":"Orb Walker","floor":47,"turns":3},{"damage":0,"enemies":"Sphere and 2 Shapes","floor":48,"turns":3},{"damage":0,"enemies":"3 Darklings","floor":51,"turns":2},{"damage":89,"enemies":"Awakened One","floor":53,"turns":8}],"seed_played":"-7857458858342760691","potions_obtained":[{"floor":1,"key":"SpeedPotion"},{"floor":3,"key":"Explosive Potion"},{"floor":5,"key":"GamblersBrew"},{"floor":17,"key":"Regen Potion"},{"floor":19,"key":"PowerPotion"},{"floor":29,"key":"EssenceOfDarkness"},{"floor":31,"key":"AttackPotion"},{"floor":32,"key":"ColorlessPotion"},{"floor":35,"key":"Regen Potion"},{"floor":43,"key":"SmokeBomb"}],"is_trial":false,"path_per_floor":["M","?","M","$","M","R","T","E","T","?","?","M","?","M","R","R","B",null,"M","$","?","?","M","R","M","R","T","E","M","R","E","M","?","R","B",null,"M","$","?","$","?","R","E","R","E","T","M","M","R","$","M","R","B",null],"character_chosen":"DEFECT","items_purchased":["Turbo","Art of War","Anchor","Storm","Lee\u0027s Waffle"],"campfire_rested":4,"item_purchase_floors":[4,20,38,40,50],"current_hp_per_floor":[61,61,55,55,55,55,55,45,45,45,45,34,34,26,48,48,26,63,63,63,63,63,52,52,52,52,52,55,11,33,52,52,52,52,37,66,56,56,56,56,56,56,30,52,33,33,33,33,55,82,82,82,26],"gold":1,"neow_bonus":"ONE_RANDOM_RARE_CARD","is_daily":false,"chose_seed":false,"campfire_upgraded":7,"win_rate":0.0,"timestamp":1612407611,"path_taken":["M","?","?","$","M","R","?","E","T","?","?","M","?","?","R","R","BOSS","M","$","?","?","M","R","M","R","T","E","M","R","E","M","?","R","BOSS","M","$","?","$","?","R","E","R","E","T","M","M","R","$","M","R","BOSS"],"items_purchased_type":["Card","Relic","Relic","Card","Relic"],"build_version":"2020-12-22","purchased_purges":1,"victory":true,"max_hp_per_floor":[75,75,75,75,75,75,75,75,75,75,75,75,75,75,75,75,75,75,75,75,75,75,75,75,75,75,75,75,75,75,75,75,75,75,75,75,75,75,75,75,75,75,75,75,75,75,75,75,75,82,82,82,82],"card_choices":[{"not_picked":["Go for the Eyes","Redo"],"picked":"Capacitor","floor":1},{"not_picked":["Rebound","Stack"],"picked":"Electrodynamics","floor":3},{"not_picked":["Go for the Eyes","Streamline"],"picked":"Static Discharge","floor":5},{"not_picked":["Scrape","Reprogram","Stack"],"picked":"SKIP","floor":8},{"not_picked":["Static Discharge","Gash","Compile Driver"],"picked":"SKIP","floor":12},{"not_picked":["Double Energy","Reprogram"],"picked":"Ball Lightning","floor":14},{"not_picked":["Echo Form","Core Surge"],"picked":"Thunder Strike","floor":17},{"not_picked":["Conserve Battery","Gash"],"picked":"Ball Lightning+1","floor":19},{"not_picked":["Double Energy","Gash"],"picked":"Conserve Battery","floor":23},{"not_picked":["White Noise","Recycle+1"],"picked":"Consume+1","floor":25},{"not_picked":["Static Discharge+1","Reinforced Body+1"],"picked":"Loop+1","floor":28},{"not_picked":["Sunder","Genetic Algorithm"],"picked":"Leap","floor":29},{"not_picked":["BootSequence","Go for the Eyes"],"picked":"Turbo","floor":31},{"not_picked":["Beam Cell","Biased Cognition","Capacitor+1"],"picked":"SKIP","floor":32},{"not_picked":["Thunder Strike","Machine Learning"],"picked":"Reboot","floor":35},{"not_picked":["Leap+1","Cold Snap","Scrape+1"],"picked":"SKIP","floor":37},{"not_picked":["Recycle","Leap"],"picked":"Hologram+1","floor":43},{"not_picked":["Heatsinks","Stack+1","Reprogram"],"picked":"SKIP","floor":45},{"not_picked":["Go for the Eyes+1","Stack+1"],"picked":"Reinforced Body","floor":47},{"not_picked":["Reinforced Body+1","Capacitor+1"],"picked":"Defragment+1","floor":48}],"player_experience":342001,"relics_obtained":[{"floor":7,"key":"Whetstone"},{"floor":8,"key":"Mercury Hourglass"},{"floor":9,"key":"Boot"},{"floor":27,"key":"The Courier"},{"floor":28,"key":"Vajra"},{"floor":31,"key":"Ornamental Fan"},{"floor":43,"key":"FossilizedHelix"},{"floor":45,"key":"Gremlin Horn"},{"floor":46,"key":"Toy Ornithopter"}],"event_choices":[{"cards_removed":["Strike_B"],"damage_healed":0,"gold_gain":0,"player_choice":"Card Removal","damage_taken":0,"max_hp_gain":0,"max_hp_loss":0,"event_name":"Wheel of Change","floor":2,"gold_loss":0},{"damage_healed":0,"gold_gain":0,"player_choice":"Ignored","damage_taken":0,"max_hp_gain":0,"max_hp_loss":0,"event_name":"Liars Game","floor":10,"gold_loss":0},{"damage_healed":0,"gold_gain":0,"player_choice":"Grow","damage_taken":0,"max_hp_gain":0,"max_hp_loss":0,"event_name":"Living Wall","floor":11,"gold_loss":0,"cards_upgraded":["Echo Form"]},{"damage_healed":0,"gold_gain":0,"player_choice":"2 cards matched","damage_taken":0,"max_hp_gain":0,"max_hp_loss":0,"event_name":"Match and Keep!","floor":13,"gold_loss":0,"cards_obtained":["Self Repair","Good Instincts"]},{"damage_healed":0,"gold_gain":0,"player_choice":"Read","damage_taken":0,"max_hp_gain":0,"max_hp_loss":0,"event_name":"The Library","floor":21,"gold_loss":0,"cards_obtained":["Coolheaded"]},{"damage_healed":0,"gold_gain":0,"cards_transformed":["Defend_B","Strike_B"],"player_choice":"Became Test Subject","damage_taken":0,"max_hp_gain":0,"max_hp_loss":0,"event_name":"Drug Dealer","floor":22,"gold_loss":0,"cards_obtained":["Hologram","Core Surge"]},{"cards_removed":["Strike_B"],"damage_healed":0,"gold_gain":0,"player_choice":"Upgrade and Remove","damage_taken":0,"max_hp_gain":0,"max_hp_loss":0,"event_name":"Designer","floor":33,"gold_loss":90,"cards_upgraded":["Defend_B"]},{"cards_removed":["Defend_B"],"damage_healed":0,"gold_gain":0,"player_choice":"Removed Skill","damage_taken":0,"max_hp_gain":0,"max_hp_loss":0,"event_name":"Falling","floor":39,"gold_loss":0},{"damage_healed":0,"gold_gain":0,"player_choice":"Ignored","damage_taken":0,"max_hp_gain":0,"max_hp_loss":0,"event_name":"SecretPortal","floor":41,"gold_loss":0}],"is_beta":false,"boss_relics":[{"not_picked":["Velvet Choker","Cursed Key"],"picked":"Inserter"},{"not_picked":["SlaversCollar","Astrolabe"],"picked":"Runic Pyramid"}],"items_purged_floors":[4],"is_endless":false,"potions_floor_spawned":[1,3,5,17,19,29,31,32,35,43,51],"ascension_level":10}}