{"host":"utqe55yv0jihe4d6","time":1612408926,"event":{"mods":["2.2 Compatiblity","AchievementEnabler","BaseMod","Block Reminder","Colored Map","Colored Powertips","Minty Spire (QoL Compilation)","Quick Restart","Rare Cards Sparkle","Relic Stats","SuperFastMode"],"gold_per_floor":[16,16,31,31,42,76,76,25,78,95,95,122,141,173,173,173,173],"floor_reached":16,"language":"ENG","playtime":412,"items_purged":[],"score":265,"play_id":"3c9e1045-ea9f-4769-a9e8-26c12d49bb7e","local_time":"20210203222206","is_ascension_mode":true,"campfire_choices":[{"floor":7.0,"key":"REST"},{"data":"Feed","floor":11.0,"key":"SMITH"},{"data":"Armaments","floor":15,"key":"SMITH"}],"circlet_count":0,"master_deck":["AscendersBane","Strike_R","Strike_R","Strike_R","Strike_R","Strike_R","Defend_R","Defend_R","Defend_R","Defend_R","Bash","Feed+1","Cleave","Anger","Feed+1","Pommel Strike","Wild Strike","Armaments+1","Inflame"],"relics":["Burning Blood","Anchor","Smiling Mask","Molten Egg 2","Akabeko"],"acts_visited":["Exordium"],"potions_floor_usage":[14],"damage_taken":[{"damage":5.0,"enemies":"Small Slimes","floor":1.0,"turns":3.0},{"damage":1.0,"enemies":"Cultist","floor":3.0,"turns":3.0},{"damage":6.0,"enemies":"Jaw Worm","floor":5.0,"turns":5.0},{"damage":42.0,"enemies":"Lagavulin","floor":6.0,"turns":6.0},{"damage":0.0,"enemies":"Large Slime","floor":10.0,"turns":4.0},{"damage":45,"enemies":"3 Sentries","floor":12,"turns":9},{"damage":3,"enemies":"3 Louse","floor":13,"turns":3},{"damage":21,"enemies":"Lagavulin","floor":14,"turns":6},{"damage":52,"enemies":"The Guardian","floor":16,"turns":10}],"seed_played":"4807321723063927769","potions_obtained":[{"floor":3.0,"key":"Swift Potion"},{"floor":5.0,"key":"Weak Potion"},{"floor":6.0,"key":"DuplicationPotion"},{"floor":12,"key":"SteroidPotion"}],"is_trial":false,"path_per_floor":["M","?","M","$","M","E","R","$","T","M","R","E","M","E","R","B"],"character_chosen":"IRONCLAD","items_purchased":["Pommel Strike"],"campfire_rested":1,"item_purchase_floors":[8],"current_hp_per_floor":[72,72,81,81,81,45,69,69,69,82,82,51,62,51,51,0,0],"gold":173,"neow_bonus":"THREE_RARE_CARDS","is_daily":false,"chose_seed":false,"campfire_upgraded":2,"win_rate":0.0,"timestamp":1612408926,"path_taken":["M","?","M","$","M","E","R","$","T","M","R","E","M","E","R","BOSS"],"items_purchased_type":["Card"],"build_version":"2020-12-22","purchased_purges":0,"victory":false,"max_hp_per_floor":[78,78,82,82,82,82,82,82,82,89,89,97,105,109,109,109,109],"relic_stats":{"counters":[9,49],"Smiling Mask":0,"obtain_stats":[{"Anchor":6,"Molten Egg 2":12,"Smiling Mask":9,"Burning Blood":0,"Akabeko":14},{"Anchor":4,"Molten Egg 2":6,"Smiling Mask":4,"Burning Blood":0,"Akabeko":8},{"Anchor":17,"Molten Egg 2":30,"Smiling Mask":17,"Burning Blood":0,"Akabeko":39}],"Burning Blood":48},"card_choices":[{"not_picked":["Immolate","Limit Break"],"picked":"Feed","floor":0.0},{"not_picked":["Clash","Armaments"],"picked":"Cleave","floor":1.0},{"not_picked":["Dropkick","Rage"],"picked":"Anger","floor":3.0},{"not_picked":["Warcry","Anger","Dark Embrace"],"picked":"SKIP","floor":5.0},{"not_picked":["Heavy Blade","Clash"],"picked":"Feed","floor":6.0},{"not_picked":["Dual Wield","True Grit"],"picked":"Wild Strike","floor":10.0},{"not_picked":["Flex","Second Wind"],"picked":"Armaments","floor":12},{"not_picked":["Wild Strike+1","Combust"],"picked":"Inflame","floor":13},{"not_picked":["Seeing Red","Body Slam+1","Armaments"],"picked":"SKIP","floor":14}],"player_experience":3012534,"relics_obtained":[{"floor":6.0,"key":"Anchor"},{"floor":9.0,"key":"Smiling Mask"},{"floor":12,"key":"Molten Egg 2"},{"floor":14,"key":"Akabeko"}],"event_choices":[{"damage_healed":0.0,"max_hp_gain":0.0,"max_hp_loss":0.0,"gold_gain":0.0,"event_name":"Living Wall","player_choice":"Grow","floor":2.0,"gold_loss":0.0,"damage_taken":0.0,"cards_upgraded":["Feed"]}],"is_beta":false,"boss_relics":[],"items_purged_floors":[],"is_endless":false,"potions_floor_spawned":[3,5,6,12],"killed_by":"The Guardian","ascension_level":20}}