{"host":"idjwbq71yrpkph1r","time":1612477180,"event":{"mods":["AchievementEnabler","Alarm Clock","BaseMod","Block Reminder","Colored Map","Colored Powertips","Minty Spire (QoL Compilation)","Morshu Shopkeeper","Rare Cards Sparkle","StSLib","everything is the same but u backflip on backflip"],"gold_per_floor":[114,130,80,80,80,115,115,131,131,144,144,164,177,208,208,304,304,314,314,314,325,337,337,427,453,532,562,562,590,602,628,628,724,724,735,735,645,656,413,413,438,438,464,502,502,502],"floor_reached":45,"language":"ENG","playtime":1908,"items_purged":["Strike_R+1"],"score":695,"play_id":"90b93285-a2e4-4d65-bae8-ec9c936f5da8","local_time":"20210204231940","is_ascension_mode":true,"campfire_choices":[{"floor":7,"key":"REST"},{"floor":11,"key":"REST"},{"floor":15,"key":"REST"},{"floor":23,"key":"REST"},{"floor":28,"key":"REST"},{"floor":32,"key":"REST"},{"data":"Chrysalis","floor":40,"key":"SMITH"},{"data":"Flex","floor":42,"key":"SMITH"}],"circlet_count":0,"master_deck":["Defend_R+1","Defend_R","Defend_R","Defend_R+1","Bash","Ghostly Armor","Seeing Red+1","Rampage+1","Body Slam+1","Rampage+1","Headbutt+1","Feed+1","Flex+1","Blood for Blood+1","Second Wind","Iron Wave+1","Reaper+1","Chrysalis+1","Iron Wave+1"],"relics":["Philosopher\u0027s Stone","Molten Egg 2","PreservedInsect","Dead Branch","Runic Pyramid","Ornamental Fan","Mercury Hourglass","CaptainsWheel","Turnip","Lizard Tail","SacredBark","Eternal Feather","CeramicFish","Bag of Preparation"],"acts_visited":["Exordium","TheCity","TheBeyond"],"potions_floor_usage":[18,18,25,27,30,31,31,33],"damage_taken":[{"damage":3,"enemies":"Jaw Worm","floor":1,"turns":3},{"damage":0,"enemies":"2 Louse","floor":2,"turns":3},{"damage":27,"enemies":"Gremlin Nob","floor":6,"turns":5},{"damage":2,"enemies":"Cultist","floor":8,"turns":3},{"damage":9,"enemies":"Looter","floor":10,"turns":4},{"damage":11,"enemies":"2 Fungi Beasts","floor":12,"turns":3},{"damage":5,"enemies":"Red Slaver","floor":13,"turns":4},{"damage":18,"enemies":"Lagavulin","floor":14,"turns":6},{"damage":39,"enemies":"Hexaghost","floor":16,"turns":8},{"damage":12,"enemies":"3 Byrds","floor":18,"turns":3},{"damage":21,"enemies":"2 Thieves","floor":21,"turns":3},{"damage":4,"enemies":"Cultist and Chosen","floor":22,"turns":4},{"damage":5,"enemies":"Gremlin Leader","floor":25,"turns":4},{"damage":13,"enemies":"Book of Stabbing","floor":27,"turns":3},{"damage":0,"enemies":"Gremlin Leader","floor":29,"turns":5},{"damage":35,"enemies":"Snake Plant","floor":30,"turns":3},{"damage":0,"enemies":"Book of Stabbing","floor":31,"turns":3},{"damage":34,"enemies":"Collector","floor":33,"turns":9},{"damage":21,"enemies":"3 Shapes","floor":35,"turns":6},{"damage":0,"enemies":"Orb Walker","floor":38,"turns":2},{"damage":39,"enemies":"Nemesis","floor":41,"turns":7},{"damage":30,"enemies":"Giant Head","floor":44,"turns":7},{"damage":0,"enemies":"Transient","floor":45,"turns":1}],"seed_played":"1438014593523016988","potions_obtained":[{"floor":1,"key":"LiquidBronze"},{"floor":13,"key":"Dexterity Potion"},{"floor":16,"key":"SkillPotion"},{"floor":20,"key":"ElixirPotion"},{"floor":20,"key":"FearPotion"},{"floor":22,"key":"Block Potion"},{"floor":27,"key":"LiquidMemories"},{"floor":30,"key":"EntropicBrew"},{"floor":31,"key":"Fire Potion"},{"floor":35,"key":"EntropicBrew"},{"floor":38,"key":"DistilledChaos"}],"is_trial":false,"path_per_floor":["M","M","?","?","?","E","R","M","T","M","R","M","M","E","R","B",null,"M","?","?","M","M","R","?","E","T","E","R","E","M","E","R","B",null,"M","?","?","M","$","R","E","R","T","E","M"],"character_chosen":"IRONCLAD","items_purchased":["Chrysalis"],"campfire_rested":6,"item_purchase_floors":[39],"current_hp_per_floor":[77,77,77,61,61,34,58,56,56,47,71,60,55,37,61,22,80,68,68,68,47,47,72,60,59,59,50,77,81,46,46,74,40,96,82,82,82,82,82,82,50,59,59,40,40,40],"gold":502,"neow_bonus":"BOSS_RELIC","is_daily":false,"chose_seed":false,"campfire_upgraded":2,"win_rate":0.0,"timestamp":1612477180,"path_taken":["M","M","?","?","?","E","R","?","T","M","R","M","M","E","R","BOSS","M","?","?","?","M","R","?","E","T","E","R","E","M","E","R","BOSS","M","?","?","?","?","R","E","R","T","E","M"],"items_purchased_type":["Card"],"build_version":"2020-12-22","purchased_purges":1,"victory":false,"max_hp_per_floor":[80,80,80,80,80,80,80,80,80,80,80,80,80,80,80,80,80,80,80,80,80,84,84,84,88,88,92,92,96,96,96,96,96,96,96,96,96,96,96,96,96,96,96,100,100,100],"card_choices":[{"not_picked":["Intimidate","Flex"],"picked":"Ghostly Armor","floor":1},{"not_picked":["Pommel Strike","Thunderclap"],"picked":"Seeing Red","floor":2},{"not_picked":["Inflame","Clash+1"],"picked":"Rampage+1","floor":6},{"not_picked":["Infernal Blade","Heavy Blade+1","Ghostly Armor"],"picked":"SKIP","floor":8},{"not_picked":["Fire Breathing","Clothesline+1"],"picked":"Body Slam+1","floor":10},{"not_picked":["Disarm","Metallicize"],"picked":"Rampage+1","floor":12},{"not_picked":["Sword Boomerang+1","Dropkick+1","Metallicize"],"picked":"SKIP","floor":13},{"not_picked":["Wild Strike+1","Heavy Blade+1"],"picked":"Headbutt+1","floor":14},{"not_picked":["Immolate+1","Limit Break"],"picked":"Feed+1","floor":16},{"not_picked":["Heavy Blade+1","Seeing Red"],"picked":"Flex","floor":18},{"not_picked":["Anger+1","Combust","Hemokinesis+1"],"picked":"SKIP","floor":21},{"not_picked":["Clothesline+1","Disarm","Havoc+1"],"picked":"SKIP","floor":22},{"not_picked":["Metallicize+1","Brutality","Twin Strike+1"],"picked":"SKIP","floor":25},{"not_picked":["Anger+1","Armaments","Flex"],"picked":"SKIP","floor":27},{"not_picked":["Havoc","Impervious","Dropkick+1"],"picked":"SKIP","floor":29},{"not_picked":["Anger+1","Dark Embrace","Thunderclap+1"],"picked":"SKIP","floor":30},{"not_picked":["True Grit+1","Carnage+1"],"picked":"Iron Wave+1","floor":31},{"not_picked":["Impervious","Feed+1"],"picked":"Reaper+1","floor":33},{"not_picked":["Warcry+1","Shrug It Off","Anger+1"],"picked":"SKIP","floor":35},{"not_picked":["Heavy Blade+1","Inflame","Thunderclap+1"],"picked":"SKIP","floor":38},{"not_picked":["Pummel+1","Headbutt+1","Bludgeon+1"],"picked":"SKIP","floor":41},{"not_picked":["Carnage+1","Sword Boomerang+1"],"picked":"Iron Wave+1","floor":44}],"player_experience":331900,"relics_obtained":[{"floor":6,"key":"Molten Egg 2"},{"floor":9,"key":"PreservedInsect"},{"floor":14,"key":"Dead Branch"},{"floor":25,"key":"Ornamental Fan"},{"floor":26,"key":"Mercury Hourglass"},{"floor":27,"key":"CaptainsWheel"},{"floor":29,"key":"Turnip"},{"floor":31,"key":"Lizard Tail"},{"floor":41,"key":"Eternal Feather"},{"floor":43,"key":"CeramicFish"},{"floor":44,"key":"Bag of Preparation"}],"event_choices":[{"cards_removed":["Strike_R"],"damage_healed":0,"gold_gain":0,"player_choice":"Card Removal","damage_taken":0,"max_hp_gain":0,"max_hp_loss":0,"event_name":"The Cleric","floor":3,"gold_loss":50},{"damage_healed":0,"gold_gain":0,"player_choice":"Entered Light","damage_taken":16,"max_hp_gain":0,"max_hp_loss":0,"event_name":"Shining Light","floor":4,"gold_loss":0,"cards_upgraded":["Strike_R","Defend_R"]},{"damage_healed":0,"gold_gain":0,"player_choice":"Upgraded","damage_taken":0,"max_hp_gain":0,"max_hp_loss":0,"event_name":"Upgrade Shrine","floor":5,"gold_loss":0,"cards_upgraded":["Seeing Red"]},{"damage_healed":0,"gold_gain":0,"cards_transformed":["Strike_R","Strike_R"],"player_choice":"Became Test Subject","damage_taken":0,"max_hp_gain":0,"max_hp_loss":0,"event_name":"Drug Dealer","floor":19,"gold_loss":0,"cards_obtained":["Blood for Blood","Second Wind"]},{"damage_healed":0,"gold_gain":0,"player_choice":"Got Potions","damage_taken":0,"max_hp_gain":0,"max_hp_loss":0,"event_name":"Lab","floor":20,"gold_loss":0},{"damage_healed":0,"gold_gain":90,"player_choice":"GOLD ","damage_taken":12,"max_hp_gain":0,"max_hp_loss":0,"event_name":"Knowing Skull","floor":24,"potions_obtained":[],"gold_loss":0,"cards_obtained":[]},{"damage_healed":0,"gold_gain":0,"player_choice":"Ignored","damage_taken":0,"max_hp_gain":0,"max_hp_loss":0,"event_name":"Mysterious Sphere","floor":36,"gold_loss":0},{"cards_removed":["Strike_R"],"damage_healed":0,"gold_gain":0,"player_choice":"Upgrade and Remove","damage_taken":0,"max_hp_gain":0,"max_hp_loss":0,"event_name":"Designer","floor":37,"gold_loss":90,"cards_upgraded":["Defend_R"]}],"is_beta":false,"boss_relics":[{"not_picked":["Runic Dome","Mark of Pain"],"picked":"Runic Pyramid"},{"not_picked":["Runic Cube","Snecko Eye"],"picked":"SacredBark"}],"items_purged_floors":[39],"is_endless":false,"potions_floor_spawned":[1,13,16,21,22,27,30,31,35,38],"killed_by":"Transient","ascension_level":2}}