{"host":"bg0cyinkrjnqf173","time":1612477813,"event":{"mods":["2.2 Compatiblity","Aspiration","BaseMod","Beaked The Cultist","Better Third Choice","BetterRewards","Colored Map","Conspire","Curses Come First","Defuse TimeMaze Blight","Displayed Cursed Tome","Googly Eyes","Halation","Hubris","Infinite Spire","Jedi Mod","Minty Spire (QoL Compilation)","Permanent Neow","Quick Restart","Rare Cards Sparkle","Relic Sorter","Replay The Spire","Shop Mod","Spicy Shops","Spikes Relics","StSLib","The Bladedancer","The Construct","The Valiant","Uncapped"],"gold_per_floor":[119,130,145,160,160,188,188,222,222,222,250,262,292,306,306,401,401,416,416,430,121,61,88,104,135,183,183,210,225,266,286,286,394,394,422,163,189,189,211,258,258,292,366,366,397,421,479,524,524,631,631,644,646,646,659,659,683,683,699,699,699,704,704,705,655,655,754,754,753,763,777,785,785,785,811,810,810,647,674,687,689,696,696,785,785,787,246,246,246,196,210,210,229,276,276,284,28,40,140,140,238,238,245,245,252,109,118,118,146,146,146,142,169,182,182,212,212,307,307,322,322,322,330,330,330,361,361,361,395,412,423,426,440,440,542,542,559,559,559,582,449,449,472,472,499,508,516,516,540,552,552,647,647,647,499,526,617],"floor_reached":158,"language":"ENG","playtime":8096,"items_purged":["Strike_R","Strike_R","jedi:unlimitedpower","Defend_R","Blood for Blood","Strike_R","Defend_R","Strike_R+1","Eclipse+1","Flex+1","Bloodletting+1","Flex+1","Defend_R"],"score":4504,"play_id":"1dc9209f-dc63-40c4-83a8-85f56b269f94","local_time":"20210204173013","is_ascension_mode":true,"campfire_choices":[{"data":"Flex","floor":7.0,"key":"SMITH"},{"data":"hubris:DuctTapeCard","floor":10.0,"key":"SMITH"},{"data":"Eclipse","floor":15.0,"key":"SMITH"},{"data":"Limit Break","floor":32.0,"key":"SMITH"},{"data":"Demon Form","floor":44.0,"key":"SMITH"},{"floor":49.0,"key":"REST"},{"data":"Invigoration","floor":58.0,"key":"SMITH"},{"data":"Flex","floor":66.0,"key":"SMITH"},{"data":"beaked:Ceremony","floor":74.0,"key":"SMITH"},{"floor":83.0,"key":"DIG"},{"floor":92.0,"key":"DIG"},{"data":"infinitespire:NeuralNetwork","floor":95.0,"key":"SMITH"},{"floor":100.0,"key":"DIG"},{"floor":108.0,"key":"DIG"},{"data":"beaked:Insight","floor":117.0,"key":"SMITH"},{"floor":125.0,"key":"DIG"},{"floor":127.0,"key":"DIG"},{"floor":134.0,"key":"DIG"},{"data":"beaked:Insight","floor":142.0,"key":"SMITH"},{"floor":144.0,"key":"DIG"},{"floor":148,"key":"DIG"},{"floor":151,"key":"DIG"},{"floor":154,"key":"DIG"}],"circlet_count":0,"master_deck":["Defend_R+1","Bash+1","Shrug It Off+1","Thunderclap","Shrug It Off+1","Limit Break+1","Twin Strike+1","Iron Wave","Feed","Reaper","Shrug It Off","Reckless Charge","Anger","Demon Form+1","AbeCurse","Replay:Undeath\u0027s Touch+1","Heavy Blade+1","Replay:Fractal Strike+1","Invigoration+1","beaked:Ceremony+1","beaked:FullHouse+1","Heavy Blade","Pommel Strike+1","beaked:Insight+1","infinitespire:Collect+1","beaked:AwakenedForm+1","infinitespire:NeuralNetwork+1","Backflip","Absolvement+1","Limit Break+1","beaked:TuckingFeathers","Escape Plan+1","beaked:SurvivalInstinct","beaked:Insight+1","Massacre+1","Backstab+1","Backflip","Secret Technique+1","beaked:Insight+1","beaked:TuckingFeathers","beaked:CrazyRituals+1","hubris:DuctTapeCard","BlessedFruit","BlessedFruit"],"relics":["Burning Blood","aspiration:Nostalgia","Sizzling Blood","infinitespire:PuzzleCube","Rawhide","hubris:DuctTape","Charon\u0027s Ashes","hubris:TinFlute","HailfireSword","aspiration:Stabinomicon","Strawberry","Smiling Mask","StoneCalendar","MiniBlackHole","infinitespire:Midas Blood","ReplayTheSpireMod:Ninjato","Abe\u0027s Treasure","hubris:Reverence","RoseTintedShades","Replay:Rubber Ducky","RetroEgg","hubris:Zylophone","Incense Burner","Whetstone","conspire:SpecialSausage","aspiration:BeakedSkillbook","Replay:Bottled Snecko","Dream Catcher","Anchor","hubris:DisguiseKit","Sozu","conspire:Dentures","Shovel","Huge Egg","halation:PeacePiece","War Paint","Iron Hammer","Painkiller Herb","Pen Nib","BargainBundle","conspire:DeflatedDodgeball","Matryoshka","aspiration:AnachronicSnailShell","Replay:Bandana","jedi:shrinkray","PreservedInsect","DollysMirror","hubris:Potato","aspiration:PoetsPen_weak","Frozen Eye","infinitespire:FocusingShard","conspire:GiftBox","hubris:ChampionShield","SpikesRelics:ToyHorsey","hubris:TenFootPole","Quantum Egg","Enchiridion","Archangels Feather","Snack Pack","Akabeko","Kunai","aspiration:ChemicalBlood","GolemAmulet","Vajra","jedi:cryingmask","halation:LettersToHer","Regal Pillow","HeavenlyBonsai","halation:SelfBoilingWater","Cursed Key","halation:WeightlessCrab","Chemical X","aspiration:HiddenCompartment"],"acts_visited":["Exordium","TheCity","TheBeyond","Exordium","TheCity","TheBeyond","Exordium","TheCity","TheBeyond","TheEnding"],"potions_floor_usage":[],"damage_taken":[{"damage":6.0,"enemies":"Jaw Worm","floor":1.0,"turns":2.0},{"damage":0.0,"enemies":"2 Louse","floor":2.0,"turns":2.0},{"damage":5.0,"enemies":"conspire:RoseBush","floor":3.0,"turns":2.0},{"damage":12.0,"enemies":"3 Louse","floor":4.0,"turns":4.0},{"damage":14.0,"enemies":"Gremlin Nob","floor":6.0,"turns":3.0},{"damage":4.0,"enemies":"Replay:BlueRogue","floor":8.0,"turns":2.0},{"damage":9.0,"enemies":"Gremlin Nob","floor":11.0,"turns":3.0},{"damage":0.0,"enemies":"Looter","floor":12.0,"turns":2.0},{"damage":17.0,"enemies":"3 Sentries","floor":13.0,"turns":5.0},{"damage":10.0,"enemies":"Blue Slaver","floor":14.0,"turns":3.0},{"damage":34.0,"enemies":"Hexaghost","floor":16.0,"turns":4.0},{"damage":14.0,"enemies":"Spheric Guardian","floor":18.0,"turns":3.0},{"damage":38.0,"enemies":"conspire:FuzzyDice","floor":20.0,"turns":5.0},{"damage":6.0,"enemies":"conspire:Head Lice","floor":23.0,"turns":3.0},{"damage":15.0,"enemies":"Sentry and Sphere","floor":24.0,"turns":3.0},{"damage":37.0,"enemies":"Slavers","floor":25.0,"turns":4.0},{"damage":3.0,"enemies":"Gremlin Leader","floor":28.0,"turns":3.0},{"damage":8.0,"enemies":"Snecko","floor":29.0,"turns":3.0},{"damage":14.0,"enemies":"conspire:Head Lice","floor":30.0,"turns":5.0},{"damage":23.0,"enemies":"Centurion and Healer","floor":31.0,"turns":3.0},{"damage":30.0,"enemies":"Champ","floor":33.0,"turns":6.0},{"damage":12.0,"enemies":"3 Darklings","floor":35.0,"turns":4.0},{"damage":8.0,"enemies":"3 Shapes","floor":37.0,"turns":3.0},{"damage":15.0,"enemies":"Sphere and 2 Shapes","floor":39.0,"turns":4.0},{"damage":49.0,"enemies":"Reptomancer","floor":40.0,"turns":4.0},{"damage":4.0,"enemies":"Giant Head","floor":42.0,"turns":2.0},{"damage":29.0,"enemies":"R_Hoarder","floor":45.0,"turns":4.0},{"damage":12.0,"enemies":"3 Darklings","floor":46.0,"turns":4.0},{"damage":43.0,"enemies":"2 Orb Walkers","floor":47.0,"turns":4.0},{"damage":75.0,"enemies":"Nightmare","floor":48.0,"turns":6.0},{"damage":49.0,"enemies":"infinitespire:MassOfShapes","floor":50.0,"turns":5.0},{"damage":0.0,"enemies":"2 Louse","floor":52.0,"turns":1.0},{"damage":0.0,"enemies":"Jaw Worm","floor":55.0,"turns":1.0},{"damage":3.0,"enemies":"Lagavulin","floor":57.0,"turns":4.0},{"damage":0.0,"enemies":"Gremlin Nob","floor":59.0,"turns":2.0},{"damage":0.0,"enemies":"Cultist","floor":62.0,"turns":3.0},{"damage":1.0,"enemies":"Exordium Wildlife","floor":64.0,"turns":2.0},{"damage":6.0,"enemies":"Hexaghost","floor":67.0,"turns":2.0},{"damage":3.0,"enemies":"Chosen","floor":69.0,"turns":2.0},{"damage":3.0,"enemies":"Shell Parasite","floor":70.0,"turns":3.0},{"damage":0.0,"enemies":"Sentry and Sphere","floor":71.0,"turns":2.0},{"damage":21.0,"enemies":"Snecko","floor":72.0,"turns":3.0},{"damage":31.0,"enemies":"Book of Stabbing","floor":75.0,"turns":3.0},{"damage":0.0,"enemies":"Cultist and Chosen","floor":76.0,"turns":3.0},{"damage":39.0,"enemies":"Slavers","floor":79.0,"turns":4.0},{"damage":25.0,"enemies":"Centurion and Healer","floor":80.0,"turns":4.0},{"damage":22.0,"enemies":"Shelled Parasite and Fungi","floor":82.0,"turns":5.0},{"damage":23.0,"enemies":"conspire:MysteriousRune","floor":84.0,"turns":4.0},{"damage":0.0,"enemies":"Orb Walker","floor":86.0,"turns":2.0},{"damage":0.0,"enemies":"R_Hoarder","floor":91.0,"turns":2.0},{"damage":0.0,"enemies":"3 Shapes","floor":93.0,"turns":2.0},{"damage":0.0,"enemies":"Spire Growth","floor":96.0,"turns":2.0},{"damage":27.0,"enemies":"Transient","floor":98.0,"turns":2.0},{"damage":3.0,"enemies":"Donu and Deca","floor":101.0,"turns":4.0},{"damage":0.0,"enemies":"2 Louse","floor":103.0,"turns":2.0},{"damage":0.0,"enemies":"Jaw Worm","floor":105.0,"turns":4.0},{"damage":0.0,"enemies":"Small Slimes","floor":107.0,"turns":2.0},{"damage":0.0,"enemies":"3 Sentries","floor":109.0,"turns":4.0},{"damage":0.0,"enemies":"Looter","floor":112.0,"turns":4.0},{"damage":0.0,"enemies":"Gremlin Nob","floor":113.0,"turns":1.0},{"damage":4.0,"enemies":"Blue Slaver","floor":114.0,"turns":4.0},{"damage":0.0,"enemies":"3 Sentries","floor":116.0,"turns":2.0},{"damage":1.0,"enemies":"The Guardian","floor":118.0,"turns":4.0},{"damage":16.0,"enemies":"2 Thieves","floor":120.0,"turns":2.0},{"damage":3.0,"enemies":"conspire:SneckoGhost","floor":126.0,"turns":3.0},{"damage":3.0,"enemies":"Book of Stabbing","floor":129.0,"turns":2.0},{"damage":0.0,"enemies":"Shell Parasite","floor":130.0,"turns":1.0},{"damage":0.0,"enemies":"Centurion and Healer","floor":131.0,"turns":2.0},{"damage":0.0,"enemies":"conspire:HollyBat","floor":132.0,"turns":4.0},{"damage":0.0,"enemies":"Snecko","floor":133.0,"turns":2.0},{"damage":13.0,"enemies":"hubris:MusketHawk","floor":135.0,"turns":2.0},{"damage":0.0,"enemies":"Orb Walker","floor":137.0,"turns":4.0},{"damage":0.0,"enemies":"3 Darklings","floor":140.0,"turns":1.0},{"damage":25.0,"enemies":"Nemesis","floor":143.0,"turns":5.0},{"damage":0.0,"enemies":"Transient","floor":146.0,"turns":2.0},{"damage":10,"enemies":"4 Shapes","floor":147,"turns":2},{"damage":16,"enemies":"3 Darklings","floor":149,"turns":2},{"damage":10,"enemies":"Spire Growth","floor":150,"turns":2},{"damage":0,"enemies":"infinitespire:LordOfFortification","floor":152,"turns":2},{"damage":5,"enemies":"Shield and Spear","floor":156,"turns":2},{"damage":31,"enemies":"The Heart","floor":157,"turns":7}],"seed_played":"412458228884417359","potions_obtained":[{"floor":1.0,"key":"conspire:TimeTravelPotion"},{"floor":3.0,"key":"Fire Potion"},{"floor":13.0,"key":"SteroidPotion"},{"floor":14.0,"key":"Strength Potion"},{"floor":16.0,"key":"Regen Potion"},{"floor":18.0,"key":"BloodPotion"},{"floor":29.0,"key":"ColorlessPotion"},{"floor":45.0,"key":"ColorlessPotion"},{"floor":57.0,"key":"ElixirPotion"},{"floor":59.0,"key":"AttackPotion"},{"floor":62.0,"key":"DistilledChaos"}],"is_trial":false,"path_per_floor":["M","M","M","M","?","E","R","E","T","R","E","M","E","M","R","B",null,"M","?","M","$","?","E","M","E","T","?","E","M","E","M","R","B",null,"M","$","M","?","M","E","?","E","T","R","E","M","?","NM","R","B",null,"M","?","?","M","AVR","E","R","E","T","?","M","?","M","$","R","B",null,"M","M","M","M","AVR","R","E","M","T","$","E","M","?","M","R","B",null,"?","T","?","AVR","T","E","T","?","T","T","?","T","?","?","T","B",null,"?","AVR","?","T","?","T","E","?","T","?","E","?","?","E","T","B",null,"?","?","?","?","AVR","T","E","T","T","E","?","?","?","?","T","B",null,"?","?","AVR","?","T","T","E","T","T","?","?","T","?","?","T","B",null,"T","T","E","B",null],"character_chosen":"IRONCLAD","items_purchased":["Strawberry","Feed","hubris:Reverence","halation:PeacePiece","Pen Nib","BargainBundle","conspire:DeflatedDodgeball","DollysMirror","Frozen Eye","beaked:Insight","Chemical X"],"campfire_rested":1,"item_purchase_floors":[21,21,36,78,87,87,87,97,106,141,155],"current_hp_per_floor":[84,84,84,82,82,78,78,84,84,84,84,84,77,77,77,53,84,80,64,36,43,43,47,42,61,61,61,71,73,90,80,80,91,97,98,98,100,100,95,56,56,62,62,62,43,100,70,38,68,29,103,103,98,98,103,103,103,103,106,106,106,106,106,109,109,109,109,109,109,109,109,98,98,98,88,101,101,101,75,115,86,83,83,115,115,115,115,109,109,109,109,109,109,109,109,109,109,92,92,92,99,109,109,109,109,109,109,109,109,109,109,109,109,109,109,112,112,112,112,112,112,112,105,105,105,112,112,112,112,112,112,112,112,112,112,112,112,112,112,112,112,112,112,112,112,112,112,112,108,117,117,119,119,119,119,121,104],"gold":617,"neow_bonus":"NOSTALGIA","is_daily":false,"chose_seed":false,"campfire_upgraded":11,"win_rate":0.0,"timestamp":1612477813,"path_taken":["M","M","M","M","?","E","R","E","T","R","E","M","E","M","R","BOSS","M","?","M","$","?","E","M","E","T","?","E","M","E","M","R","BOSS","M","$","M","?","M","E","?","E","T","R","E","M","?","NM","R","BOSS","M","?","?","M","AVR","E","R","E","T","?","M","?","M","$","R","BOSS","M","?","M","M","AVR","R","E","M","T","$","E","?","?","M","R","BOSS","BOSS","?","T","?","AVR","?","E","T","?","T","T","?","T","?","?","T","BOSS","?","AVR","?","?","?","T","E","?","T","?","E","?","?","E","T","BOSS","?","?","?","?","AVR","T","E","T","T","E","?","?","?","?","T","BOSS","?","?","AVR","?","T","T","E","T","T","?","?","T","?","?","T","BOSS","T","T","E","BOSS"],"items_purchased_type":["Relic","Card","Relic","Relic","Relic","Relic","Relic","Relic","Relic","Card","Relic"],"build_version":"2020-12-22","purchased_purges":13,"victory":true,"max_hp_per_floor":[84,84,84,84,84,84,84,84,84,84,84,84,84,84,84,84,84,84,84,84,91,91,91,91,91,91,91,94,94,94,97,97,97,97,100,100,100,100,100,100,100,100,100,100,100,100,103,103,103,103,103,103,103,103,103,103,103,103,106,106,106,106,106,109,109,109,109,109,109,109,109,109,109,109,109,112,112,112,115,115,115,115,115,115,115,115,115,109,109,109,109,109,109,109,109,109,109,109,109,109,109,109,109,109,109,109,109,109,109,109,109,109,109,109,109,112,112,112,112,112,112,112,112,112,112,112,112,112,112,112,112,112,112,112,112,112,112,112,112,112,112,112,112,112,112,112,112,112,112,117,117,119,119,119,119,121,125],"card_choices":[{"not_picked":["Headbutt","jedi:fear","Anger"],"picked":"SKIP","floor":1.0},{"not_picked":["jedi:suffering","jedi:controlledanger"],"picked":"Blood for Blood","floor":2.0},{"not_picked":["Dark Embrace","Replay:Undeath\u0027s Touch"],"picked":"Rupture","floor":3.0},{"not_picked":["Searing Blow","Sword Boomerang"],"picked":"Flex","floor":4.0},{"not_picked":["jedi:hate","Dark Embrace","jedi:MakeshiftSword"],"picked":"SKIP","floor":6.0},{"not_picked":["Dark Embrace","Havoc","Fire Breathing"],"picked":"SKIP","floor":8.0},{"not_picked":["hubris:ReadiedAction","hubris:SharpeningStone"],"picked":"Shrug It Off","floor":11.0},{"not_picked":["Heavy Blade","Metallicize"],"picked":"Eclipse","floor":12.0},{"not_picked":["Warcry","ReplayTheSpireMod:LeadingStrike"],"picked":"Thunderclap","floor":13.0},{"not_picked":["Armaments","Seeing Red"],"picked":"Shrug It Off","floor":14.0},{"not_picked":["jedi:bloodyhammer","Barricade"],"picked":"Limit Break","floor":16.0},{"not_picked":["Havoc","hubris:SharpeningStone"],"picked":"Twin Strike+1","floor":18.0},{"not_picked":["ReplayTheSpireMod:Strike From Hell+1","Thunderclap+1"],"picked":"Iron Wave","floor":20.0},{"not_picked":["Battle Trance","Second Wind"],"picked":"Reaper","floor":23.0},{"not_picked":["Life Link","Intimidate"],"picked":"Shrug It Off","floor":24.0},{"not_picked":["hubris:ReadiedAction","Run Through","Wild Strike+1"],"picked":"SKIP","floor":25.0},{"not_picked":["Wild Strike+1","Run Through","ReplayTheSpireMod:Stacked"],"picked":"SKIP","floor":28.0},{"not_picked":["True Grit","Havoc+1","Ghostly Armor"],"picked":"SKIP","floor":29.0},{"not_picked":["Iron Wave","Shockwave"],"picked":"Reckless Charge","floor":30.0},{"not_picked":["Abandon","Body Slam"],"picked":"Anger","floor":31.0},{"not_picked":["Impervious","Bludgeon"],"picked":"Demon Form","floor":33.0},{"not_picked":["Body Slam","Disarm"],"picked":"Flex","floor":35.0},{"not_picked":["Flex+1","Thunderclap"],"picked":"Bloodletting+1","floor":37.0},{"not_picked":["Disarm","ReplayTheSpireMod:Strike From Hell"],"picked":"Replay:Undeath\u0027s Touch+1","floor":39.0},{"not_picked":["Shockwave","Replay:Undeath\u0027s Touch"],"picked":"jedi:unlimitedpower","floor":40.0},{"not_picked":["Barricade","Infernal Blade+1","Run Through"],"picked":"SKIP","floor":42.0},{"not_picked":["Seeing Red+1","Wild Strike+1"],"picked":"Heavy Blade","floor":45.0},{"not_picked":["Warcry+1","jedi:hate+1","hubris:ReadiedAction"],"picked":"SKIP","floor":46.0},{"not_picked":["infinitespire:DeathsTouch","infinitespire:UltimateForm"],"picked":"Replay:Fractal Strike","floor":48.0},{"not_picked":["Absolvement","Shrug It Off+1","Reckless Charge+1"],"picked":"SKIP","floor":48.0},{"not_picked":["Absolvement","Shrug It Off+1","Reckless Charge+1"],"picked":"SKIP","floor":48.0},{"not_picked":["Absolvement","Shrug It Off+1","Reckless Charge+1"],"picked":"SKIP","floor":48.0},{"not_picked":["Replay:Undeath\u0027s Touch","Twin Strike","jedi:fear"],"picked":"SKIP","floor":52.0},{"not_picked":["Anger","Clash"],"picked":"Invigoration","floor":55.0},{"not_picked":["Rampage","beaked:Brace","Feed","Spot Weakness"],"picked":"SKIP","floor":57.0},{"not_picked":["beaked:Brace","Heavy Blade","beaked:Devastation"],"picked":"beaked:Ceremony","floor":59.0},{"not_picked":["beaked:WarriorSpirit","beaked:Negation","Wild Strike","beaked:Resilience","jedi:pocketpoison"],"picked":"SKIP","floor":62.0},{"not_picked":["beaked:Tweet","conspire:ExplosiveBarrier","Heavy Blade","PiercingWail"],"picked":"beaked:FullHouse","floor":64.0},{"not_picked":["beaked:WarriorEssence","beaked:BarbedWire","beaked:Poke+1","Combust+1","Poisoned Stab"],"picked":"SKIP","floor":69.0},{"not_picked":["beaked:Mantra","Defy Death","Sword Boomerang+1","hubris:Counter"],"picked":"Heavy Blade","floor":70.0},{"not_picked":["beaked:Cower","Clothesline","Second Wind","beaked:Resilience+1","Blade Dance"],"picked":"SKIP","floor":71.0},{"not_picked":["beaked:Cower","Headbutt","Thunderclap","beaked:ShadowFade","Terror"],"picked":"SKIP","floor":72.0},{"not_picked":["Dual Wield","beaked:WarriorSpirit","Twin Strike+1","beaked:BraceForImpact","Underhanded Strike"],"picked":"SKIP","floor":75.0},{"not_picked":["Armaments+1","beaked:Cower+1","ReplayTheSpireMod:Strike From Hell+1","Draining Mist"],"picked":"Pommel Strike+1","floor":76.0},{"not_picked":["beaked:Overpower","beaked:Roost+1","beaked:SurvivalInstinct","Grand Finale"],"picked":"beaked:Insight+1","floor":79.0},{"not_picked":["jedi:fear","Metallicize","beaked:Windmill+1","Flame Barrier","Masterful Stab"],"picked":"SKIP","floor":80.0},{"not_picked":["infinitespire:Oblivion","infinitespire:UltimateForm"],"picked":"infinitespire:Collect","floor":81.0},{"not_picked":["beaked:Redirect","Shrug It Off","beaked:Tweet","Defy Death","Slice"],"picked":"SKIP","floor":82.0},{"not_picked":["jedi:unlimitedpower","jedi:harder","Immolate","Burst"],"picked":"beaked:AwakenedForm","floor":84.0},{"not_picked":["Replay:Fractal Strike","infinitespire:FinalStrike"],"picked":"infinitespire:NeuralNetwork","floor":84.0},{"not_picked":["jedi:fear","beaked:DigDeep","beaked:Replenish+1","beaked:Resilience+1"],"picked":"Backflip","floor":86.0},{"not_picked":["Havoc","ReplayTheSpireMod:Wings of Steel+1","Wild Strike","beaked:FakeOut","conspire:PoisonWeapons"],"picked":"SKIP","floor":91.0},{"not_picked":["Spot Weakness","conspire:Charge","beaked:WarriorEssence+1","Bane"],"picked":"Absolvement+1","floor":93.0},{"not_picked":["beaked:Foresight","Run Through+1","Fire Breathing+1","beaked:FeelMyPain+1","Cloak And Dagger"],"picked":"SKIP","floor":96.0},{"not_picked":["hubris:ReadiedAction+1","Twin Strike","Sentinel+1","Havoc+1","hubris:SlightOfHand"],"picked":"SKIP","floor":98.0},{"not_picked":["beaked:StunningBlow","Replay:Undeath\u0027s Touch","beaked:Evade","Bouncing Flask"],"picked":"beaked:TuckingFeathers","floor":103.0},{"not_picked":["Blood for Blood","beaked:Molting","Life Link","beaked:Brace","Catalyst"],"picked":"SKIP","floor":105.0},{"not_picked":["beaked:Hexing","Armaments","Cleave","beaked:MimicMachine"],"picked":"Escape Plan","floor":107.0},{"not_picked":["beaked:Brace","Rage","beaked:Tweet","Replay:Poison Smokescreen"],"picked":"beaked:SurvivalInstinct","floor":109.0},{"not_picked":["beaked:DesperateSwing","hubris:CleavingFinish","jedi:MakeshiftSword","Setup"],"picked":"beaked:Insight","floor":112.0},{"not_picked":["Searing Blow","Rupture","beaked:Tradeoff","Dodge and Roll"],"picked":"Massacre","floor":113.0},{"not_picked":["beaked:Ceremony","Havoc","conspire:Charge","True Grit","Deflect"],"picked":"SKIP","floor":114.0},{"not_picked":["Reckless Charge","jedi:strikingstrike","beaked:MaddeningMurmurs","Havoc"],"picked":"Backstab","floor":116.0},{"not_picked":["True Grit+1","beaked:Hexing","Hemokinesis","Armaments","Predator"],"picked":"SKIP","floor":120.0},{"not_picked":["beaked:Evade","beaked:Roost+1","Body Slam","Armaments","Infinite Blades"],"picked":"SKIP","floor":126.0},{"not_picked":["beaked:WarriorEssence","Rupture","Flex","Metallicize","Dodge and Roll"],"picked":"SKIP","floor":129.0},{"not_picked":["beaked:TuckingFeathers","beaked:Evade+1","hubris:StunningStrike","Clash+1","Dagger Throw"],"picked":"SKIP","floor":130.0},{"not_picked":["beaked:Flinch","Twin Strike","ReplayTheSpireMod:Strike From Hell","Clothesline","Flying Knee"],"picked":"SKIP","floor":131.0},{"not_picked":["Clash","Iron Wave+1","Armaments","beaked:Ceremony+1"],"picked":"Backflip","floor":132.0},{"not_picked":["Headbutt","Shrug It Off","beaked:Cower","beaked:Flinch","Deadly Poison"],"picked":"SKIP","floor":133.0},{"not_picked":["Flex+1","Cleave","Pummel","beaked:WarriorSpirit","Quick Slash"],"picked":"SKIP","floor":137.0},{"not_picked":["Jack Of All Trades","Replay:Bootleg Shield Generator","jedi:forcepush"],"picked":"Secret Technique","floor":138.0},{"not_picked":["beaked:HuntressSpirit+1","beaked:FeelMyPain+1","jedi:fear+1","Twin Strike","Slice"],"picked":"SKIP","floor":140.0},{"not_picked":["beaked:Poke+1","beaked:StunningBlow+1","beaked:MimicMachine","Caltrops"],"picked":"beaked:TuckingFeathers","floor":143.0},{"not_picked":["beaked:BarbedWire+1","beaked:RitualOfBody","beaked:Foresight","Quick Slash"],"picked":"beaked:CrazyRituals+1","floor":146.0},{"not_picked":["Uppercut+1","True Grit","beaked:DigDeep","beaked:Sacrifice","Dagger Spray"],"picked":"SKIP","floor":147},{"not_picked":["Iron Wave+1","Power Through+1","Clothesline","beaked:Daydream","Blade Dance"],"picked":"SKIP","floor":149},{"not_picked":["beaked:WarriorEssence+1","Clothesline","infinitespire:OneForAll+1","beaked:SacrificialDive","jedi:pocketpoison"],"picked":"SKIP","floor":150},{"not_picked":["Body Slam","beaked:Evade+1","beaked:StickSmack","beaked:RuinSticks","Choke"],"picked":"SKIP","floor":156}],"player_experience":807829,"relics_obtained":[{"floor":6.0,"key":"infinitespire:PuzzleCube"},{"floor":8.0,"key":"Rawhide"},{"floor":9.0,"key":"hubris:DuctTape"},{"floor":11.0,"key":"Charon\u0027s Ashes"},{"floor":13.0,"key":"hubris:TinFlute"},{"floor":23.0,"key":"Smiling Mask"},{"floor":25.0,"key":"StoneCalendar"},{"floor":26.0,"key":"MiniBlackHole"},{"floor":28.0,"key":"infinitespire:Midas Blood"},{"floor":30.0,"key":"ReplayTheSpireMod:Ninjato"},{"floor":40.0,"key":"RoseTintedShades"},{"floor":42.0,"key":"Replay:Rubber Ducky"},{"floor":43.0,"key":"RetroEgg"},{"floor":45.0,"key":"hubris:Zylophone"},{"floor":47.0,"key":"Incense Burner"},{"floor":48.0,"key":"Whetstone"},{"floor":57.0,"key":"Dream Catcher"},{"floor":59.0,"key":"Anchor"},{"floor":60.0,"key":"hubris:DisguiseKit"},{"floor":75.0,"key":"Shovel"},{"floor":77.0,"key":"Huge Egg"},{"floor":79.0,"key":"War Paint"},{"floor":83.0,"key":"Iron Hammer"},{"floor":91.0,"key":"aspiration:AnachronicSnailShell"},{"floor":92.0,"key":"Replay:Bandana"},{"floor":94.0,"key":"jedi:shrinkray"},{"floor":94.0,"key":"PreservedInsect"},{"floor":100.0,"key":"hubris:Potato"},{"floor":108.0,"key":"infinitespire:FocusingShard"},{"floor":109.0,"key":"conspire:GiftBox"},{"floor":111.0,"key":"hubris:ChampionShield"},{"floor":111.0,"key":"SpikesRelics:ToyHorsey"},{"floor":113.0,"key":"hubris:TenFootPole"},{"floor":116.0,"key":"Quantum Egg"},{"floor":125.0,"key":"Snack Pack"},{"floor":126.0,"key":"Akabeko"},{"floor":127.0,"key":"Kunai"},{"floor":128.0,"key":"aspiration:ChemicalBlood"},{"floor":129.0,"key":"GolemAmulet"},{"floor":134.0,"key":"Vajra"},{"floor":144.0,"key":"halation:LettersToHer"},{"floor":145.0,"key":"halation:LettersToHer"},{"floor":145.0,"key":"Regal Pillow"},{"floor":148,"key":"HeavenlyBonsai"},{"floor":151,"key":"halation:SelfBoilingWater"},{"floor":154,"key":"halation:WeightlessCrab"},{"floor":156,"key":"aspiration:HiddenCompartment"}],"event_choices":[{"damage_healed":0.0,"max_hp_gain":0.0,"max_hp_loss":0.0,"gold_gain":0.0,"event_name":"Cursed Tome","player_choice":"Obtained Book","floor":19.0,"gold_loss":0.0,"damage_taken":16.0},{"damage_healed":0.0,"max_hp_gain":0.0,"max_hp_loss":0.0,"gold_gain":0.0,"event_name":"Vampires","player_choice":"Ignored","floor":27.0,"gold_loss":0.0,"damage_taken":0.0},{"damage_healed":0.0,"max_hp_gain":0.0,"max_hp_loss":0.0,"gold_gain":0.0,"event_name":"Tomb of Lord Red Mask","player_choice":"Ignored","floor":41.0,"gold_loss":0.0,"damage_taken":0.0},{"damage_healed":0.0,"max_hp_gain":0.0,"max_hp_loss":0.0,"gold_gain":0.0,"event_name":"Mysterious Sphere","player_choice":"Fight","floor":47.0,"gold_loss":0.0,"damage_taken":0.0},{"cards_removed":["Strike_R"],"damage_healed":0.0,"max_hp_gain":0.0,"max_hp_loss":0.0,"gold_gain":0.0,"event_name":"Golden Wing","player_choice":"Card Removal","floor":53.0,"gold_loss":0.0,"damage_taken":7.0},{"damage_healed":0.0,"max_hp_gain":0.0,"max_hp_loss":0.0,"gold_gain":0.0,"event_name":"Accursed Blacksmith","player_choice":"Forge","floor":63.0,"gold_loss":0.0,"damage_taken":0.0,"cards_upgraded":["Heavy Blade"]},{"damage_healed":0.0,"max_hp_gain":0.0,"max_hp_loss":6.0,"gold_gain":0.0,"event_name":"Winding Halls","player_choice":"Max HP","floor":88.0,"gold_loss":0.0,"damage_taken":0.0},{"damage_healed":0.0,"max_hp_gain":0.0,"max_hp_loss":0.0,"gold_gain":100.0,"event_name":"Golden Shrine","player_choice":"Pray","floor":99.0,"gold_loss":0.0,"damage_taken":0.0},{"damage_healed":0.0,"max_hp_gain":0.0,"max_hp_loss":0.0,"gold_gain":0.0,"event_name":"conspire:Investor","player_choice":"Leave","floor":110.0,"gold_loss":0.0,"damage_taken":0.0},{"damage_healed":109.0,"max_hp_gain":0.0,"max_hp_loss":109.0,"gold_gain":0.0,"event_name":"betterThird:BetterShining","player_choice":"Leave","floor":115.0,"gold_loss":1.0,"damage_taken":0.0},{"damage_healed":0.0,"max_hp_gain":0.0,"max_hp_loss":0.0,"gold_gain":0.0,"event_name":"Cursed Tome","player_choice":"Obtained Book","floor":123.0,"gold_loss":0.0,"damage_taken":16.0},{"damage_healed":0.0,"max_hp_gain":0.0,"max_hp_loss":0.0,"gold_gain":0.0,"event_name":"SensoryStone","player_choice":"Memory 1","floor":138.0,"gold_loss":0.0,"damage_taken":0.0}],"is_beta":false,"boss_relics":[{"not_picked":["hubris:TerracottaHorce","aspiration:RunicSpoon"],"picked":"HailfireSword"},{"not_picked":["Replay:Grab Bag","Mark of Pain"],"picked":"Abe\u0027s Treasure"},{"not_picked":["beaked:MawFillet","Black Star"],"picked":"conspire:SpecialSausage"},{"not_picked":["halation:Yufonium","halation:CatFaceCupcake"],"picked":"Sozu"},{"not_picked":["halation:Risk","aspiration:FutureDiary"],"picked":"Painkiller Herb"},{"not_picked":["beaked:MawFillet","Busted Crown"],"picked":"aspiration:PoetsPen_weak"},{"not_picked":["Coffee Dripper","infinitespire:Cupcake","halation:SmartPhone"]},{"not_picked":["Replay:Drink Me","halation:Prosthetics","Pandora\u0027s Box"]},{"not_picked":["aspiration:RunicSpoon","hubris:Stopwatch"],"picked":"Cursed Key"}],"items_purged_floors":[56,65,73,78,87,89,90,97,97,104,124,139,141],"is_endless":true,"potions_floor_spawned":[1,3,13,14,16,18,24,25,29,33,35,39,45,46,57,59,62,76,79,80,82,91,98,101,103,107,109,113,118,129,132,135,140,146,147,150,157],"ascension_level":1}}