{"host":"lehbxtjrpalkmwwj","time":1612459700,"event":{"mods":["Aspiration","BaseMod","Colored Map","Colored Powertips","Conspire","GungeonMod","KomeijiMod","Lobotomy","Minty Spire (QoL Compilation)","Quick Restart","Replay The Spire","Shop Mod","StSLib","The Cursed","The Poker Player","[IsaacMod]ÒÔÈö¼âËþ"],"gold_per_floor":[116,129,140,160,179,179,212,224,249,263,294,294,308,320,320,423,423,437,437,437],"floor_reached":19,"language":"ZHS","playtime":621,"items_purged":[],"score":235,"play_id":"b3b6f831-e5ab-41d7-89a7-3910ab2b3bde","local_time":"20210205012820","is_ascension_mode":false,"campfire_choices":[{"floor":6,"key":"RECALL"},{"data":"EpicFetus","floor":15,"key":"SMITH"}],"circlet_count":0,"master_deck":["TheCursedMod:Strike_TheCursed","TheCursedMod:Strike_TheCursed","TheCursedMod:Strike_TheCursed","TheCursedMod:Strike_TheCursed","TheCursedMod:Defend_TheCursed","TheCursedMod:Defend_TheCursed","TheCursedMod:Defend_TheCursed+1","TheCursedMod:Defend_TheCursed","TheCursedMod:CursedWand","TheCursedMod:CleanUpWorkshop","TheCursedMod:Dregs","EpicFetus+1","TheCursedMod:CursedSpellbook","TheCursedMod:CursedBlade","TheCursedMod:HellsGateOpen","TheCursedMod:DarkBarrier","TheCursedMod:CursedShiv","TheCursedMod:AbyssShockwave","TheCursedMod:SpreadPlague","TheCursedMod:CollectTribute","TheCursedMod:CursedShiv","TheCursedMod:SpitefulStrike","TheCursedMod:AntiAging","TheCursedMod:CursedMace"],"relics":["TheCursedMod:BlackMagic101","HushsDoor","GuppysHead","aspiration:Nostalgia","Burning Blood","HoshigumaDish","Boot","SacredBark","Damocles","DemoMod:GlassGuonStoneRelic","Pen Nib"],"acts_visited":["Exordium","TheCity"],"potions_floor_usage":[18,19],"damage_taken":[{"damage":0,"enemies":"Small Slimes","floor":1,"turns":3},{"damage":14,"enemies":"2 Louse","floor":2,"turns":2},{"damage":11,"enemies":"Jaw Worm","floor":3,"turns":3},{"damage":13,"enemies":"Red Slaver","floor":4,"turns":3},{"damage":0,"enemies":"Looter","floor":5,"turns":3},{"damage":19,"enemies":"Lagavulin","floor":7,"turns":5},{"damage":0,"enemies":"Large Slime","floor":8,"turns":4},{"damage":1,"enemies":"2 Fungi Beasts","floor":10,"turns":4},{"damage":15,"enemies":"Gremlin Nob","floor":11,"turns":4},{"damage":12,"enemies":"Exordium Wildlife","floor":13,"turns":2},{"damage":3,"enemies":"Lots of Slimes","floor":14,"turns":2},{"damage":0,"enemies":"Slime Boss","floor":16,"turns":6},{"damage":15,"enemies":"Spheric Guardian","floor":18,"turns":4},{"damage":0,"enemies":"Chosen","floor":19,"turns":6}],"seed_played":"836828412142569148","potions_obtained":[{"floor":3,"key":"Ancient Potion"},{"floor":5,"key":"LiquidBronze"},{"floor":8,"key":"Swift Potion"},{"floor":18,"key":"Toxic Potion"}],"is_trial":false,"path_per_floor":["M","M","M","M","M","R","E","M","T","M","E","?","M","M","R","B",null,"M","M"],"character_chosen":"THE_CURSED","items_purchased":["Damocles"],"campfire_rested":0,"item_purchase_floors":[17],"current_hp_per_floor":[75,67,62,55,61,61,48,54,54,59,50,50,44,47,47,53,65,58,60,60],"gold":437,"neow_bonus":"NOSTALGIA","is_daily":false,"chose_seed":false,"campfire_upgraded":1,"win_rate":0.0,"timestamp":1612459700,"path_taken":["M","M","M","M","M","R","E","M","T","M","E","?","M","M","R","BOSS","M","M"],"items_purchased_type":["Relic"],"build_version":"2020-12-22","purchased_purges":0,"victory":false,"max_hp_per_floor":[75,75,75,75,75,75,75,75,75,75,75,75,75,75,75,75,65,67,69,69],"card_choices":[{"not_picked":[],"picked":"EpicFetus","floor":0},{"not_picked":["TheCursedMod:Stretching","TheCursedMod:CircleOfFlame"],"picked":"TheCursedMod:CursedSpellbook","floor":1},{"not_picked":["TheCursedMod:SmokeScreen","TheCursedMod:RapidMovement"],"picked":"TheCursedMod:CursedBlade","floor":2},{"not_picked":["TheCursedMod:SpitefulStrike","TheCursedMod:SaltUponWound"],"picked":"TheCursedMod:HellsGateOpen","floor":3},{"not_picked":["TheCursedMod:RapidMovement","TheCursedMod:FuryStrike"],"picked":"TheCursedMod:DarkBarrier","floor":4},{"not_picked":["TheCursedMod:SurpriseAttack","TheCursedMod:CursedBlade"],"picked":"TheCursedMod:CursedShiv","floor":5},{"not_picked":["TheCursedMod:SmokeScreen","TheCursedMod:BlessingInDisguise","TheCursedMod:Evocation"],"picked":"SKIP","floor":7},{"not_picked":["TheCursedMod:AshesToAshes","TheCursedMod:HellsGateOpen"],"picked":"TheCursedMod:AbyssShockwave","floor":8},{"not_picked":["TheCursedMod:FuryStrike","Bomb"],"picked":"TheCursedMod:SpreadPlague","floor":10},{"not_picked":["TheCursedMod:FleshFromBone","TheCursedMod:Obscuration"],"picked":"TheCursedMod:CollectTribute","floor":11},{"not_picked":["TheCursedMod:CircleOfCorruption","TheCursedMod:FleshFromBone"],"picked":"TheCursedMod:CursedShiv","floor":13},{"not_picked":["TheCursedMod:Stretching","TheCursedMod:VitalStrike"],"picked":"TheCursedMod:SpitefulStrike","floor":14},{"not_picked":["TheCursedMod:DemonicPact","TheCursedMod:UltimatePain"],"picked":"TheCursedMod:AntiAging","floor":16},{"not_picked":["TheCursedMod:Obscuration+1","TheCursedMod:ReleasedKnowledge"],"picked":"TheCursedMod:CursedMace","floor":18}],"player_experience":119410,"relics_obtained":[{"floor":7,"key":"HoshigumaDish"},{"floor":11,"key":"Boot"},{"floor":18,"key":"Pen Nib"}],"event_choices":[],"is_beta":false,"boss_relics":[{"not_picked":["conspire:RunicOctahedron","conspire:SeveredTorchhead"],"picked":"SacredBark"},{"not_picked":[]}],"items_purged_floors":[],"is_endless":false,"potions_floor_spawned":[3,5,8,10,14,16,18],"killed_by":"Chosen","ascension_level":0}}