{"host":"2i0myh7fqij2ti1z","time":1612426772,"event":{"mods":["Aspiration","BaseMod","Better Third Choice","Colored Powertips","Conspire","Evolution","FoggyMod","GifTheSpireLib","Highlight Path","Hubris","Minty Spire (QoL Compilation)","Permanent Neow","Quick Restart","Random Character Button","Random Character Mod","Replay The Spire","Shop Mod","Spicy Shops","StSLib","Stuff the Spire","Wandering Minibosses","óô»ðÖ¸ÄÏ"],"gold_per_floor":[117,117,117,17,17,17,17,48,48,48,48,48,48,79,79,184,184,204,5,5,5,5,36,36,36,36,36,71,71,97,297,297,402,402,412,412,452,452,452],"floor_reached":38,"language":"ENG","playtime":1577,"items_purged":["Strike_R"],"score":814,"play_id":"486406f6-29b2-4a5b-8ac7-b536cf1bf230","local_time":"20210204161932","is_ascension_mode":true,"campfire_choices":[{"data":"Flex","floor":6,"key":"SMITH"},{"data":"conspire:GhostlyStrike","floor":15,"key":"PURGE"},{"data":"Offering","floor":24,"key":"SMITH"},{"data":"Bash","floor":32,"key":"SMITH"}],"circlet_count":0,"master_deck":["AscendersBane","conspire:GhostlyStrike","conspire:GhostlyStrike","conspire:GhostlyDefend","conspire:GhostlyDefend","Bash+1","Flex+1","Burning Pact","Anger+1","Twin Strike+1","Anger+1","StuffTheSpire:Innocence","Seeing Red","Offering+1","StuffTheSpire:DeathNote","Whirlwind+1","Panacea","Limit Break","Tantrum+1"],"relics":["Burning Blood","EVO:Axolotl","Black Star","Juzu Bracelet","Molten Egg 2","Matryoshka","PreservedInsect","hubris:ChampionShield","conspire:GlowingRock","Singing Bowl","Pear","StuffTheSpire:Expresso","Gremlin Horn","Abe\u0027s Treasure","StuffTheSpire:Wildfire","King of Hearts","Akabeko","Oddly Smooth Stone","White Beast Statue","StuffTheSpire:NeowsTribute","Paper Frog","conspire:DecoderRing","hubris:SlimyHat","aspiration:WatcherSkillbook","hubris:Towel","aspiration:HummingbirdHeart"],"acts_visited":["Exordium","TheCity","TheBeyond"],"potions_floor_usage":[16,16,33],"damage_taken":[{"damage":12,"enemies":"conspire:RoseBush","floor":1,"turns":3},{"damage":16,"enemies":"Gremlin Nob","floor":8,"turns":3},{"damage":8,"enemies":"Replay:BlueRogue","floor":14,"turns":3},{"damage":36,"enemies":"Fading Forest","floor":16,"turns":11},{"damage":22,"enemies":"Shell Parasite","floor":18,"turns":4},{"damage":1,"enemies":"conspire:Head Lice","floor":23,"turns":3},{"damage":29,"enemies":"Book of Stabbing","floor":28,"turns":4},{"damage":1,"enemies":"Slavers","floor":30,"turns":1},{"damage":25,"enemies":"Champ","floor":33,"turns":4},{"damage":5,"enemies":"Orb Walker","floor":35,"turns":2},{"damage":47,"enemies":"conspire:MimicChest","floor":37,"turns":5}],"seed_played":"-3535469066726332140","potions_obtained":[{"floor":1,"key":"EssenceOfSteel"},{"floor":8,"key":"Toxic Potion"},{"floor":23,"key":"FearPotion"},{"floor":28,"key":"Doom Potion"},{"floor":30,"key":"Adrenaline Potion"},{"floor":33,"key":"Explosive Potion"}],"is_trial":false,"path_per_floor":["M","?","?","$","?","R","$","E","T","?","T","?","?","E","R","B",null,"M","$","?","?","?","E","R","?","T","$","E","?","E","?","R","B",null,"M","?","?","?"],"character_chosen":"IRONCLAD","items_purchased":["Twin Strike+1","StuffTheSpire:Wildfire"],"campfire_rested":0,"item_purchase_floors":[4,19],"current_hp_per_floor":[45,45,45,45,45,45,45,35,35,28,38,68,68,66,66,36,77,63,63,63,43,43,50,50,50,50,50,27,27,34,34,34,15,76,79,79,38,0,0],"gold":452,"neow_bonus":"TRANSFORM_TWO_CARDS","is_daily":false,"chose_seed":false,"campfire_upgraded":3,"win_rate":0.0,"timestamp":1612426772,"path_taken":["M","?","?","$","?","R","?","E","T","?","?","?","?","E","R","BOSS","M","$","?","?","?","E","R","?","T","?","E","?","E","?","R","BOSS","M","?","?","?"],"items_purchased_type":["Card","Relic"],"build_version":"2020-12-22","purchased_purges":1,"victory":false,"max_hp_per_floor":[80,80,80,80,80,80,80,80,80,80,90,90,90,90,90,90,90,92,92,92,92,92,94,94,94,94,94,94,94,96,96,96,96,96,98,98,98,98,98],"card_choices":[{"not_picked":["Inflame","Clothesline"],"picked":"Anger","floor":1},{"not_picked":["Flex","Cleave+1"],"picked":"Anger+1","floor":8},{"not_picked":["Eclipse","hubris:CleavingFinish+1"],"picked":"Seeing Red","floor":14},{"not_picked":["Demon Form","Exhume"],"picked":"Offering","floor":16},{"not_picked":["Bloodletting+1","Iron Wave+1","ReplayTheSpireMod:Corrosion Curse+1"],"picked":"Singing Bowl","floor":18},{"not_picked":["Rage","Sword Boomerang+1","ReplayTheSpireMod:Corrosion Curse+1"],"picked":"Singing Bowl","floor":23},{"not_picked":["Dropkick+1","Twin Strike+1"],"picked":"Whirlwind+1","floor":28},{"not_picked":["Armaments+1","Battle Trance+1","Searing Blow+1"],"picked":"Singing Bowl","floor":30},{"not_picked":["Exhume","Juggernaut"],"picked":"Limit Break","floor":33},{"not_picked":["Halt","Clash+1","Consecrate+1","Replay:ManipulateFuture+1"],"picked":"Singing Bowl","floor":35},{"not_picked":["Crescendo","Warcry","Pummel+1"],"picked":"Tantrum+1","floor":37}],"player_experience":326203,"relics_obtained":[{"floor":8,"key":"Matryoshka"},{"floor":8,"key":"PreservedInsect"},{"floor":9,"key":"hubris:ChampionShield"},{"floor":9,"key":"conspire:GlowingRock"},{"floor":11,"key":"Singing Bowl"},{"floor":11,"key":"Pear"},{"floor":14,"key":"StuffTheSpire:Expresso"},{"floor":14,"key":"Gremlin Horn"},{"floor":23,"key":"Akabeko"},{"floor":23,"key":"Oddly Smooth Stone"},{"floor":26,"key":"White Beast Statue"},{"floor":28,"key":"StuffTheSpire:NeowsTribute"},{"floor":28,"key":"Paper Frog"},{"floor":30,"key":"conspire:DecoderRing"},{"floor":30,"key":"hubris:SlimyHat"},{"floor":37,"key":"aspiration:HummingbirdHeart"}],"event_choices":[{"cards_removed":["Injury"],"damage_healed":0,"gold_gain":0,"player_choice":"Forget","damage_taken":0,"max_hp_gain":0,"max_hp_loss":0,"event_name":"Living Wall","floor":5,"gold_loss":0},{"damage_healed":30,"gold_gain":0,"player_choice":"Banana","damage_taken":0,"max_hp_gain":0,"max_hp_loss":0,"event_name":"Big Fish","floor":12,"gold_loss":0},{"damage_healed":0,"gold_gain":0,"player_choice":"Agree","damage_taken":0,"max_hp_gain":0,"max_hp_loss":0,"event_name":"conspire:LoneGhost","floor":13,"gold_loss":0},{"damage_healed":0,"gold_gain":0,"player_choice":"Stole Relic","damage_taken":0,"relics_obtained":["King of Hearts"],"max_hp_gain":0,"max_hp_loss":0,"event_name":"Addict","floor":22,"gold_loss":0,"cards_obtained":["Shame"]},{"damage_healed":0,"gold_gain":0,"player_choice":"1 cards matched","damage_taken":0,"max_hp_gain":0,"max_hp_loss":0,"event_name":"Match and Keep!","floor":25,"gold_loss":0,"cards_obtained":["Warcry"]},{"damage_healed":0,"gold_gain":0,"cards_transformed":["conspire:GhostlyDefend"],"player_choice":"Transformed","damage_taken":0,"max_hp_gain":0,"max_hp_loss":0,"event_name":"Transmorgrifier","floor":29,"gold_loss":0,"cards_obtained":["Panacea"]},{"damage_healed":0,"gold_gain":250,"player_choice":"Bet on Owner","damage_taken":0,"max_hp_gain":0,"max_hp_loss":0,"event_name":"The Joust","floor":31,"gold_loss":50}],"is_beta":false,"boss_relics":[{"not_picked":["Ooze Armor","hubris:VirtuousBlindfold"],"picked":"Abe\u0027s Treasure"},{"not_picked":["aspiration:SecretTechniqueScroll","aspiration:SilentSkillbook"],"picked":"aspiration:WatcherSkillbook"}],"items_purged_floors":[4],"is_endless":false,"potions_floor_spawned":[1,8,23,28,30,33,35,37],"ascension_level":10}}