{"host":"qj91dvco5uhu9oti","time":1612462435,"event":{"mods":["BaseMod","Colored Map","Keyboard Shortcuts","Minty Spire (QoL Compilation)","Permanent Neow","Relic Stats","StSLib","SuperFastMode","everything is the same but u backflip on backflip"],"gold_per_floor":[114,114,181,200,215,215,235,265,265,28,28,59,59,91,91,187,187,206,171,71,121,171,198,198,215,269,70,97,57,76,104,104,201,201,217,234,250,88,108,108,142,157,157,171,171,203,253,268,268,268],"floor_reached":51,"language":"KOR","playtime":1444,"items_purged":["Strike_P","Defend_P","Defend_P"],"score":1541,"play_id":"f2aba431-171d-4deb-847e-9716fc1ebfd2","local_time":"20210205031355","is_ascension_mode":true,"campfire_choices":[{"data":"BowlingBash","floor":6.0,"key":"SMITH"},{"data":"Adaptation","floor":11.0,"key":"SMITH"},{"data":"MentalFortress","floor":13.0,"key":"SMITH"},{"data":"CrushJoints","floor":15.0,"key":"SMITH"},{"data":"Tantrum","floor":24.0,"key":"SMITH"},{"data":"Adaptation","floor":32.0,"key":"SMITH"},{"floor":40.0,"key":"REST"},{"data":"Apotheosis","floor":45.0,"key":"SMITH"},{"floor":49,"key":"REST"}],"circlet_count":0,"master_deck":["AscendersBane","Strike_P","Strike_P","Strike_P","Defend_P","Eruption+1","Vigilance","ForeignInfluence","MentalFortress+1","BowlingBash+1","Conclude","FearNoEvil","CrushJoints+1","Adaptation+1","EmptyFist","WindmillStrike+1","Scrawl","FlurryOfBlows+1","Ghostly","Ghostly","Ghostly","Ghostly","Ghostly","Vengeance","Tantrum+1","Adaptation+1","Crescendo","Scrawl","FearNoEvil","Apotheosis+1","Swivel+1","Tantrum","FlurryOfBlows","Master of Strategy","Parasite","InnerPeace+1"],"relics":["PureWater","SsserpentHead","Shuriken","Gremlin Horn","Pen Nib","Ginger","VioletLotus","TeardropLocket","Darkstone Periapt","Juzu Bracelet","Toy Ornithopter","Vajra","Philosopher\u0027s Stone","Kunai","Pear","Singing Bowl"],"acts_visited":["TheCity","TheBeyond"],"potions_floor_usage":[50],"damage_taken":[{"damage":0.0,"enemies":"Small Slimes","floor":1.0,"turns":3.0},{"damage":0.0,"enemies":"Cultist","floor":3.0,"turns":2.0},{"damage":0.0,"enemies":"Jaw Worm","floor":4.0,"turns":1.0},{"damage":7.0,"enemies":"2 Fungi Beasts","floor":5.0,"turns":5.0},{"damage":11.0,"enemies":"Blue Slaver","floor":7.0,"turns":4.0},{"damage":8.0,"enemies":"Lagavulin","floor":8.0,"turns":4.0},{"damage":0.0,"enemies":"Gremlin Nob","floor":12.0,"turns":2.0},{"damage":11.0,"enemies":"Lagavulin","floor":14.0,"turns":4.0},{"damage":20.0,"enemies":"The Guardian","floor":16.0,"turns":8.0},{"damage":6.0,"enemies":"Chosen","floor":18.0,"turns":2.0},{"damage":9.0,"enemies":"Book of Stabbing","floor":23.0,"turns":5.0},{"damage":4.0,"enemies":"2 Thieves","floor":25.0,"turns":4.0},{"damage":0.0,"enemies":"Gremlin Leader","floor":28.0,"turns":4.0},{"damage":0.0,"enemies":"Snake Plant","floor":30.0,"turns":2.0},{"damage":3.0,"enemies":"Book of Stabbing","floor":31.0,"turns":4.0},{"damage":1.0,"enemies":"Collector","floor":33.0,"turns":4.0},{"damage":1.0,"enemies":"3 Darklings","floor":35.0,"turns":3.0},{"damage":1.0,"enemies":"Orb Walker","floor":36.0,"turns":2.0},{"damage":1.0,"enemies":"Writhing Mass","floor":37.0,"turns":3.0},{"damage":22.0,"enemies":"3 Darklings","floor":39.0,"turns":2.0},{"damage":0.0,"enemies":"Giant Head","floor":41.0,"turns":2.0},{"damage":0.0,"enemies":"4 Shapes","floor":42.0,"turns":1.0},{"damage":2.0,"enemies":"Transient","floor":44.0,"turns":5.0},{"damage":1.0,"enemies":"Nemesis","floor":46.0,"turns":3.0},{"damage":0,"enemies":"Writhing Mass","floor":48,"turns":3},{"damage":0,"enemies":"Donu and Deca","floor":50,"turns":3}],"seed_played":"3112185972965264509","potions_obtained":[{"floor":1.0,"key":"Ancient Potion"},{"floor":3.0,"key":"DuplicationPotion"},{"floor":8.0,"key":"SteroidPotion"},{"floor":18.0,"key":"ColorlessPotion"},{"floor":25.0,"key":"StancePotion"},{"floor":28.0,"key":"SkillPotion"},{"floor":33.0,"key":"Energy Potion"},{"floor":46.0,"key":"CultistPotion"}],"is_trial":false,"path_per_floor":["M","?","M","M","M","R","M","E","T","$","R","E","R","E","R","B",null,"M","?","$","?","?","E","R","M","T","$","E","?","M","E","R","B",null,"M","M","M","$","M","R","E","M","T","M","R","E","?","M","R","B",null],"character_chosen":"WATCHER","items_purchased":["FearNoEvil","CrushJoints","Adaptation","Adaptation","Apotheosis"],"campfire_rested":2,"item_purchase_floors":[10,10,10,27,38],"current_hp_per_floor":[65,65,65,65,58,58,47,39,39,39,39,39,39,28,28,8,56,50,50,50,36,36,27,27,23,23,23,23,23,23,20,20,19,32,31,30,29,29,7,17,17,17,27,25,25,29,23,29,45,50],"gold":268,"neow_bonus":"UPGRADE_CARD","is_daily":false,"chose_seed":false,"campfire_upgraded":7,"win_rate":0.0,"timestamp":1612462435,"path_taken":["M","?","?","M","M","R","M","E","T","$","R","E","R","E","R","BOSS","M","?","$","?","?","E","R","M","T","$","E","?","M","E","R","BOSS","M","M","M","$","M","R","E","M","T","M","R","E","?","M","R","BOSS"],"items_purchased_type":["Card","Card","Card","Card","Card"],"build_version":"2020-12-22","purchased_purges":3,"victory":true,"max_hp_per_floor":[72,72,72,72,72,72,72,72,72,72,72,72,72,72,72,72,72,72,72,72,36,36,36,36,36,36,36,36,36,36,36,36,36,36,36,36,36,36,36,36,36,36,46,46,46,46,50,56,56,56],"relic_stats":{"Darkstone Periapt":6,"Gremlin Horn":[13,13],"Singing Bowl":4,"counters":[26,85],"Pen Nib":[21],"Juzu Bracelet":0,"Ginger":[2],"SsserpentHead":300,"Shuriken":[50],"VioletLotus":[39],"Kunai":[21],"obtain_stats":[{"Darkstone Periapt":23,"Pear":43,"Gremlin Horn":9,"Singing Bowl":46,"Vajra":31,"Pen Nib":12,"Juzu Bracelet":26,"Ginger":14,"TeardropLocket":19,"SsserpentHead":2,"Shuriken":8,"Philosopher\u0027s Stone":34,"VioletLotus":17,"Kunai":41,"PureWater":0,"Toy Ornithopter":28},{"Darkstone Periapt":11,"Pear":22,"Gremlin Horn":6,"Singing Bowl":24,"Vajra":15,"Pen Nib":7,"Juzu Bracelet":12,"Ginger":8,"TeardropLocket":10,"SsserpentHead":1,"Shuriken":6,"Philosopher\u0027s Stone":16,"VioletLotus":9,"Kunai":21,"PureWater":0,"Toy Ornithopter":13},{"Darkstone Periapt":40,"Pear":71,"Gremlin Horn":19,"Singing Bowl":79,"Vajra":54,"Pen Nib":21,"Juzu Bracelet":44,"Ginger":25,"TeardropLocket":35,"SsserpentHead":3,"Shuriken":19,"Philosopher\u0027s Stone":58,"VioletLotus":33,"Kunai":70,"PureWater":0,"Toy Ornithopter":48}],"Toy Ornithopter":10},"card_choices":[{"not_picked":["Swivel","EmptyBody"],"picked":"ForeignInfluence","floor":1.0},{"not_picked":["SashWhip","Nirvana"],"picked":"MentalFortress","floor":3.0},{"not_picked":["EmptyBody","FlurryOfBlows","BattleHymn"],"picked":"SKIP","floor":4.0},{"not_picked":["PathToVictory","Weave"],"picked":"BowlingBash","floor":5.0},{"not_picked":["Swivel","ThirdEye"],"picked":"Conclude","floor":7.0},{"not_picked":["SpiritShield","Weave","Consecrate"],"picked":"SKIP","floor":8.0},{"not_picked":["BowlingBash","EmptyBody"],"picked":"EmptyFist","floor":12.0},{"not_picked":["Conclude","Consecrate"],"picked":"WindmillStrike","floor":14.0},{"not_picked":["Devotion","Brilliance"],"picked":"Scrawl","floor":16.0},{"not_picked":["Pray","EmptyFist"],"picked":"FlurryOfBlows+1","floor":18.0},{"not_picked":["Meditate+1","CrushJoints"],"picked":"Tantrum","floor":23.0},{"not_picked":["Fasting2","FollowUp","ThirdEye"],"picked":"SKIP","floor":25.0},{"not_picked":["EmptyFist","PathToVictory","EmptyBody"],"picked":"SKIP","floor":28.0},{"not_picked":["WaveOfTheHand","Collect","Halt+1"],"picked":"SKIP","floor":30.0},{"not_picked":["WaveOfTheHand","PathToVictory"],"picked":"Crescendo","floor":31.0},{"not_picked":["Blasphemy","DeusExMachina"],"picked":"Scrawl","floor":33.0},{"not_picked":["FlurryOfBlows","Pray"],"picked":"FearNoEvil","floor":35.0},{"not_picked":["JustLucky","Crescendo","LikeWater"],"picked":"SKIP","floor":36.0},{"not_picked":["Wallop","CutThroughFate","FlyingSleeves"],"picked":"SKIP","floor":37.0},{"not_picked":["CrushJoints","Prostrate"],"picked":"Swivel+1","floor":39.0},{"not_picked":["Fasting2","BowlingBash","Protect+1"],"picked":"SKIP","floor":41.0},{"not_picked":["ClearTheMind","Adaptation","ThirdEye"],"picked":"SKIP","floor":42.0},{"not_picked":["WaveOfTheHand+1","MasterReality"],"picked":"Tantrum","floor":44.0},{"not_picked":["SignatureMove+1","CrushJoints"],"picked":"FlurryOfBlows","floor":46.0},{"not_picked":["Dark Shackles","Sadistic Nature","Forethought"],"picked":"Singing Bowl","floor":47.0},{"not_picked":["Bandage Up","Jack Of All Trades","Mind Blast"],"picked":"Singing Bowl","floor":47.0},{"not_picked":["Mind Blast","Dark Shackles"],"picked":"Master of Strategy","floor":47.0},{"not_picked":["Protect","FlyingSleeves"],"picked":"InnerPeace+1","floor":48}],"player_experience":357268,"relics_obtained":[{"floor":8.0,"key":"Shuriken"},{"floor":9.0,"key":"Gremlin Horn"},{"floor":12.0,"key":"Pen Nib"},{"floor":14.0,"key":"Ginger"},{"floor":23.0,"key":"Darkstone Periapt"},{"floor":26.0,"key":"Juzu Bracelet"},{"floor":28.0,"key":"Toy Ornithopter"},{"floor":31.0,"key":"Vajra"},{"floor":41.0,"key":"Kunai"},{"floor":43.0,"key":"Pear"},{"floor":46.0,"key":"Singing Bowl"}],"event_choices":[{"damage_healed":0.0,"max_hp_gain":0.0,"max_hp_loss":0.0,"gold_gain":0.0,"event_name":"FaceTrader","player_choice":"Trade","floor":2.0,"gold_loss":0.0,"damage_taken":0.0,"relics_obtained":["SsserpentHead"]},{"damage_healed":0.0,"max_hp_gain":0.0,"max_hp_loss":0.0,"gold_gain":0.0,"event_name":"Addict","player_choice":"Obtained Relic","floor":19.0,"gold_loss":85.0,"damage_taken":0.0,"relics_obtained":["TeardropLocket"]},{"damage_healed":0.0,"max_hp_gain":0.0,"max_hp_loss":36.0,"gold_gain":0.0,"event_name":"Ghosts","player_choice":"Became a Ghost","floor":21.0,"gold_loss":0.0,"damage_taken":0.0,"cards_obtained":["Ghostly","Ghostly","Ghostly","Ghostly","Ghostly"]},{"damage_healed":0.0,"max_hp_gain":0.0,"max_hp_loss":0.0,"gold_gain":0.0,"event_name":"The Library","player_choice":"Read","floor":22.0,"gold_loss":0.0,"damage_taken":0.0,"cards_obtained":["Vengeance"]},{"cards_removed":["Defend_P"],"damage_healed":0.0,"max_hp_gain":0.0,"max_hp_loss":0.0,"gold_gain":0.0,"event_name":"Designer","player_choice":"Upgrade and Remove","floor":29.0,"gold_loss":90.0,"damage_taken":0.0,"cards_upgraded":["WindmillStrike"]},{"damage_healed":0.0,"max_hp_gain":0.0,"max_hp_loss":0.0,"gold_gain":0.0,"event_name":"SensoryStone","player_choice":"Memory 3","floor":47.0,"gold_loss":0.0,"damage_taken":10.0}],"is_beta":false,"boss_relics":[{"not_picked":["Calling Bell","Fusion Hammer"],"picked":"VioletLotus"},{"not_picked":["SacredBark","Black Star"],"picked":"Philosopher\u0027s Stone"}],"items_purged_floors":[10,20,27],"is_endless":false,"potions_floor_spawned":[1,3,7,8,18,25,28,33,36,37,39,41,44,46],"ascension_level":12}}