{"host":"815dqs41i1y8uxms","time":1612445458,"event":{"mods":["A Penny For Your Troubles","Act Like it!","BaseMod","Dark Map","GungeonMod","Minty Spire (QoL Compilation)","Rare Cards Sparkle","Shop Mod","Spire Arcade","StSLib"],"gold_per_floor":[112,123,183,194,194,222,222,241,241,267,26,59,59,77,77,175,175,187,206,206,65,65,65,117,131,131,0,16,40,145,157,157,300,300,320,382,31,31,5,5,43,43,43,66,87,123,123,15,15,25,25,25,6,6,6],"floor_reached":54,"language":"ENG","playtime":5134,"items_purged":[],"score":883,"play_id":"f1394cb1-32b3-441d-b9aa-46c60a7bbaa5","local_time":"20210204143058","is_ascension_mode":false,"campfire_choices":[{"data":"DemoMod:ManualReload","floor":7,"key":"SMITH"},{"floor":15,"key":"REST"},{"floor":23,"key":"RECALL"},{"floor":32,"key":"REST"},{"data":"DemoMod:CursedBullets","floor":40,"key":"SMITH"},{"data":"DemoMod:Behold!","floor":42,"key":"SMITH"},{"data":"DemoMod:FullFirepower","floor":47,"key":"SMITH"},{"data":"DemoMod:Unity","floor":49,"key":"SMITH"},{"data":"DemoMod:BSG","floor":52,"key":"SMITH"}],"circlet_count":0,"master_deck":["DemoMod:Defend_Huntress","DemoMod:Defend_Huntress","DemoMod:Defend_Huntress","DemoMod:Roll","DemoMod:ManualReload+1","DemoMod:RustySidearm","DemoMod:CrossBow","DemoMod:BSG+1","DemoMod:HighKaliber","DemoMod:DoubleSwitch","DemoMod:HuntsMan","DemoMod:TeaPot","DemoMod:Gungine","DemoMod:DirectionalPad","DemoMod:TableSutra","DemoMod:Ejector","DemoMod:AbyssalTentacle","DemoMod:CursedBullets+1","DemoMod:Desperate+1","DemoMod:ThirdPartyController+1","DemoMod:Evolver","DemoMod:FeignSurrender+1","DemoMod:GunstockTap","DemoMod:Behold!+1","DemoMod:BattleInHaste","DemoMod:Unity+1","DemoMod:MegaHand+1","DemoMod:CursedBullets","DemoMod:Slinger","DemoMod:TeaPot+1","DemoMod:FightSabre","CurseOfTheBell","DemoMod:ConditionalReflex+1","DemoMod:PotionOfGunFriendShip+1","DemoMod:Unmoved","DemoMod:FullFirepower+1","DemoMod:GunShield+1","DemoMod:SkilledReload+1","DemoMod:SpreadAmmo","DemoMod:Camera","DemoMod:CursedBullets"],"relics":["DemoMod:Dog","Lantern","Incense Burner","DemoMod:OrangeGuonStone","MerchantsRug","DemoMod:GnawedKey","DemoMod:DecoyRelic","DemoMod:PortableTableDevice","Calipers","DemoMod:NanoMachines","InkBottle","Vajra","StoneCalendar","DemoMod:VorpalBullet","DemoMod:MonsterBlood","Sundial","DemoMod:HoleyGrail","Bronze Scales"],"acts_visited":["Exordium","TheCity","TheBeyond","TheEnding"],"potions_floor_usage":[6,10,16,30,33,33,33,50,50,50,50],"damage_taken":[{"damage":0.0,"enemies":"Jaw Worm","floor":1.0,"turns":2.0},{"damage":0.0,"enemies":"2 Louse","floor":2.0,"turns":2.0},{"damage":7.0,"enemies":"Small Slimes","floor":4.0,"turns":3.0},{"damage":7,"enemies":"Gremlin Nob","floor":6,"turns":3},{"damage":17,"enemies":"Gremlin Gang","floor":8,"turns":3},{"damage":0,"enemies":"Lagavulin","floor":10,"turns":2},{"damage":1,"enemies":"3 Sentries","floor":12,"turns":4},{"damage":0,"enemies":"Large Slime","floor":14,"turns":4},{"damage":33,"enemies":"The Guardian","floor":16,"turns":8},{"damage":19,"enemies":"2 Thieves","floor":18,"turns":4},{"damage":7,"enemies":"Spheric Guardian","floor":19,"turns":3},{"damage":11,"enemies":"Gremlin Leader","floor":24,"turns":6},{"damage":1,"enemies":"Cultist and Chosen","floor":25,"turns":5},{"damage":12,"enemies":"Centurion and Healer","floor":28,"turns":3},{"damage":9,"enemies":"Snecko","floor":29,"turns":4},{"damage":17,"enemies":"Colosseum Slavers","floor":30,"turns":2},{"damage":5,"enemies":"Colosseum Nobs","floor":30,"turns":3},{"damage":0,"enemies":"Snake Plant","floor":31,"turns":2},{"damage":0,"enemies":"Champ","floor":33,"turns":5},{"damage":0,"enemies":"Orb Walker","floor":35,"turns":3},{"damage":0,"enemies":"2 Orb Walkers","floor":36,"turns":4},{"damage":27,"enemies":"Giant Head","floor":41,"turns":7},{"damage":0,"enemies":"3 Shapes","floor":44,"turns":2},{"damage":0,"enemies":"Sphere and 2 Shapes","floor":45,"turns":2},{"damage":0,"enemies":"Reptomancer","floor":46,"turns":2},{"damage":14,"enemies":"Donu and Deca","floor":50,"turns":5},{"damage":83,"enemies":"Shield and Spear","floor":54,"turns":4}],"seed_played":"6728078639818506193","potions_obtained":[{"floor":4.0,"key":"Fire Potion"},{"floor":8,"key":"BlessingOfTheForge"},{"floor":10,"key":"ColorlessPotion"},{"floor":12,"key":"LiquidBronze"},{"floor":16,"key":"GamblersBrew"},{"floor":24,"key":"ColorlessPotion"},{"floor":25,"key":"SteroidPotion"},{"floor":28,"key":"DistilledChaos"},{"floor":30,"key":"DistilledChaos"},{"floor":31,"key":"AttackPotion"},{"floor":45,"key":"Explosive Potion"},{"floor":46,"key":"DistilledChaos"}],"is_trial":false,"path_per_floor":["M","M","?","M","?","E","R","M","T","E","$","E","$","M","R","B",null,"M","M","?","$","?","R","E","M","T","$","M","M","?","M","R","B",null,"M","?","$","?","$","R","E","R","T","M","M","E","R","$","R","B",null,"R","$","E"],"character_chosen":"HUNTRESS","items_purchased":["MerchantsRug","DemoMod:GnawedKey","DemoMod:AbyssalTentacle","DemoMod:PortableTableDevice","DemoMod:BattleInHaste","DemoMod:LamentConfigurum","DemoMod:MonsterBlood","Gremlin Horn","DemoMod:Unmoved","EntropicBrew","DemoMod:Camera","DemoMod:CursedBullets","Bronze Scales","Dexterity Potion"],"campfire_rested":2,"item_purchase_floors":[11,11,13,21,21,27,37,37,39,48,48,48,53,53],"current_hp_per_floor":[70,70,70,63,63,56,56,39,39,39,54,53,68,68,70,37,70,51,44,44,59,59,59,48,47,47,62,50,41,19,19,40,40,76,76,76,83,83,83,83,56,77,77,77,77,77,83,83,83,69,83,83,83,0,0],"gold":6,"neow_bonus":"ONE_RANDOM_RARE_CARD","is_daily":false,"chose_seed":false,"campfire_upgraded":6,"win_rate":0.0,"timestamp":1612445458,"path_taken":["M","M","?","M","?","E","R","M","T","E","$","E","$","M","R","BOSS","M","M","?","?","?","R","E","?","T","$","M","M","?","M","R","BOSS","M","?","$","?","$","R","E","R","T","?","M","E","R","?","R","BOSS","R","$","E"],"items_purchased_type":["Relic","Relic","Card","Relic","Card","Relic","Relic","Relic","Card","Potion","Card","Card","Relic","Potion"],"build_version":"2020-12-22","purchased_purges":0,"victory":false,"max_hp_per_floor":[70,70,70,70,70,70,70,70,70,70,70,70,70,70,70,70,70,70,70,70,70,70,70,70,70,70,70,70,70,70,70,70,70,76,76,76,83,83,83,83,83,83,83,83,83,83,83,83,83,83,83,83,83,83,83],"card_choices":[{"not_picked":["DemoMod:ConditionalReflex","DemoMod:BattleInHaste"],"picked":"DemoMod:HighKaliber","floor":1.0},{"not_picked":["DemoMod:AWP","DemoMod:Purify"],"picked":"DemoMod:DoubleSwitch","floor":2.0},{"not_picked":["DemoMod:Ejector","DemoMod:BattleInHaste"],"picked":"DemoMod:HuntsMan","floor":4.0},{"not_picked":["DemoMod:GunstockTap","DemoMod:TableSutra"],"picked":"DemoMod:TeaPot","floor":4.0},{"not_picked":["DemoMod:TeaPot","DemoMod:GunShield"],"picked":"DemoMod:Gungine","floor":6},{"not_picked":["DemoMod:FastSwitch","DemoMod:ZorGun"],"picked":"DemoMod:DirectionalPad","floor":8},{"not_picked":["DemoMod:CombinedRifle","DemoMod:ConditionalReflex"],"picked":"DemoMod:TableSutra","floor":10},{"not_picked":["DemoMod:CombinedRifle","DemoMod:GunstockTap"],"picked":"DemoMod:Ejector","floor":12},{"not_picked":["DemoMod:ShadowBullets","DemoMod:DoubleSwitch"],"picked":"DemoMod:CursedBullets","floor":14},{"not_picked":["DemoMod:ThirdPartyController","DemoMod:Eureka"],"picked":"DemoMod:Desperate","floor":16},{"not_picked":["DemoMod:Polaris+1","DemoMod:ConditionalReflex"],"picked":"DemoMod:GunstockTap","floor":18},{"not_picked":["DemoMod:HuntsMan","DemoMod:GunstockTap"],"picked":"DemoMod:Behold!","floor":19},{"not_picked":["DemoMod:PracticeMakesPerfect","DemoMod:TeaPot+1"],"picked":"DemoMod:Purify","floor":24},{"not_picked":["DemoMod:BoxingGlove","DemoMod:FastSwitch"],"picked":"DemoMod:Unity","floor":25},{"not_picked":["DemoMod:ConditionalReflex","DemoMod:DoubleSwitch+1"],"picked":"DemoMod:MegaHand+1","floor":28},{"not_picked":["DemoMod:Ejector","DemoMod:TableSutra"],"picked":"DemoMod:CursedBullets","floor":29},{"not_picked":["DemoMod:FeignSurrender+1","DemoMod:PracticeMakesPerfect"],"picked":"DemoMod:Slinger","floor":30},{"not_picked":["DemoMod:BoxingGlove","DemoMod:StickyCrossBow"],"picked":"DemoMod:TeaPot+1","floor":31},{"not_picked":["DemoMod:Behold!","DemoMod:BlankBullets"],"picked":"DemoMod:FightSabre","floor":33},{"not_picked":["DemoMod:FortunesFavor","DemoMod:HuntsMan+1"],"picked":"DemoMod:ConditionalReflex+1","floor":35},{"not_picked":["DemoMod:CombinedRifle+1","DemoMod:DoubleSwitch+1"],"picked":"DemoMod:PotionOfGunFriendShip+1","floor":36},{"not_picked":["DemoMod:ConditionalReflex+1","DemoMod:GunstockTap+1"],"picked":"DemoMod:FullFirepower","floor":41},{"not_picked":["DemoMod:HighKaliber","DemoMod:Ejector+1"],"picked":"DemoMod:GunShield+1","floor":44},{"not_picked":["DemoMod:GunShield+1","DemoMod:AbyssalTentacle"],"picked":"DemoMod:SkilledReload+1","floor":45},{"not_picked":["DemoMod:SAA","DemoMod:Purify+1"],"picked":"DemoMod:SpreadAmmo","floor":46}],"player_experience":3733330,"relics_obtained":[{"floor":6,"key":"Incense Burner"},{"floor":6,"key":"MealTicket"},{"floor":10,"key":"DemoMod:OrangeGuonStone"},{"floor":12,"key":"DemoMod:DecoyRelic"},{"floor":24,"key":"Darkstone Periapt"},{"floor":26,"key":"Calipers"},{"floor":30,"key":"DemoMod:NanoMachines"},{"floor":30,"key":"InkBottle"},{"floor":34,"key":"Vajra"},{"floor":34,"key":"Eternal Feather"},{"floor":34,"key":"StoneCalendar"},{"floor":36,"key":"DemoMod:VorpalBullet"},{"floor":41,"key":"DemoMod:Metronome"},{"floor":43,"key":"Sundial"},{"floor":46,"key":"DemoMod:HoleyGrail"}],"event_choices":[{"damage_healed":0.0,"max_hp_gain":0.0,"max_hp_loss":0.0,"gold_gain":60.0,"event_name":"Golden Wing","player_choice":"Gained Gold","floor":3.0,"gold_loss":0.0,"damage_taken":0.0},{"damage_healed":0,"gold_gain":0,"player_choice":"Upgraded","damage_taken":0,"max_hp_gain":0,"max_hp_loss":0,"event_name":"Upgrade Shrine","floor":20,"gold_loss":0,"cards_upgraded":["DemoMod:Desperate"]},{"damage_healed":0,"gold_gain":0,"player_choice":"Cursed","damage_taken":0,"max_hp_gain":0,"max_hp_loss":0,"event_name":"Wheel of Change","floor":22,"gold_loss":0,"cards_obtained":["Decay"]},{"damage_healed":0,"gold_gain":0,"player_choice":"Fight","damage_taken":0,"max_hp_gain":0,"max_hp_loss":0,"event_name":"Colosseum","floor":30,"gold_loss":0},{"damage_healed":0,"gold_gain":0,"player_choice":"Fought Nobs","damage_taken":0,"max_hp_gain":0,"max_hp_loss":0,"event_name":"Colosseum","floor":30,"gold_loss":0},{"damage_healed":0,"gold_gain":0,"player_choice":"Fight","damage_taken":0,"max_hp_gain":0,"max_hp_loss":0,"event_name":"Mysterious Sphere","floor":36,"gold_loss":0},{"cards_removed":["DemoMod:Strike_Huntress"],"damage_healed":0,"gold_gain":0,"player_choice":"Purged","damage_taken":0,"max_hp_gain":0,"max_hp_loss":0,"event_name":"Purifier","floor":38,"gold_loss":0}],"is_beta":false,"boss_relics":[{"not_picked":["Snecko Eye","SlaversCollar"],"picked":"Astrolabe"},{"not_picked":["Pandora\u0027s Box","Fusion Hammer"],"picked":"Calling Bell"}],"items_purged_floors":[],"is_endless":false,"potions_floor_spawned":[4,8,10,12,16,24,25,28,30,30,31,45,46],"killed_by":"Shield and Spear","ascension_level":0}}