{"host":"zgdag062zrknap1a","time":1612421263,"event":{"mods":["AchievementEnabler","Act Like it!","Aspiration","Bard","BaseMod","BetterRewards","Colored Map","Colored Powertips","Conspire","Downfall","Gensokyo","Hallownest","Hermit","Highlight Path","Hubris","Infinite Spire","Jorbs\u0027s Wanderer Trilogy","Marisa????????","Minty Spire (QoL Compilation)","Quick Restart","Rare Cards Sparkle","Replay The Spire","Shop Mod","StSLib","The Bug Knight","The Cursed","The Hierophant","The Necromancer","The Runesmith","The Servant 0.9.4"],"gold_per_floor":[111,123,123,133,144,144,144],"floor_reached":6,"language":"ENG","playtime":431,"items_purged":["Defend_G"],"score":38,"play_id":"cf34fd0a-d9f6-43b3-9079-88f80d8529fc","local_time":"20210203224743","is_ascension_mode":false,"campfire_choices":[],"circlet_count":0,"master_deck":["Strike_G","Strike_G","Strike_G","Strike_G","Strike_G","Defend_G","Defend_G","Defend_G","Defend_G","Survivor","Neutralize","Sucker Punch","Leg Sweep","Flying Knee","hubris:EnhanceAbility","Dodge and Roll","Terror","Flying Knee","Dagger Spray","hubris:Counter"],"relics":["Ring of the Snake","Bag of Marbles","Replay:Towering Pillar of Hats"],"acts_visited":["Exordium"],"potions_floor_usage":[2],"damage_taken":[{"damage":0,"enemies":"Small Slimes","floor":1,"turns":3},{"damage":0,"enemies":"2 Louse","floor":2,"turns":2},{"damage":1,"enemies":"Jaw Worm","floor":4,"turns":4},{"damage":0,"enemies":"3 Louse","floor":5,"turns":3},{"damage":10,"enemies":"Gremlin Nob","floor":6,"turns":3}],"seed_played":"4087803031861974203","potions_obtained":[{"floor":2,"key":"Fruit Juice"}],"is_trial":false,"path_per_floor":["M","M","?","M","M","E"],"character_chosen":"THE_SILENT","items_purchased":["Sucker Punch","Leg Sweep","Flying Knee","hubris:EnhanceAbility","Dodge and Roll","Terror","Flying Knee","Bag of Marbles"],"campfire_rested":0,"item_purchase_floors":[0,0,0,0,0,0,0,0],"current_hp_per_floor":[38,43,31,30,30,20,20],"gold":144,"neow_bonus":"","is_daily":false,"chose_seed":false,"campfire_upgraded":0,"win_rate":0.0,"timestamp":1612421263,"path_taken":["M","M","?","M","M","E"],"items_purchased_type":["Card","Card","Card","Card","Card","Card","Card","Relic"],"build_version":"2020-12-22","purchased_purges":1,"victory":false,"max_hp_per_floor":[70,75,75,75,75,75,75],"card_choices":[{"not_picked":["Deadly Poison","Dagger Throw","Expertise"],"picked":"SKIP","floor":1},{"not_picked":["Caltrops","Deflect"],"picked":"Dagger Spray","floor":2},{"not_picked":["Sneak Up","Escape Plan"],"picked":"hubris:Counter","floor":4},{"not_picked":["Blade Dance","Finisher","Backflip"],"picked":"SKIP","floor":5}],"player_experience":397177,"relics_obtained":[],"event_choices":[{"damage_healed":0,"gold_gain":0,"player_choice":"Success","damage_taken":12,"relics_obtained":["Replay:Towering Pillar of Hats"],"max_hp_gain":0,"max_hp_loss":0,"event_name":"Scrap Ooze","floor":3,"gold_loss":0}],"is_beta":false,"boss_relics":[],"items_purged_floors":[0],"is_endless":false,"potions_floor_spawned":[2],"killed_by":"Gremlin Nob","ascension_level":0}}