{"host":"vfg9szunmpjwj08o","time":1612475346,"event":{"mods":["Act Like it!","BaseMod","Challenge The Spire","Colored Map","Colored Powertips","Conspire","Dark Map","Minty Spire (QoL Compilation)","Relic Stats","StSLib","Waifu the Spire"],"gold_per_floor":[109,59,10,10,22,55,55,65,90,117,117,129,143,153,153,258,258,276,376,387,404,70,70,88,88,113,138,154,189,189,203,203,299,299,318,332,86,103,118,118,118],"floor_reached":40,"language":"ENG","playtime":1747,"items_purged":["Strike_P"],"score":750,"play_id":"4c722cee-e6cb-4c84-9179-718ac5b00927","local_time":"20210204224906","is_ascension_mode":true,"campfire_choices":[{"data":"Eruption","floor":7,"key":"SMITH"},{"data":"Eruption","floor":11,"key":"SMITH"},{"data":"Adaptation","floor":15,"key":"SMITH"},{"data":"Apotheosis","floor":23,"key":"SMITH"},{"data":"Alpha","floor":25,"key":"SMITH"},{"floor":30,"key":"RECALL"},{"data":"Alpha","floor":32,"key":"SMITH"}],"circlet_count":0,"master_deck":["Strike_P","Strike_P","Defend_P","Defend_P","Defend_P","Defend_P","Eruption+1","Vigilance","EmptyBody","Consecrate","Eruption+1","Perseverance","Meditate","Adaptation+1","Alpha+1","CutThroughFate","Alpha+1","Sanctity","InnerPeace+1","Apotheosis+1","FearNoEvil","MasterReality","Scrawl","EmptyMind+1"],"relics":["PureWater","NeowsBlessing","Anchor","Vajra","conspire:Dentures","Coffee Dripper","Bag of Marbles","InkBottle","conspire:RunicOctahedron","Mummified Hand"],"acts_visited":["Exordium","TheCity","TheBeyond"],"potions_floor_usage":[10,16,18,27,29,33,39],"damage_taken":[{"damage":0,"enemies":"Jaw Worm","floor":1,"turns":1},{"damage":0,"enemies":"Small Slimes","floor":5,"turns":1},{"damage":0,"enemies":"3 Sentries","floor":6,"turns":1},{"damage":0,"enemies":"Cultist","floor":8,"turns":2},{"damage":0,"enemies":"Gremlin Nob","floor":10,"turns":2},{"damage":0,"enemies":"2 Fungi Beasts","floor":12,"turns":3},{"damage":0,"enemies":"Gremlin Gang","floor":13,"turns":3},{"damage":1,"enemies":"Blue Slaver","floor":14,"turns":6},{"damage":14,"enemies":"Slime Boss","floor":16,"turns":5},{"damage":0,"enemies":"Chosen","floor":18,"turns":2},{"damage":0,"enemies":"Spheric Guardian","floor":20,"turns":3},{"damage":0,"enemies":"conspire:HollyBat","floor":21,"turns":6},{"damage":6,"enemies":"3 Cultists","floor":24,"turns":3},{"damage":8,"enemies":"Gremlin Leader","floor":27,"turns":5},{"damage":8,"enemies":"Snake Plant","floor":28,"turns":4},{"damage":16,"enemies":"conspire:Head Lice","floor":29,"turns":5},{"damage":10,"enemies":"conspire:HollyBat","floor":31,"turns":6},{"damage":11,"enemies":"conspire:MysteriousRune","floor":33,"turns":6},{"damage":8,"enemies":"Orb Walker","floor":35,"turns":3},{"damage":6,"enemies":"3 Darklings","floor":36,"turns":3},{"damage":29,"enemies":"Spire Growth","floor":38,"turns":5},{"damage":5,"enemies":"Transient","floor":39,"turns":5},{"damage":49,"enemies":"Giant Head","floor":40,"turns":6}],"seed_played":"7709057233249274962","potions_obtained":[{"floor":8,"key":"SteroidPotion"},{"floor":10,"key":"Block Potion"},{"floor":13,"key":"Fire Potion"},{"floor":16,"key":"FearPotion"},{"floor":20,"key":"ColorlessPotion"},{"floor":28,"key":"EssenceOfSteel"},{"floor":31,"key":"AttackPotion"},{"floor":38,"key":"Weak Potion"}],"is_trial":false,"path_per_floor":["M","?","$","?","M","E","R","M","T","E","R","M","M","M","R","B",null,"M","?","M","M","$","R","M","R","T","E","M","E","R","M","R","B",null,"M","M","$","M","M","E"],"character_chosen":"WATCHER","items_purchased":["Consecrate","Apotheosis","FearNoEvil","Mummified Hand"],"campfire_rested":0,"item_purchase_floors":[3,22,22,37],"current_hp_per_floor":[65,65,65,65,65,65,65,65,65,65,65,65,65,64,64,50,67,67,67,67,67,67,67,61,61,61,53,45,29,29,19,19,8,56,48,42,42,13,8,0,0],"gold":118,"neow_bonus":"THREE_ENEMY_KILL","is_daily":false,"chose_seed":false,"campfire_upgraded":6,"win_rate":0.0,"timestamp":1612475346,"path_taken":["M","?","$","?","M","E","R","M","T","E","R","M","?","M","R","BOSS","M","?","M","M","$","R","?","R","T","E","M","E","R","M","R","BOSS","M","?","$","M","M","E"],"items_purchased_type":["Card","Card","Card","Relic"],"build_version":"2020-12-22","purchased_purges":1,"victory":false,"max_hp_per_floor":[72,72,72,72,72,72,72,72,72,72,72,72,72,72,72,72,72,72,72,72,72,72,72,72,72,72,72,72,72,72,72,72,72,72,72,72,72,72,72,72,72],"relic_stats":{"counters":[23,86],"Mummified Hand":[11],"obtain_stats":[{"conspire:Dentures":10,"Anchor":6,"NeowsBlessing":0,"Mummified Hand":37,"Vajra":9,"conspire:RunicOctahedron":34,"Coffee Dripper":17,"Bag of Marbles":27,"PureWater":0,"InkBottle":29},{"conspire:Dentures":5,"Anchor":3,"NeowsBlessing":0,"Mummified Hand":20,"Vajra":4,"conspire:RunicOctahedron":18,"Coffee Dripper":9,"Bag of Marbles":14,"PureWater":0,"InkBottle":16},{"conspire:Dentures":7,"Anchor":3,"NeowsBlessing":0,"Mummified Hand":70,"Vajra":5,"conspire:RunicOctahedron":64,"Coffee Dripper":24,"Bag of Marbles":43,"PureWater":0,"InkBottle":52}],"InkBottle":[13]},"card_choices":[{"not_picked":["WaveOfTheHand","Fasting2"],"picked":"EmptyBody","floor":1},{"not_picked":["FollowUp","CrushJoints"],"picked":"Meditate","floor":5},{"not_picked":["FlurryOfBlows","ForeignInfluence"],"picked":"Adaptation","floor":6},{"not_picked":["Fasting2","PathToVictory"],"picked":"Alpha","floor":8},{"not_picked":["EmptyFist","Protect","FlyingSleeves"],"picked":"SKIP","floor":10},{"not_picked":["SashWhip","BowlingBash","Crescendo"],"picked":"SKIP","floor":12},{"not_picked":["SashWhip","Consecrate","Prostrate"],"picked":"SKIP","floor":13},{"not_picked":["ForeignInfluence","Pray"],"picked":"CutThroughFate","floor":14},{"not_picked":["Brilliance","DeusExMachina"],"picked":"Alpha","floor":16},{"not_picked":["WaveOfTheHand+1","Vengeance"],"picked":"Sanctity","floor":18},{"not_picked":["ReachHeaven+1","Protect","EmptyBody"],"picked":"SKIP","floor":20},{"not_picked":["CarveReality+1","Conclude"],"picked":"InnerPeace+1","floor":21},{"not_picked":["FollowUp","EmptyBody+1","FearNoEvil"],"picked":"SKIP","floor":24},{"not_picked":["PathToVictory","TalkToTheHand+1"],"picked":"MasterReality","floor":27},{"not_picked":["Protect","ThirdEye+1","Swivel"],"picked":"SKIP","floor":28},{"not_picked":["ThirdEye+1","EmptyBody","Evaluate"],"picked":"SKIP","floor":29},{"not_picked":["Crescendo","Conclude","ForeignInfluence"],"picked":"SKIP","floor":31},{"not_picked":["Ragnarok","Blasphemy"],"picked":"Scrawl","floor":33},{"not_picked":["WreathOfFlame+1","FlurryOfBlows","ClearTheMind"],"picked":"SKIP","floor":35},{"not_picked":["InnerPeace+1","Consecrate+1","JustLucky+1"],"picked":"SKIP","floor":36},{"not_picked":["ClearTheMind","Protect"],"picked":"EmptyMind+1","floor":38},{"not_picked":["EmptyBody+1","Wallop+1","JustLucky"],"picked":"SKIP","floor":39}],"player_experience":1095128,"relics_obtained":[{"floor":6,"key":"Anchor"},{"floor":9,"key":"Vajra"},{"floor":10,"key":"conspire:Dentures"},{"floor":27,"key":"Bag of Marbles"},{"floor":29,"key":"InkBottle"}],"event_choices":[{"cards_removed":["Strike_P"],"damage_healed":0,"gold_gain":0,"player_choice":"Card Removal","damage_taken":0,"max_hp_gain":0,"max_hp_loss":0,"event_name":"The Cleric","floor":2,"gold_loss":50},{"damage_healed":0,"gold_gain":0,"player_choice":"2 cards matched","damage_taken":0,"max_hp_gain":0,"max_hp_loss":0,"event_name":"Match and Keep!","floor":4,"gold_loss":0,"cards_obtained":["Eruption","Perseverance"]},{"damage_healed":0,"gold_gain":100,"player_choice":"Pray","damage_taken":0,"max_hp_gain":0,"max_hp_loss":0,"event_name":"Golden Shrine","floor":19,"gold_loss":0}],"is_beta":false,"boss_relics":[{"not_picked":["SacredBark","Pandora\u0027s Box"],"picked":"Coffee Dripper"},{"not_picked":["HolyWater","Black Star"],"picked":"conspire:RunicOctahedron"}],"items_purged_floors":[22],"is_endless":false,"potions_floor_spawned":[8,10,13,16,20,28,31,38],"killed_by":"Giant Head","ascension_level":9}}