{"host":"syozzdlzcqop4jia","time":1612468478,"event":{"mods":["BaseMod","Colored Map","Colored Powertips","Minty Spire (QoL Compilation)","Quick Restart"],"gold_per_floor":[111,122,122,136,14,14,27,27,27,43,43,63,63,73,73,172,172,189,205,225,80,80,114,126,143,170,170,170,170,170,189,189,292,342,357,357,60,74,74,74,74],"floor_reached":40,"language":"ENG","playtime":2498,"items_purged":["Strike_R"],"score":550,"play_id":"8d314455-fc2c-4937-81fe-5d13758341a3","local_time":"20210204205438","is_ascension_mode":true,"campfire_choices":[{"data":"Anger","floor":6,"key":"SMITH"},{"data":"Feed","floor":8,"key":"SMITH"},{"data":"Seeing Red","floor":11,"key":"SMITH"},{"data":"Carnage","floor":15,"key":"SMITH"},{"floor":29,"key":"REST"},{"floor":32,"key":"REST"}],"circlet_count":0,"master_deck":["Strike_R","Strike_R","Strike_R","Strike_R","Defend_R","Defend_R","Defend_R+1","Defend_R","Heavy Blade","Pommel Strike","Anger+1","Flex+1","Feed+1","Seeing Red+1","Carnage+1","Ghostly Armor","Double Tap","Clothesline","Dropkick+1","Spot Weakness","Feed","Battle Trance","Anger","Rage+1","Rage+1","Flex","Double Tap","Spot Weakness+1","Ghostly Armor","The Bomb","Carnage","Pummel"],"relics":["Burning Blood","Thread and Needle","Mark of Pain","Incense Burner","MealTicket","Lizard Tail","Tiny House"],"acts_visited":["Exordium","TheCity","TheBeyond"],"potions_floor_usage":[16,18,19,24,35],"damage_taken":[{"damage":3,"enemies":"2 Louse","floor":1,"turns":4},{"damage":1,"enemies":"Cultist","floor":2,"turns":4},{"damage":0,"enemies":"Small Slimes","floor":4,"turns":3},{"damage":8,"enemies":"Blue Slaver","floor":7,"turns":2},{"damage":5,"enemies":"2 Fungi Beasts","floor":10,"turns":2},{"damage":0,"enemies":"Exordium Thugs","floor":12,"turns":3},{"damage":4,"enemies":"Blue Slaver","floor":14,"turns":2},{"damage":6,"enemies":"Slime Boss","floor":16,"turns":8},{"damage":19,"enemies":"Chosen","floor":18,"turns":7},{"damage":18,"enemies":"3 Byrds","floor":19,"turns":6},{"damage":18,"enemies":"3 Cultists","floor":20,"turns":5},{"damage":25,"enemies":"Book of Stabbing","floor":23,"turns":4},{"damage":14,"enemies":"Sentry and Sphere","floor":24,"turns":4},{"damage":0,"enemies":"Cultist and Chosen","floor":25,"turns":4},{"damage":18,"enemies":"Centurion and Healer","floor":31,"turns":4},{"damage":98,"enemies":"Automaton","floor":33,"turns":13},{"damage":58,"enemies":"3 Darklings","floor":35,"turns":11},{"damage":12,"enemies":"Orb Walker","floor":38,"turns":3},{"damage":129,"enemies":"Giant Head","floor":40,"turns":8}],"seed_played":"2846675428416986352","potions_obtained":[{"floor":2,"key":"Block Potion"},{"floor":3,"key":"Explosive Potion"},{"floor":3,"key":"Weak Potion"},{"floor":12,"key":"Block Potion"},{"floor":16,"key":"ElixirPotion"},{"floor":20,"key":"SpeedPotion"},{"floor":23,"key":"AttackPotion"},{"floor":31,"key":"Strength Potion"},{"floor":35,"key":"Strength Potion"}],"is_trial":false,"path_per_floor":["M","M","?","M","$","R","M","R","T","M","R","M","?","M","R","B",null,"M","M","M","$","?","E","M","M","T","?","T","R","?","M","R","B",null,"M","?","$","M","?","E"],"character_chosen":"IRONCLAD","items_purchased":["Flex","Feed","Battle Trance","Ghostly Armor","The Bomb","Carnage"],"campfire_rested":2,"item_purchase_floors":[5,21,21,37,37,37],"current_hp_per_floor":[88,88,88,88,88,88,86,86,86,91,91,96,96,96,96,100,100,87,79,67,67,67,48,40,50,50,50,50,82,82,74,107,15,93,41,41,56,50,50,0,0],"gold":74,"neow_bonus":"TEN_PERCENT_HP_BONUS","is_daily":false,"chose_seed":false,"campfire_upgraded":4,"win_rate":0.0,"timestamp":1612468478,"path_taken":["M","M","?","M","$","R","M","R","T","?","R","M","?","M","R","BOSS","M","M","M","$","?","E","?","M","T","?","?","R","?","?","R","BOSS","M","?","$","M","?","E"],"items_purchased_type":["Card","Card","Card","Card","Card","Card"],"build_version":"2020-12-22","purchased_purges":1,"victory":false,"max_hp_per_floor":[88,88,88,88,88,88,88,88,88,92,92,96,96,96,96,100,100,100,104,104,104,104,104,104,108,108,108,108,108,108,112,112,112,117,117,117,117,117,117,117,117],"card_choices":[{"not_picked":["Twin Strike","Battle Trance"],"picked":"Heavy Blade","floor":1},{"not_picked":["Warcry","True Grit"],"picked":"Pommel Strike","floor":2},{"not_picked":["Twin Strike","Second Wind"],"picked":"Anger","floor":4},{"not_picked":["Heavy Blade","Reckless Charge"],"picked":"Feed","floor":7},{"not_picked":["Pommel Strike","Heavy Blade"],"picked":"Seeing Red","floor":10},{"not_picked":["Pommel Strike","Headbutt"],"picked":"Carnage","floor":12},{"not_picked":["Warcry","Disarm"],"picked":"Ghostly Armor","floor":14},{"not_picked":["Bludgeon","Impervious"],"picked":"Double Tap","floor":16},{"not_picked":["Second Wind+1","Searing Blow"],"picked":"Clothesline","floor":18},{"not_picked":["Clash","Pommel Strike"],"picked":"Dropkick+1","floor":19},{"not_picked":["Body Slam","Sword Boomerang"],"picked":"Spot Weakness","floor":20},{"not_picked":["Clothesline+1","Corruption"],"picked":"Anger","floor":23},{"not_picked":["Havoc+1","Searing Blow"],"picked":"Rage+1","floor":24},{"not_picked":["Fire Breathing","Combust"],"picked":"Rage+1","floor":25},{"not_picked":["Body Slam","Clash"],"picked":"Flex","floor":31},{"not_picked":["Brutality","Corruption"],"picked":"Double Tap","floor":33},{"not_picked":["Cleave","Ghostly Armor+1"],"picked":"Spot Weakness+1","floor":35},{"not_picked":["True Grit+1","Body Slam+1"],"picked":"Pummel","floor":38}],"player_experience":545014,"relics_obtained":[{"floor":9,"key":"Thread and Needle"},{"floor":23,"key":"Incense Burner"},{"floor":26,"key":"MealTicket"},{"floor":28,"key":"Lizard Tail"}],"event_choices":[{"damage_healed":0,"gold_gain":0,"player_choice":"Got Potions","damage_taken":0,"max_hp_gain":0,"max_hp_loss":0,"event_name":"Lab","floor":3,"gold_loss":0},{"damage_healed":0,"gold_gain":0,"player_choice":"Ignored","damage_taken":0,"max_hp_gain":0,"max_hp_loss":0,"event_name":"Transmorgrifier","floor":13,"gold_loss":0},{"damage_healed":0,"gold_gain":0,"player_choice":"Upgraded","damage_taken":0,"max_hp_gain":0,"max_hp_loss":0,"event_name":"Upgrade Shrine","floor":22,"gold_loss":0,"cards_upgraded":["Flex"]},{"damage_healed":0,"gold_gain":0,"player_choice":"Ignored","damage_taken":0,"max_hp_gain":0,"max_hp_loss":0,"event_name":"Vampires","floor":27,"gold_loss":0},{"damage_healed":0,"gold_gain":0,"player_choice":"Ignored","damage_taken":0,"max_hp_gain":0,"max_hp_loss":0,"event_name":"Ghosts","floor":30,"gold_loss":0},{"cards_removed":["Bash"],"damage_healed":0,"gold_gain":0,"player_choice":"Removed Attack","damage_taken":0,"max_hp_gain":0,"max_hp_loss":0,"event_name":"Falling","floor":36,"gold_loss":0},{"damage_healed":0,"gold_gain":0,"player_choice":"Ignored","damage_taken":0,"max_hp_gain":0,"max_hp_loss":0,"event_name":"Mysterious Sphere","floor":39,"gold_loss":0}],"is_beta":false,"boss_relics":[{"not_picked":["Calling Bell","Black Blood"],"picked":"Mark of Pain"},{"not_picked":["Empty Cage","Coffee Dripper"],"picked":"Tiny House"}],"items_purged_floors":[5],"is_endless":false,"potions_floor_spawned":[2,12,14,16,20,23,31,35,38],"killed_by":"Giant Head","ascension_level":5}}