{"host":"andja9kgajlggmm4","time":1612476466,"event":{"mods":["BaseMod","Downfall","Hubris","Infinite Spire","MarisaÅiñ∂âJÅ@ñÇóùçπÅj","Minty Spire (QoL Compilation)","StSLib","The Cursed","The Servant 0.9.4"],"gold_per_floor":[113,113,113,113,127,127,139,167,167,167,167,184,196,208,208,208,208],"floor_reached":16,"language":"ENG","playtime":688,"items_purged":[],"score":102,"play_id":"4b58c01c-7e67-4566-a72d-7d5aab25e4a0","local_time":"20210204230746","is_ascension_mode":false,"campfire_choices":[{"data":"Bash","floor":6,"key":"SMITH"},{"data":"Berserk","floor":11,"key":"SMITH"},{"floor":15,"key":"REST"}],"circlet_count":0,"master_deck":["Strike_R","Strike_R","Strike_R","Strike_R","Strike_R","Defend_R","Defend_R","Defend_R","Defend_R","Bash+1","Brutality","Anger","Thunderclap","Berserk+1","Flex","Iron Wave","Infernal Blade","Shrug It Off"],"relics":["Cracked Core","Unceasing Top","Gremlin Horn","infinitespire:Cubic Diamond","hubris:Metronome","TungstenRod"],"acts_visited":["Exordium"],"potions_floor_usage":[8,14],"damage_taken":[{"damage":1,"enemies":"Cultist","floor":1,"turns":3},{"damage":1,"enemies":"Jaw Worm","floor":5,"turns":3},{"damage":8,"enemies":"Small Slimes","floor":7,"turns":3},{"damage":33,"enemies":"3 Sentries","floor":8,"turns":5},{"damage":0,"enemies":"Exordium Wildlife","floor":12,"turns":2},{"damage":7,"enemies":"Red Slaver","floor":13,"turns":3},{"damage":23,"enemies":"Gremlin Gang","floor":14,"turns":3},{"damage":27,"enemies":"The Guardian","floor":16,"turns":8}],"seed_played":"945826064049765007","potions_obtained":[{"floor":7,"key":"Energy Potion"},{"floor":12,"key":"Guardian:BlockOnCardUsePotion"}],"is_trial":false,"path_per_floor":["M","?","?","?","M","R","M","E","T","?","R","M","M","M","R","B"],"character_chosen":"IRONCLAD","items_purchased":[],"campfire_rested":1,"item_purchase_floors":[],"current_hp_per_floor":[80,80,73,73,72,72,64,31,31,31,31,31,24,1,25,0,0],"gold":208,"neow_bonus":"ONE_RANDOM_RARE_CARD","is_daily":false,"chose_seed":false,"campfire_upgraded":2,"win_rate":0.0,"timestamp":1612476466,"path_taken":["M","?","?","?","?","R","M","E","T","?","R","?","?","M","R","BOSS"],"items_purchased_type":[],"build_version":"2020-12-22","purchased_purges":0,"victory":false,"max_hp_per_floor":[80,80,80,80,80,80,80,80,80,80,80,80,80,80,80,80,80],"card_choices":[{"not_picked":["hubris:CleavingFinish","Clash"],"picked":"Anger","floor":1},{"not_picked":["Sword Boomerang","Body Slam"],"picked":"Thunderclap","floor":5},{"not_picked":["Iron Wave","Heavy Blade"],"picked":"Berserk","floor":7},{"not_picked":["Heavy Blade","True Grit"],"picked":"Flex","floor":8},{"not_picked":["True Grit","Twin Strike"],"picked":"Iron Wave","floor":12},{"not_picked":["Sword Boomerang","Body Slam"],"picked":"Infernal Blade","floor":13},{"not_picked":["Berserk","Flex"],"picked":"Shrug It Off","floor":14}],"player_experience":12462,"relics_obtained":[{"floor":8,"key":"hubris:Metronome"},{"floor":9,"key":"TungstenRod"}],"event_choices":[{"damage_healed":0,"gold_gain":0,"player_choice":"Box","damage_taken":0,"relics_obtained":["Unceasing Top"],"max_hp_gain":0,"max_hp_loss":0,"event_name":"Big Fish","floor":2,"gold_loss":0,"cards_obtained":["Regret"]},{"damage_healed":0,"gold_gain":0,"player_choice":"Success","damage_taken":7,"relics_obtained":["Gremlin Horn"],"max_hp_gain":0,"max_hp_loss":0,"event_name":"Scrap Ooze","floor":3,"gold_loss":0},{"cards_removed":["Regret"],"damage_healed":0,"gold_gain":0,"player_choice":"Purged","damage_taken":0,"max_hp_gain":0,"max_hp_loss":0,"event_name":"Purifier","floor":10,"gold_loss":0}],"is_beta":false,"boss_relics":[],"items_purged_floors":[],"is_endless":false,"potions_floor_spawned":[7,12],"killed_by":"The Guardian","ascension_level":0}}