{"host":"81vb4cbob60wa1na","time":1612479028,"event":{"mods":["AchievementEnabler","BaseMod","Bestiary","Colored Map","Colored Powertips","Downfall","Highlight Path","Minty Spire (QoL Compilation)","Quick Restart","Rare Cards Sparkle","StSLib"],"gold_per_floor":[110,110,110,110,120,120,145,145,145,145,177,235,235,11,11,115,115,131,59,46,64,76,76,105,105,105,18,37,47,47,47,47,47,47],"floor_reached":33,"language":"ENG","playtime":1361,"items_purged":[],"score":298,"play_id":"c7a60e45-2c9b-4851-b9bb-72a3e12b00db","local_time":"20210204175028","is_ascension_mode":true,"campfire_choices":[{"data":"Zap","floor":6.0,"key":"SMITH"},{"floor":8.0,"key":"REST"},{"floor":10.0,"key":"REST"},{"data":"Hello World","floor":13.0,"key":"SMITH"},{"data":"Capacitor","floor":15.0,"key":"SMITH"},{"floor":23.0,"key":"REST"},{"floor":25.0,"key":"REST"},{"floor":30.0,"key":"REST"},{"data":"Creative AI","floor":32,"key":"SMITH"}],"circlet_count":0,"master_deck":["Strike_B","Strike_B","Strike_B","Defend_B","Defend_B","Defend_B","Defend_B","Zap+1","Dualcast","Amplify+1","Turbo+1","Turbo","Double Energy","Hello World+1","Ball Lightning+1","Sweeping Beam+1","Capacitor+1","Creative AI+1","Defragment","Conserve Battery","Auto Shields+1","Consume+1","Blizzard+1","Blizzard+1","Static Discharge+1","Writhe"],"relics":["FrozenCore","PreservedInsect","Molten Egg 2","Ancient Tea Set","Mummified Hand","Strawberry","Toxic Egg 2","The Courier","FossilizedHelix"],"acts_visited":["Exordium","TheCity"],"potions_floor_usage":[33,33],"damage_taken":[{"damage":7.0,"enemies":"Small Slimes","floor":1.0,"turns":3.0},{"damage":0.0,"enemies":"2 Louse","floor":5.0,"turns":2.0},{"damage":12.0,"enemies":"Gremlin Nob","floor":7.0,"turns":3.0},{"damage":21.0,"enemies":"Lagavulin","floor":11.0,"turns":4.0},{"damage":20.0,"enemies":"Gremlin Nob","floor":12.0,"turns":4.0},{"damage":26.0,"enemies":"Hexaghost","floor":16.0,"turns":11.0},{"damage":9.0,"enemies":"Shell Parasite","floor":18.0,"turns":7.0},{"damage":28.0,"enemies":"2 Thieves","floor":20.0,"turns":4.0},{"damage":0.0,"enemies":"Centurion and Healer","floor":21.0,"turns":6.0},{"damage":38.0,"enemies":"3 Cultists","floor":22.0,"turns":6.0},{"damage":34.0,"enemies":"Book of Stabbing","floor":24.0,"turns":4.0},{"damage":15.0,"enemies":"Snake Plant","floor":28.0,"turns":6.0},{"damage":6.0,"enemies":"Cultist and Chosen","floor":29.0,"turns":8.0},{"damage":41,"enemies":"Automaton","floor":33,"turns":6}],"seed_played":"-2191515611898354892","potions_obtained":[{"floor":1.0,"key":"DuplicationPotion"},{"floor":5.0,"key":"ColorlessPotion"},{"floor":11.0,"key":"PowerPotion"},{"floor":20.0,"key":"bronze:BurnAndBuffPotion"},{"floor":21.0,"key":"Regen Potion"},{"floor":22.0,"key":"EssenceOfDarkness"},{"floor":29.0,"key":"DuplicationPotion"}],"is_trial":false,"path_per_floor":["M","?","?","?","M","R","E","R","T","R","E","?","R","$","R","B",null,"M","$","M","M","M","R","E","R","T","$","M","M","R","?","R","B"],"character_chosen":"DEFECT","items_purchased":["Capacitor","Strawberry","Defragment","Consume+1","Blizzard+1"],"campfire_rested":5,"item_purchase_floors":[14,14,19,27,27],"current_hp_per_floor":[68,53,46,46,46,46,34,56,56,75,54,34,34,41,41,15,82,73,73,45,45,16,40,6,30,30,30,15,9,33,33,33,0,0],"gold":47,"neow_bonus":"ONE_RANDOM_RARE_CARD","is_daily":false,"chose_seed":false,"campfire_upgraded":4,"win_rate":0.0,"timestamp":1612479028,"path_taken":["M","?","?","?","?","R","E","R","T","R","E","?","R","$","R","BOSS","M","$","M","M","M","R","E","R","T","$","M","M","R","?","R","BOSS"],"items_purchased_type":["Card","Relic","Card","Card","Card"],"build_version":"2020-12-22","purchased_purges":0,"victory":false,"max_hp_per_floor":[75,75,75,75,75,75,75,75,75,75,75,75,75,82,82,82,82,82,82,82,82,82,82,82,82,82,82,82,82,82,82,82,82,82],"card_choices":[{"not_picked":["Reinforced Body","Stack"],"picked":"Turbo","floor":1.0},{"not_picked":["Rebound","Lockon"],"picked":"Double Energy","floor":5.0},{"not_picked":["Compile Driver","Auto Shields"],"picked":"Hello World","floor":7.0},{"not_picked":["Reprogram","Glacier"],"picked":"Ball Lightning+1","floor":11.0},{"not_picked":["Turbo","Stack"],"picked":"Sweeping Beam+1","floor":12.0},{"not_picked":["Buffer","Rainbow"],"picked":"Creative AI","floor":16.0},{"not_picked":["Doom and Gloom+1","Go for the Eyes+1","Gash+1"],"picked":"SKIP","floor":18.0},{"not_picked":["Go for the Eyes+1","Double Energy"],"picked":"Conserve Battery","floor":20.0},{"not_picked":["Melter+1","Rebound+1","Gash+1"],"picked":"SKIP","floor":21.0},{"not_picked":["Aggregate","Rip and Tear+1","Coolheaded+1"],"picked":"SKIP","floor":22.0},{"not_picked":["Streamline+1","Steam+1"],"picked":"Auto Shields+1","floor":24.0},{"not_picked":["Gash+1","Storm"],"picked":"Blizzard+1","floor":28.0},{"not_picked":["Stack+1","Go for the Eyes+1"],"picked":"Static Discharge+1","floor":29.0}],"player_experience":227668,"relics_obtained":[{"floor":7.0,"key":"PreservedInsect"},{"floor":9.0,"key":"Molten Egg 2"},{"floor":11.0,"key":"Ancient Tea Set"},{"floor":12.0,"key":"Mummified Hand"},{"floor":24.0,"key":"Toxic Egg 2"},{"floor":26.0,"key":"The Courier"}],"event_choices":[{"damage_healed":0.0,"max_hp_gain":0.0,"max_hp_loss":0.0,"gold_gain":0.0,"event_name":"Shining Light","player_choice":"Entered Light","floor":2.0,"gold_loss":0.0,"damage_taken":15.0,"cards_upgraded":["Turbo","Amplify"]},{"cards_removed":["Strike_B"],"damage_healed":0.0,"max_hp_gain":0.0,"max_hp_loss":0.0,"gold_gain":0.0,"event_name":"Golden Wing","player_choice":"Card Removal","floor":3.0,"gold_loss":0.0,"damage_taken":7.0},{"damage_healed":0.0,"max_hp_gain":0.0,"max_hp_loss":0.0,"gold_gain":0.0,"event_name":"Match and Keep!","player_choice":"1 cards matched","floor":4.0,"gold_loss":0.0,"damage_taken":0.0,"cards_obtained":["Turbo"]},{"damage_healed":0.0,"max_hp_gain":0.0,"max_hp_loss":0.0,"gold_gain":0.0,"event_name":"Dead Adventurer","player_choice":"Searched \u00271\u0027 times","floor":12.0,"gold_loss":0.0,"damage_taken":0.0},{"damage_healed":0.0,"max_hp_gain":0.0,"max_hp_loss":0.0,"gold_gain":0.0,"event_name":"The Mausoleum","player_choice":"Opened","floor":31.0,"gold_loss":0.0,"damage_taken":0.0,"relics_obtained":["FossilizedHelix"],"cards_obtained":["Writhe"]}],"is_beta":false,"boss_relics":[{"not_picked":["Tiny House","SlaversCollar"],"picked":"FrozenCore"}],"items_purged_floors":[],"is_endless":false,"potions_floor_spawned":[1,5,11,20,21,22,29],"killed_by":"Automaton","ascension_level":2}}