{"host":"2haferq23ht5nrlk","time":1612446423,"event":{"mods":["ATMod(°¢èªMod)","BaseMod","Colored Powertips","Conspire","KomeijiMod","Minty Spire (QoL Compilation)","Permanent Neow","Quick Restart","Relic Stats","Reliquary","Replay The Spire","Spicy Shops","StSLib","¡¾ÒÅÎï¿¨ÅÆ¡¿REMEMod"],"gold_per_floor":[115,154,39,55,55,89,89,89,89],"floor_reached":8,"language":"ZHS","playtime":358,"items_purged":[],"score":108,"play_id":"77c0a5af-3c12-4ec6-a60b-d6d94f645d62","local_time":"20210204214703","is_ascension_mode":true,"campfire_choices":[{"data":"AT_Dispersion","floor":7,"key":"SMITH"}],"circlet_count":0,"master_deck":["AscendersBane","Strike_R","Strike_R","Strike_R","Strike_R","Defend_R","Defend_R","Defend_R","Defend_R","Bash","AT_Dispersion+1","FateSonata","Cleave","Hemokinesis","AT_BodySlamDance","Feel No Pain","ReplayTheSpireMod:Strike From Hell"],"relics":["Burning Blood","AT_ATBox","REME_ComplimentaryCards","TungstenRod","Replay:WaspNest"],"acts_visited":["Exordium"],"potions_floor_usage":[6,6],"damage_taken":[{"damage":11,"enemies":"Jaw Worm","floor":1,"turns":4},{"damage":27,"enemies":"conspire:MimicChest","floor":2,"turns":6},{"damage":3,"enemies":"2 Louse","floor":4,"turns":3},{"damage":8,"enemies":"Lagavulin","floor":6,"turns":5},{"damage":45,"enemies":"Gremlin Nob","floor":8,"turns":4}],"seed_played":"-2579701044090062240","potions_obtained":[{"floor":1,"key":"Block Potion"},{"floor":2,"key":"Adrenaline Potion"},{"floor":6,"key":"HeartOfIron"}],"is_trial":false,"path_per_floor":["M","?","$","M","$","E","R","E"],"character_chosen":"IRONCLAD","items_purchased":["AT_BodySlamDance","Feel No Pain"],"campfire_rested":0,"item_purchase_floors":[3,3],"current_hp_per_floor":[63,42,42,45,45,43,43,0,0],"gold":89,"neow_bonus":"REMOVE_CARD","is_daily":false,"chose_seed":false,"campfire_upgraded":1,"win_rate":0.0,"timestamp":1612446423,"path_taken":["M","?","$","M","?","E","R","E"],"items_purchased_type":["Card","Card"],"build_version":"2020-12-22","purchased_purges":0,"victory":false,"max_hp_per_floor":[75,75,75,75,75,75,75,75,75],"relic_stats":{"counters":[5,22],"obtain_stats":[{"AT_ATBox":0,"Replay:WaspNest":6,"Burning Blood":0,"TungstenRod":2,"REME_ComplimentaryCards":0},{"AT_ATBox":0,"Replay:WaspNest":4,"Burning Blood":0,"TungstenRod":2,"REME_ComplimentaryCards":0},{"AT_ATBox":0,"Replay:WaspNest":18,"Burning Blood":0,"TungstenRod":10,"REME_ComplimentaryCards":0}],"Burning Blood":24,"TungstenRod":7},"card_choices":[{"not_picked":["Defy Death","Flex"],"picked":"Cleave","floor":1},{"not_picked":["Iron Wave","Combust"],"picked":"Hemokinesis","floor":2},{"not_picked":["Wild Strike","conspire:ExplosiveBarrier","Heavy Blade"],"picked":"SKIP","floor":4},{"not_picked":["Thunderclap","Bludgeon"],"picked":"ReplayTheSpireMod:Strike From Hell","floor":6}],"player_experience":15824,"relics_obtained":[{"floor":2,"key":"TungstenRod"},{"floor":6,"key":"Replay:WaspNest"}],"event_choices":[],"is_beta":false,"boss_relics":[],"items_purged_floors":[],"is_endless":false,"potions_floor_spawned":[1,2,6],"killed_by":"Gremlin Nob","ascension_level":20}}