{"host":"8f5cu9y0fpol72qs","time":1612439304,"event":{"mods":["AlwaysNeverKeys","BaseMod","Colored Map","Colored Powertips","Curses Come First","Highlight Path","Key Reminder","Minty Spire (QoL Compilation)","StSLib"],"gold_per_floor":[109,121,131,15,30,60,60,60,106,141,141,172,191,206,206,279,279,289,204,204,204,20,20,53,53,53,53,86,36,52,69,69,69,69],"floor_reached":33,"language":"ENG","playtime":1761,"items_purged":["Strike_R"],"score":635,"play_id":"ab090e20-00e6-4c91-ac44-985f1e15bd39","local_time":"20210204034824","is_ascension_mode":true,"campfire_choices":[{"data":"Rupture","floor":8,"key":"SMITH"},{"data":"Combust","floor":11,"key":"SMITH"},{"data":"Disarm","floor":15,"key":"SMITH"},{"data":"Apotheosis","floor":23,"key":"SMITH"},{"floor":25,"key":"REST"},{"data":"Shrug It Off","floor":27,"key":"SMITH"},{"floor":32,"key":"REST"}],"circlet_count":0,"master_deck":["AscendersBane","Strike_R","Strike_R","Strike_R","Defend_R","Defend_R","Defend_R","Defend_R","Bash","Iron Wave","Cleave","Rupture+1","Combust+1","Disarm+1","Sword Boomerang","Headbutt","Hemokinesis","Corruption","Havoc+1","Apotheosis+1","Shrug It Off+1","Shrug It Off","Pommel Strike","Shrug It Off"],"relics":["Burning Blood","HornCleat","Pen Nib","Vajra","Oddly Smooth Stone","Cursed Key","Ornamental Fan","MutagenicStrength","Bronze Scales","Sundial"],"acts_visited":["Exordium","TheCity"],"potions_floor_usage":[6,6,24,33],"damage_taken":[{"damage":8,"enemies":"Small Slimes","floor":1,"turns":5},{"damage":4,"enemies":"Jaw Worm","floor":2,"turns":4},{"damage":0,"enemies":"2 Louse","floor":3,"turns":3},{"damage":9,"enemies":"Blue Slaver","floor":5,"turns":5},{"damage":28,"enemies":"Gremlin Nob","floor":6,"turns":5},{"damage":15,"enemies":"Lagavulin","floor":10,"turns":7},{"damage":18,"enemies":"3 Sentries","floor":12,"turns":5},{"damage":0,"enemies":"Exordium Wildlife","floor":13,"turns":3},{"damage":13,"enemies":"3 Louse","floor":14,"turns":3},{"damage":9,"enemies":"Hexaghost","floor":16,"turns":7},{"damage":18,"enemies":"Spheric Guardian","floor":18,"turns":4},{"damage":35,"enemies":"Slavers","floor":24,"turns":5},{"damage":17,"enemies":"Book of Stabbing","floor":28,"turns":5},{"damage":2,"enemies":"3 Byrds","floor":30,"turns":2},{"damage":38,"enemies":"Shelled Parasite and Fungi","floor":31,"turns":5},{"damage":53,"enemies":"Automaton","floor":33,"turns":6}],"seed_played":"-1674527417940397561","potions_obtained":[{"floor":2,"key":"Block Potion"},{"floor":3,"key":"SpeedPotion"},{"floor":10,"key":"Dexterity Potion"},{"floor":14,"key":"LiquidBronze"},{"floor":16,"key":"CultistPotion"},{"floor":24,"key":"PowerPotion"}],"is_trial":false,"path_per_floor":["M","M","M","$","M","E","?","R","T","E","R","E","M","M","R","B",null,"M","?","?","?","$","R","E","R","T","R","E","$","M","M","R","B"],"character_chosen":"IRONCLAD","items_purchased":["Combust","Apotheosis","Shrug It Off"],"campfire_rested":2,"item_purchase_floors":[4,22,29],"current_hp_per_floor":[66,68,74,74,71,49,54,54,54,45,45,33,39,32,32,29,67,55,55,55,55,55,55,26,50,50,50,39,39,43,11,35,0,0],"gold":69,"neow_bonus":"REMOVE_CARD","is_daily":false,"chose_seed":false,"campfire_upgraded":5,"win_rate":0.0,"timestamp":1612439304,"path_taken":["M","M","M","$","M","E","?","R","T","E","R","E","M","M","R","BOSS","M","?","?","?","?","R","E","R","T","R","E","$","?","M","R","BOSS"],"items_purchased_type":["Card","Card","Card"],"build_version":"2020-12-22","purchased_purges":1,"victory":false,"max_hp_per_floor":[75,75,75,75,75,75,80,80,80,80,80,80,80,80,80,80,80,80,80,80,80,80,80,80,80,80,80,80,80,80,80,80,80,80],"card_choices":[{"not_picked":["Thunderclap","Feel No Pain"],"picked":"Iron Wave","floor":1},{"not_picked":["Heavy Blade","Perfected Strike"],"picked":"Cleave","floor":2},{"not_picked":["Shockwave","Wild Strike"],"picked":"Rupture","floor":3},{"not_picked":["Flex","Havoc","Anger"],"picked":"SKIP","floor":5},{"not_picked":["Combust","Inflame"],"picked":"Disarm","floor":6},{"not_picked":["Fire Breathing","Iron Wave"],"picked":"Sword Boomerang","floor":10},{"not_picked":["Cleave","Sword Boomerang","Clash"],"picked":"SKIP","floor":12},{"not_picked":["Clash","Headbutt","Wild Strike"],"picked":"SKIP","floor":13},{"not_picked":["Clash","Wild Strike"],"picked":"Headbutt","floor":13},{"not_picked":["Warcry","Juggernaut"],"picked":"Hemokinesis","floor":14},{"not_picked":["Demon Form","Immolate"],"picked":"Corruption","floor":16},{"not_picked":["Thunderclap","Warcry"],"picked":"Havoc+1","floor":18},{"not_picked":["Ghostly Armor","Bludgeon"],"picked":"Shrug It Off","floor":24},{"not_picked":["Body Slam+1","Headbutt","Clash"],"picked":"SKIP","floor":28},{"not_picked":["Wild Strike","Clothesline"],"picked":"Pommel Strike","floor":30},{"not_picked":["Dropkick","Havoc"],"picked":"Shrug It Off","floor":31}],"player_experience":1020047,"relics_obtained":[{"floor":6,"key":"HornCleat"},{"floor":9,"key":"Pen Nib"},{"floor":10,"key":"Vajra"},{"floor":12,"key":"Oddly Smooth Stone"},{"floor":24,"key":"Bronze Scales"},{"floor":28,"key":"Sundial"}],"event_choices":[{"damage_healed":0,"gold_gain":0,"player_choice":"Donut","damage_taken":0,"max_hp_gain":5,"max_hp_loss":0,"event_name":"Big Fish","floor":7,"gold_loss":0},{"damage_healed":0,"gold_gain":0,"player_choice":"Obtained Relic","damage_taken":0,"relics_obtained":["Ornamental Fan"],"max_hp_gain":0,"max_hp_loss":0,"event_name":"Addict","floor":19,"gold_loss":85},{"damage_healed":0,"gold_gain":0,"player_choice":"Ignored","damage_taken":0,"max_hp_gain":0,"max_hp_loss":0,"event_name":"Ghosts","floor":20,"gold_loss":0},{"damage_healed":0,"gold_gain":0,"player_choice":"Inject Mutagens","damage_taken":0,"relics_obtained":["MutagenicStrength"],"max_hp_gain":0,"max_hp_loss":0,"event_name":"Drug Dealer","floor":21,"gold_loss":0}],"is_beta":false,"boss_relics":[{"not_picked":["Coffee Dripper","Runic Dome"],"picked":"Cursed Key"}],"items_purged_floors":[4],"is_endless":false,"potions_floor_spawned":[2,3,10,14,16,24],"killed_by":"Automaton","ascension_level":16}}