{"host":"l4am8ae7vj09bp0g","time":1612435829,"event":{"mods":["Act Like it!","BaseMod","Colored Powertips","Conspire","LagranYue(¿≠∏Ò¿ °§‘¬)","Minty Spire (QoL Compilation)","Quick Restart","Relic Filter","Reliquary","Replay The Spire","Shop Mod","StSLib","SuperFastMode","TestMod"],"gold_per_floor":[116,135,154,104,104,104,124,124,124,144,172,202,213,244,244,339,339,354,369,388,388,388,9,9,43,43,43,75,87,101,134,134,236,236,256,276,276,2,27,44,44,44,44],"floor_reached":42,"language":"ZHS","playtime":3109,"items_purged":["Hallucinations"],"score":901,"play_id":"68328520-a59d-4009-8d1f-f6a415fea3dc","local_time":"20210204185029","daily_mods":["SealedDeck","Heirloom","DeadlyEvents","Uncertain Future"],"is_ascension_mode":true,"campfire_choices":[{"data":"Armaments","floor":6.0,"key":"SMITH"},{"data":"Body Slam","floor":8.0,"key":"SMITH"},{"floor":15.0,"key":"DIG"},{"data":"Entrench","floor":24.0,"key":"SMITH"},{"floor":27.0,"key":"DIG"},{"floor":32.0,"key":"DIG"},{"floor":41,"key":"DIG"}],"circlet_count":0,"master_deck":["Ghostly Armor","Sword Boomerang","Body Slam+1","Pommel Strike","Ghostly Armor","Dark Embrace","True Grit","Cleave","Armaments+1","Shrug It Off","Shrug It Off","Shrug It Off","Entrench+1","Battle Trance","conspire:Purge","ReplayTheSpireMod:Stacked+1","Cleave"],"relics":["Burning Blood","testmod-TestBox","LagranYue:RandomDrawCardRelic","testmod-Alchemist","Shovel","reliquary:Crutches","Bag of Preparation","reliquary:PartyBalloon","reliquary:RedPaperclip","MerchantsRug","reliquary:HotPoker","Chameleon Ring","InkBottle","Replay:Ringing Soul","LagranYue:ContractPerformanceRelic","testmod-HeartOfDaVinci","reliquary:Firecrackers","reliquary:ExpiredCoupon","DataDisk"],"acts_visited":["Exordium","TheCity","TheBeyond"],"potions_floor_usage":[42],"damage_taken":[{"damage":0.0,"enemies":"2 Louse","floor":1.0,"turns":2.0},{"damage":0.0,"enemies":"Jaw Worm","floor":2.0,"turns":2.0},{"damage":0.0,"enemies":"Small Slimes","floor":3.0,"turns":3.0},{"damage":0.0,"enemies":"Looter","floor":7.0,"turns":2.0},{"damage":0.0,"enemies":"Gremlin Gang","floor":10.0,"turns":2.0},{"damage":0.0,"enemies":"Lagavulin","floor":11.0,"turns":6.0},{"damage":0.0,"enemies":"Replay:BlueRogue","floor":12.0,"turns":7.0},{"damage":0.0,"enemies":"Exordium Wildlife","floor":13.0,"turns":2.0},{"damage":0.0,"enemies":"Lagavulin","floor":14.0,"turns":7.0},{"damage":0.0,"enemies":"Hexaghost","floor":16.0,"turns":12.0},{"damage":0.0,"enemies":"3 Byrds","floor":18.0,"turns":4.0},{"damage":0.0,"enemies":"Chosen","floor":19.0,"turns":4.0},{"damage":0.0,"enemies":"Snecko","floor":20.0,"turns":5.0},{"damage":0.0,"enemies":"conspire:Head Lice","floor":25.0,"turns":5.0},{"damage":0.0,"enemies":"Book of Stabbing","floor":28.0,"turns":4.0},{"damage":0.0,"enemies":"conspire:HollyBat","floor":29.0,"turns":5.0},{"damage":3.0,"enemies":"Snake Plant","floor":30.0,"turns":2.0},{"damage":2.0,"enemies":"conspire:SneckoGhost","floor":31.0,"turns":7.0},{"damage":11.0,"enemies":"conspire:MysteriousRune","floor":33.0,"turns":8.0},{"damage":2,"enemies":"Orb Walker","floor":35,"turns":3},{"damage":6,"enemies":"3 Shapes","floor":36,"turns":4},{"damage":10,"enemies":"Giant Head","floor":39,"turns":8},{"damage":10,"enemies":"Transient","floor":40,"turns":5},{"damage":23,"enemies":"R_Hoarder","floor":42,"turns":6}],"seed_played":"6780414008797925016","potions_obtained":[{"floor":1.0,"key":"Dexterity Potion"},{"floor":5.0,"key":"LiquidMemories"},{"floor":5.0,"key":"Strength Potion"},{"floor":5.0,"key":"Elixir"},{"floor":13.0,"key":"SkillPotion"},{"floor":19.0,"key":"testmod-TestPotion"},{"floor":29.0,"key":"Flashbang"},{"floor":31.0,"key":"Fruit Juice"},{"floor":36,"key":"SkillPotion"},{"floor":39,"key":"ColorlessPotion"},{"floor":40,"key":"Swift Potion"}],"is_trial":true,"path_per_floor":["M","M","M","$","?","R","M","R","T","M","E","E","M","E","R","B",null,"M","M","M","?","?","$","R","E","T","R","E","M","M","E","R","B",null,"M","M","?","$","E","M","R","E"],"character_chosen":"IRONCLAD","items_purchased":["Shrug It Off","MerchantsRug","reliquary:HotPoker","testmod-HeartOfDaVinci","reliquary:Firecrackers"],"campfire_rested":0,"item_purchase_floors":[4,23,23,38,38],"current_hp_per_floor":[1,1,1,1,1,1,1,1,1,1,1,1,1,1,1,1,1,1,1,1,6,6,6,6,6,6,6,6,6,6,13,13,11,16,16,16,26,26,25,21,21,1,1],"gold":44,"neow_bonus":"","is_daily":false,"chose_seed":false,"campfire_upgraded":3,"win_rate":0.0,"timestamp":1612435829,"path_taken":["M","M","M","$","?","R","M","R","T","?","?","E","M","E","R","BOSS","M","M","M","?","?","$","R","E","T","R","?","M","M","E","R","BOSS","M","M","?","$","?","M","R","E"],"items_purchased_type":["Card","Relic","Relic","Relic","Relic"],"build_version":"2020-12-22","purchased_purges":1,"victory":false,"max_hp_per_floor":[1,1,1,1,1,1,1,1,1,1,1,1,1,1,1,1,1,1,1,1,6,6,6,6,6,6,6,6,6,6,13,13,16,16,16,16,26,26,29,29,29,32,32],"card_choices":[{"not_picked":["Replay:Undeath\u0027s Touch","Wild Strike"],"picked":"Cleave","floor":1.0},{"not_picked":["ReplayTheSpireMod:Muscle Training","Searing Blow","Sword Boomerang"],"picked":"SKIP","floor":2.0},{"not_picked":["Wild Strike","Run Through"],"picked":"Armaments","floor":3.0},{"not_picked":["Bloodletting","Rupture","Reckless Charge"],"picked":"SKIP","floor":7.0},{"not_picked":["Replay:Undeath\u0027s Touch","Twin Strike"],"picked":"Shrug It Off","floor":10.0},{"not_picked":["ReplayTheSpireMod:Strike From Hell","Evolve"],"picked":"Shrug It Off","floor":11.0},{"not_picked":["Headbutt","Fiend Fire","True Grit"],"picked":"SKIP","floor":12.0},{"not_picked":["Rupture","Iron Wave","Shrug It Off"],"picked":"SKIP","floor":13.0},{"not_picked":["Dropkick","Havoc","Shrug It Off"],"picked":"SKIP","floor":14.0},{"not_picked":["conspire:HitWhereItHurts","Fiend Fire"],"picked":"Juggernaut","floor":16.0},{"not_picked":["Havoc","Dropkick+1"],"picked":"Entrench","floor":18.0},{"not_picked":["Sentinel","Massacre"],"picked":"Battle Trance","floor":19.0},{"not_picked":["Iron Wave","Pommel Strike+1","Armaments"],"picked":"SKIP","floor":20.0},{"not_picked":["ReplayTheSpireMod:Muscle Training","Clothesline","Havoc+1"],"picked":"SKIP","floor":25.0},{"not_picked":["ReplayReversal","Hemokinesis","Uppercut"],"picked":"SKIP","floor":28.0},{"not_picked":["ReplayTheSpireMod:Strike From Hell","Warcry","Iron Wave"],"picked":"SKIP","floor":29.0},{"not_picked":["Inflame+1","Heavy Blade","Body Slam"],"picked":"SKIP","floor":30.0},{"not_picked":["Perfected Strike","Sword Boomerang","Metallicize"],"picked":"SKIP","floor":31.0},{"not_picked":["Demon Form","Corruption"],"picked":"conspire:Purge","floor":33.0},{"not_picked":["Massacre","Pommel Strike","Iron Wave"],"picked":"SKIP","floor":35},{"not_picked":["Shrug It Off","Anger+1","Thunderclap"],"picked":"SKIP","floor":36},{"not_picked":["ReplayTheSpireMod:Strike From Hell+1","Warcry"],"picked":"ReplayTheSpireMod:Stacked+1","floor":39},{"not_picked":["Demonic Infusion","Sword Boomerang+1","Twin Strike"],"picked":"SKIP","floor":40}],"player_experience":55650,"relics_obtained":[{"floor":9.0,"key":"reliquary:Crutches"},{"floor":11.0,"key":"Pet Ghost"},{"floor":12.0,"key":"Bag of Preparation"},{"floor":14.0,"key":"reliquary:PartyBalloon"},{"floor":15.0,"key":"Mercury Hourglass"},{"floor":25.0,"key":"Chameleon Ring"},{"floor":26.0,"key":"InkBottle"},{"floor":27.0,"key":"Replay:Ringing Soul"},{"floor":28.0,"key":"Regal Pillow"},{"floor":31.0,"key":"Gambling Chip"},{"floor":32.0,"key":"reliquary:TatteredRug"},{"floor":39,"key":"reliquary:ExpiredCoupon"},{"floor":41,"key":"DataDisk"}],"event_choices":[{"damage_healed":0.0,"max_hp_gain":0.0,"max_hp_loss":0.0,"gold_gain":0.0,"event_name":"Lab","player_choice":"Got Potions","floor":5.0,"gold_loss":0.0,"damage_taken":0.0},{"damage_healed":0.0,"max_hp_gain":5.0,"max_hp_loss":0.0,"gold_gain":0.0,"event_name":"Forgotten Altar","player_choice":"Shed Blood","floor":21.0,"gold_loss":0.0,"damage_taken":0.0},{"cards_removed":["Juggernaut"],"damage_healed":0,"gold_gain":0,"player_choice":"Offered Rare","damage_taken":0,"max_hp_gain":10,"max_hp_loss":0,"event_name":"Bonfire Elementals","floor":37,"gold_loss":0}],"is_beta":false,"boss_relics":[{"not_picked":["Black Blood","testmod-BloodSacrificeSpiritualization"],"picked":"reliquary:RedPaperclip"},{"not_picked":["Runic Cube","testmod-DreamHouse"],"picked":"LagranYue:ContractPerformanceRelic"}],"items_purged_floors":[23],"is_endless":true,"potions_floor_spawned":[1,10,13,14,19,20,29,31,36,39,40],"killed_by":"R_Hoarder","ascension_level":1}}