{"host":"rnjhaewkefy4rz3c","time":1612407888,"event":{"mods":["2.2 Compatiblity","AchievementEnabler","BaseMod","CCEM2","Colored Map","Downfall","Minty Spire (QoL Compilation)","Permanent Neow","StS++","StSLib"],"gold_per_floor":[113,128,145,36,51,51,63,63,111,121,153,153,8,69,69,168,168,181,181,105,118,128,128,138,138,161,161,177,177,177],"floor_reached":29,"language":"ENG","playtime":1478,"items_purged":["theextravagant:Fence","theextravagant:SlyStrike"],"score":227,"play_id":"191b5914-939e-4125-b852-d6395e26977a","local_time":"20210203230448","is_ascension_mode":false,"campfire_choices":[{"data":"theextravagant:CutTheDeck","floor":6,"key":"SMITH"},{"floor":15,"key":"REST"},{"floor":23,"key":"REST"},{"floor":25,"key":"REST"},{"floor":27,"key":"REST"}],"circlet_count":0,"master_deck":["theextravagant:SlyStrike","theextravagant:SlyStrike","theextravagant:SlyStrike","theextravagant:Fence","theextravagant:Fence","theextravagant:Fence","theextravagant:QuickAttack","theextravagant:Triumph","Purity","theextravagant:Cutthroat","theextravagant:Radiance","theextravagant:CutTheDeck+1","theextravagant:SpontaneousStrike","theextravagant:GlyphOfTime+1","theextravagant:Tension+1","theextravagant:Shove+1","theextravagant:Shove","theextravagant:Twitch","theextravagant:SnakeEyes","theextravagant:Urgency","theextravagant:Vintage+1","theextravagant:Twitch","theextravagant:SharpTalons","theextravagant:SpontaneousStrike"],"relics":["theextravagant:TranslucentFeather","Bag of Preparation","CCEMRelics:TinyMinotavrHorn","CCEMRelics:PocketTank","Fusion Hammer","CCEMRelics:Barrel"],"acts_visited":["Exordium","TheCity"],"potions_floor_usage":[10,16,16,16,18,28],"damage_taken":[{"damage":0,"enemies":"2 Louse","floor":1,"turns":3},{"damage":9,"enemies":"Jaw Worm","floor":2,"turns":4},{"damage":0,"enemies":"Cultist","floor":3,"turns":4},{"damage":12,"enemies":"3 Louse","floor":5,"turns":4},{"damage":0,"enemies":"2 Fungi Beasts","floor":7,"turns":2},{"damage":0,"enemies":"Exordium Wildlife","floor":10,"turns":1},{"damage":12,"enemies":"Lagavulin","floor":11,"turns":7},{"damage":18,"enemies":"3 Sentries","floor":14,"turns":6},{"damage":8,"enemies":"Hexaghost","floor":16,"turns":7},{"damage":19,"enemies":"2 Thieves","floor":18,"turns":4},{"damage":5,"enemies":"Chosen","floor":21,"turns":6},{"damage":32,"enemies":"Snake Plant","floor":22,"turns":5},{"damage":26,"enemies":"Centurion and Healer","floor":24,"turns":6},{"damage":22,"enemies":"Snecko","floor":28,"turns":6},{"damage":37,"enemies":"Snake Plant","floor":29,"turns":2}],"seed_played":"-5292119657775892979","potions_obtained":[{"floor":2,"key":"Explosive Potion"},{"floor":3,"key":"SpeedPotion"},{"floor":7,"key":"CultistPotion"},{"floor":10,"key":"StSpp:ScatteredWeakPotion"},{"floor":16,"key":"GamblersBrew"},{"floor":24,"key":"StSpp:SecondWindPotion"}],"is_trial":false,"path_per_floor":["M","M","M","$","M","R","M","?","T","M","E","?","$","?","R","B",null,"M","?","$","M","M","R","M","R","T","R","M","M"],"character_chosen":"THE_EXTRAVAGANT","items_purchased":["theextravagant:CutTheDeck","theextravagant:Shove","theextravagant:Urgency"],"campfire_rested":4,"item_purchase_floors":[4,13,20],"current_hp_per_floor":[75,66,66,66,54,54,54,54,54,54,42,27,27,9,31,23,75,56,56,56,51,19,41,15,37,37,59,37,0,0],"gold":177,"neow_bonus":"RANDOM_COLORLESS","is_daily":false,"chose_seed":false,"campfire_upgraded":1,"win_rate":0.0,"timestamp":1612407888,"path_taken":["M","M","M","$","M","R","M","?","T","M","E","?","$","?","R","BOSS","M","?","$","M","M","R","M","R","T","R","?","M"],"items_purchased_type":["Card","Card","Card"],"build_version":"2020-12-22","purchased_purges":2,"victory":false,"max_hp_per_floor":[75,75,75,75,75,75,75,75,75,75,75,75,75,75,75,75,75,75,75,75,75,75,75,75,75,75,75,75,75,75],"card_choices":[{"not_picked":["Panacea","Discovery"],"picked":"Purity","floor":0},{"not_picked":["theextravagant:PerfectTheBasics","theextravagant:Firework"],"picked":"theextravagant:Cutthroat","floor":1},{"not_picked":["theextravagant:StepBack","theextravagant:Precaution","theextravagant:ShieldCharm"],"picked":"SKIP","floor":2},{"not_picked":["theextravagant:Riot","theextravagant:Drift"],"picked":"theextravagant:Radiance","floor":3},{"not_picked":["theextravagant:Cutthroat","theextravagant:PuffUp"],"picked":"theextravagant:SpontaneousStrike","floor":5},{"not_picked":["theextravagant:Riot","theextravagant:Pushthrough"],"picked":"theextravagant:GlyphOfTime","floor":7},{"not_picked":["theextravagant:Meditation","theextravagant:Precaution"],"picked":"theextravagant:Tension","floor":10},{"not_picked":["theextravagant:ManifestIllusion","theextravagant:GlyphOfPower"],"picked":"theextravagant:Shove","floor":11},{"not_picked":["theextravagant:PuffUp","theextravagant:SharpTalons"],"picked":"theextravagant:Twitch","floor":14},{"not_picked":["theextravagant:Antiquity","theextravagant:AuroraForm"],"picked":"theextravagant:SnakeEyes","floor":16},{"not_picked":["theextravagant:Cutthroat+1","theextravagant:Defy","theextravagant:TreasureHunt"],"picked":"SKIP","floor":18},{"not_picked":["theextravagant:Firework+1","theextravagant:Drift"],"picked":"theextravagant:Vintage+1","floor":21},{"not_picked":["theextravagant:PuffUp","theextravagant:Twostep+1"],"picked":"theextravagant:Twitch","floor":22},{"not_picked":["theextravagant:StepBack","theextravagant:PuffUp"],"picked":"theextravagant:SharpTalons","floor":24},{"not_picked":["theextravagant:Precaution","theextravagant:Shove"],"picked":"theextravagant:SpontaneousStrike","floor":28}],"player_experience":722153,"relics_obtained":[{"floor":9,"key":"Bag of Preparation"},{"floor":11,"key":"CCEMRelics:TinyMinotavrHorn"},{"floor":26,"key":"CCEMRelics:Barrel"}],"event_choices":[{"damage_healed":0,"gold_gain":0,"player_choice":"Grow","damage_taken":0,"max_hp_gain":0,"max_hp_loss":0,"event_name":"Living Wall","floor":8,"gold_loss":0,"cards_upgraded":["theextravagant:GlyphOfTime"]},{"damage_healed":0,"gold_gain":0,"player_choice":"Entered Light","damage_taken":15,"max_hp_gain":0,"max_hp_loss":0,"event_name":"Shining Light","floor":12,"gold_loss":0,"cards_upgraded":["theextravagant:Tension","theextravagant:Shove"]},{"damage_healed":0,"gold_gain":30,"player_choice":"Searched \u00273\u0027 times","damage_taken":0,"relics_obtained":["CCEMRelics:PocketTank"],"max_hp_gain":0,"max_hp_loss":0,"event_name":"Dead Adventurer","floor":14,"gold_loss":0},{"damage_healed":0,"gold_gain":0,"player_choice":"Bought 0 Potions","damage_taken":0,"max_hp_gain":0,"max_hp_loss":0,"event_name":"The Woman in Blue","floor":19,"gold_loss":0}],"is_beta":false,"boss_relics":[{"not_picked":["StSpp:PileOfSugar","Snecko Eye"],"picked":"Fusion Hammer"}],"items_purged_floors":[4,13],"is_endless":false,"potions_floor_spawned":[2,3,7,10,16,24],"killed_by":"Snake Plant","ascension_level":0}}