{"host":"5dhwd44u3dydylwe","time":1612399693,"event":{"mods":["AchievementEnabler","BaseMod","BetterRewards","Dota2Spire","Downfall","Hubris","Minty Spire (QoL Compilation)","Shop Mod","StSLib","Wandering Minibosses"],"gold_per_floor":[99,117,130,130,144,164,164,164,198,209,209,209,209,227,244,244,244,244],"floor_reached":16,"language":"ENG","playtime":1026,"items_purged":[],"score":109,"play_id":"a87c501f-e6de-477e-8228-30ccd33e06ca","local_time":"20210204084813","is_ascension_mode":true,"campfire_choices":[{"data":"hexamod:Sear","floor":1,"key":"SMITH"},{"floor":8,"key":"REST"}],"circlet_count":0,"master_deck":["hexamod:Strike","hexamod:Strike","hexamod:Strike","hexamod:Strike","hexamod:Defend","hexamod:Defend","hexamod:Defend","hexamod:Defend","hexamod:Sear+1","hexamod:Float","CurseOfTheBell","hexamod:HauntingEcho","hexamod:RainOfEmbers","hexamod:FlamesFromBeyond","hexamod:NightmareGuise","hexamod:ChargedBarrage","hexamod:PowerFromBeyond","hexamod:AdvancingGuard"],"relics":["Calling Bell","Tiny Chest","InkBottle","Unceasing Top","Blue Candle","hubris:TenFootPole","hubris:Towel","Dead Branch"],"acts_visited":["Exordium"],"potions_floor_usage":[10,14,14,15,16],"damage_taken":[{"damage":3,"enemies":"2 Louse","floor":2,"turns":3},{"damage":30,"enemies":"Cultist","floor":3,"turns":8},{"damage":7,"enemies":"Small Slimes","floor":5,"turns":4},{"damage":10,"enemies":"2 Fungi Beasts","floor":6,"turns":3},{"damage":11,"enemies":"Gremlin Nob","floor":9,"turns":3},{"damage":1,"enemies":"Large Slime","floor":10,"turns":4},{"damage":37,"enemies":"Lots of Slimes","floor":14,"turns":8},{"damage":14,"enemies":"Exordium Thugs","floor":15,"turns":3},{"damage":8,"enemies":"IC_STATUS_ARCHETYPE","floor":16,"turns":1}],"seed_played":"7069572927891364101","potions_obtained":[{"floor":2,"key":"EntropicBrew"},{"floor":3,"key":"Block Potion"},{"floor":4,"key":"SmokeBomb"},{"floor":10,"key":"Dexterity Potion"}],"is_trial":false,"path_per_floor":["R","M","M","?","M","M","T","R","E","M","?","T","?","M","M","B"],"character_chosen":"THE_SPIRIT","items_purchased":[],"campfire_rested":1,"item_purchase_floors":[],"current_hp_per_floor":[70,67,37,37,30,20,20,41,30,29,29,29,29,15,1,0,0,0],"gold":244,"neow_bonus":"BOSS_RELIC","is_daily":false,"chose_seed":false,"campfire_upgraded":1,"win_rate":0.0,"timestamp":1612399693,"path_taken":["R","M","M","?","?","M","T","R","E","M","?","?","?","?","M","BOSS"],"items_purchased_type":[],"build_version":"2020-12-22","purchased_purges":0,"victory":false,"max_hp_per_floor":[70,70,70,70,70,70,70,70,70,70,70,70,70,70,70,70,70,70],"card_choices":[{"not_picked":["hexamod:BacktrackSmack","hexamod:SpectersWail"],"picked":"hexamod:HauntingEcho","floor":2},{"not_picked":["hexamod:RecurringNightmare","hexamod:Firestarter"],"picked":"hexamod:RainOfEmbers","floor":3},{"not_picked":["hexamod:GhostLash","hexamod:BurningTouch"],"picked":"hexamod:FlamesFromBeyond","floor":5},{"not_picked":["hexamod:RainOfEmbers","hexamod:HeatMetal","hexamod:ShieldOfDarkness"],"picked":"SKIP","floor":6},{"not_picked":["hexamod:CatchUp","hexamod:RadiantFlame"],"picked":"hexamod:NightmareGuise","floor":9},{"not_picked":["hexamod:Again","hexamod:BacktrackSmack"],"picked":"hexamod:ChargedBarrage","floor":10},{"not_picked":["hexamod:AdvancingGuard","hexamod:PhantomCloak"],"picked":"hexamod:PowerFromBeyond","floor":14},{"not_picked":["hexamod:SkipABeat","hexamod:SwordOfDarkness"],"picked":"hexamod:AdvancingGuard","floor":15}],"player_experience":187566,"relics_obtained":[{"floor":0,"key":"Tiny Chest"},{"floor":0,"key":"InkBottle"},{"floor":0,"key":"Unceasing Top"},{"floor":7,"key":"Blue Candle"},{"floor":9,"key":"hubris:TenFootPole"},{"floor":12,"key":"Dead Branch"}],"event_choices":[{"damage_healed":0,"gold_gain":0,"player_choice":"Got Potions","damage_taken":0,"max_hp_gain":0,"max_hp_loss":0,"event_name":"Lab","floor":4,"gold_loss":0}],"is_beta":false,"boss_relics":[],"items_purged_floors":[],"is_endless":false,"potions_floor_spawned":[2,3,10],"killed_by":"IC_STATUS_ARCHETYPE","ascension_level":1}}