{"host":"x5w9zppki4gdwvc7","time":1612445693,"event":{"mods":["AchievementEnabler","BaseMod","Colored Powertips","DeckTracker","Minty Spire (QoL Compilation)"],"gold_per_floor":[118,293,293,310,310,310,321,75,75,75,88,106,121,135,135,231,231,250,265,285,301,320,320,330,350,350,350,350],"floor_reached":27,"language":"ENG","playtime":1066,"items_purged":[],"score":302,"play_id":"b20e3891-887d-47dc-be5b-7fef0bf81108","local_time":"20210204143453","is_ascension_mode":true,"campfire_choices":[{"data":"Dualcast","floor":6,"key":"SMITH"},{"data":"Apotheosis","floor":10,"key":"SMITH"},{"floor":15,"key":"REST"},{"floor":23,"key":"REST"}],"circlet_count":0,"master_deck":["Strike_B","Strike_B","Strike_B","Defend_B","Defend_B","Defend_B","Defend_B","Zap+1","Dualcast+1","Streamline","Apotheosis+1","Scrape","Defragment","Electrodynamics","Gash","Electrodynamics","Defragment","Self Repair+1","Gash","Defragment"],"relics":["Snecko Eye","Bag of Marbles","Singing Bowl","Empty Cage","Mummified Hand"],"acts_visited":["Exordium","TheCity"],"potions_floor_usage":[16,21,25,27,27],"damage_taken":[{"damage":3,"enemies":"Small Slimes","floor":1,"turns":4},{"damage":10,"enemies":"2 Louse","floor":4,"turns":2},{"damage":0,"enemies":"Cultist","floor":7,"turns":2},{"damage":6,"enemies":"2 Fungi Beasts","floor":11,"turns":3},{"damage":21,"enemies":"Blue Slaver","floor":12,"turns":3},{"damage":14,"enemies":"Exordium Thugs","floor":13,"turns":3},{"damage":6,"enemies":"2 Fungi Beasts","floor":14,"turns":2},{"damage":0,"enemies":"Slime Boss","floor":16,"turns":6},{"damage":22,"enemies":"2 Thieves","floor":18,"turns":2},{"damage":0,"enemies":"3 Byrds","floor":19,"turns":2},{"damage":17,"enemies":"Centurion and Healer","floor":20,"turns":3},{"damage":24,"enemies":"Snake Plant","floor":21,"turns":4},{"damage":10,"enemies":"Snecko","floor":22,"turns":3},{"damage":19,"enemies":"Cultist and Chosen","floor":24,"turns":4},{"damage":37,"enemies":"Sentry and Sphere","floor":25,"turns":4},{"damage":17,"enemies":"Slavers","floor":27,"turns":1}],"seed_played":"2483094531714535746","potions_obtained":[{"floor":1,"key":"Block Potion"},{"floor":13,"key":"Dexterity Potion"},{"floor":16,"key":"LiquidBronze"},{"floor":19,"key":"Weak Potion"},{"floor":21,"key":"SkillPotion"},{"floor":24,"key":"Strength Potion"}],"is_trial":false,"path_per_floor":["M","?","?","M","?","R","M","$","T","R","M","M","M","M","R","B",null,"M","M","M","M","M","R","M","M","T","E"],"character_chosen":"DEFECT","items_purchased":["Apotheosis","Scrape"],"campfire_rested":2,"item_purchase_floors":[8,8],"current_hp_per_floor":[72,72,60,50,50,50,50,50,50,50,44,25,11,5,28,28,77,57,57,40,26,28,52,45,8,8,0,0],"gold":350,"neow_bonus":"BOSS_RELIC","is_daily":false,"chose_seed":false,"campfire_upgraded":2,"win_rate":0.0,"timestamp":1612445693,"path_taken":["M","?","?","M","?","R","M","$","T","R","M","M","M","M","R","BOSS","M","?","M","M","M","R","M","M","T","E"],"items_purchased_type":["Card","Card"],"build_version":"2020-12-22","purchased_purges":0,"victory":false,"max_hp_per_floor":[75,75,75,75,75,75,75,75,75,75,75,77,77,77,77,77,77,79,79,79,79,81,81,83,83,83,83,83],"card_choices":[{"not_picked":["Leap","Go for the Eyes","Cold Snap"],"picked":"SKIP","floor":1},{"not_picked":["Go for the Eyes","Leap","Cold Snap"],"picked":"SKIP","floor":4},{"not_picked":["Skim","Ball Lightning"],"picked":"Streamline","floor":7},{"not_picked":["Capacitor","Redo"],"picked":"Defragment","floor":11},{"not_picked":["Rebound","Stack","Blizzard"],"picked":"Singing Bowl","floor":12},{"not_picked":["Darkness","Reprogram"],"picked":"Electrodynamics","floor":13},{"not_picked":["Ball Lightning","Cold Snap"],"picked":"Gash","floor":14},{"not_picked":["Rainbow","Buffer"],"picked":"Electrodynamics","floor":16},{"not_picked":["Ball Lightning+1","Barrage","Steam+1"],"picked":"Singing Bowl","floor":18},{"not_picked":["Cold Snap+1","Stack"],"picked":"Defragment","floor":19},{"not_picked":["White Noise","Cold Snap"],"picked":"Self Repair+1","floor":20},{"not_picked":["Streamline","Barrage"],"picked":"Gash","floor":21},{"not_picked":["Redo+1","Rebound","Sweeping Beam"],"picked":"Singing Bowl","floor":22},{"not_picked":["Beam Cell","Barrage","Fusion"],"picked":"Singing Bowl","floor":24},{"not_picked":["Hologram+1","Electrodynamics"],"picked":"Defragment","floor":25}],"player_experience":470488,"relics_obtained":[{"floor":9,"key":"Singing Bowl"},{"floor":26,"key":"Mummified Hand"}],"event_choices":[{"damage_healed":0,"gold_gain":175,"player_choice":"AGREE","damage_taken":0,"max_hp_gain":0,"max_hp_loss":0,"event_name":"Liars Game","floor":2,"gold_loss":0,"cards_obtained":["Doubt"]},{"damage_healed":0,"gold_gain":0,"player_choice":"Success","damage_taken":12,"relics_obtained":["Bag of Marbles"],"max_hp_gain":0,"max_hp_loss":0,"event_name":"Scrap Ooze","floor":3,"gold_loss":0},{"damage_healed":0,"gold_gain":0,"player_choice":"Forge","damage_taken":0,"max_hp_gain":0,"max_hp_loss":0,"event_name":"Accursed Blacksmith","floor":5,"gold_loss":0,"cards_upgraded":["Zap"]}],"is_beta":false,"boss_relics":[{"not_picked":["Astrolabe","Pandora\u0027s Box"],"picked":"Empty Cage"}],"items_purged_floors":[],"is_endless":false,"potions_floor_spawned":[1,13,16,19,21,24],"killed_by":"Slavers","ascension_level":3}}