{"host":"9oshzrjkbi608dco","time":1612412753,"event":{"mods":["AchievementEnabler","BaseMod","Colored Powertips","Minty Spire (QoL Compilation)"],"gold_per_floor":[116,28,41,59,73,98,98,98,179,199,227,239,239,257,257,357,357,369,149,149,149,165,192,192,192,247,247,277,277,277,291,291,395,395,405,454,454,454],"floor_reached":37,"language":"ENG","playtime":2392,"items_purged":["Regret"],"score":421,"play_id":"3e7f79e1-b1c9-4c9b-a777-3914dedb1d8c","local_time":"20210204152553","is_ascension_mode":false,"campfire_choices":[{"floor":7,"key":"REST"},{"floor":13,"key":"REST"},{"floor":15,"key":"REST"},{"floor":24,"key":"REST"},{"floor":27,"key":"RECALL"},{"floor":30,"key":"REST"},{"floor":32,"key":"REST"}],"circlet_count":0,"master_deck":["Survivor","Neutralize","Blade Dance","Caltrops","Noxious Fumes","PiercingWail","Backstab+1","Poisoned Stab","Finisher","Backflip","Venomology","Phantasmal Killer","Reflex","Dagger Spray","Corpse Explosion","After Image","Phantasmal Killer","Sucker Punch","Blur","Deadly Poison","Terror","Deadly Poison+1","Writhe","Envenom","After Image","Catalyst"],"relics":["Ring of the Snake","NeowsBlessing","Pocketwatch","PreservedInsect","Whetstone","Pandora\u0027s Box","Medical Kit","InkBottle","Matryoshka","Regal Pillow","Nunchaku","Bag of Marbles","Black Star","Ginger"],"acts_visited":["Exordium","TheCity","TheBeyond"],"potions_floor_usage":[6,6,11,11,16,20,22,23,23,29,33,33,33,36],"damage_taken":[{"damage":0,"enemies":"Cultist","floor":1,"turns":1},{"damage":0,"enemies":"Small Slimes","floor":3,"turns":1},{"damage":0,"enemies":"Jaw Worm","floor":4,"turns":1},{"damage":8,"enemies":"Looter","floor":5,"turns":4},{"damage":23,"enemies":"Gremlin Nob","floor":6,"turns":4},{"damage":10,"enemies":"2 Fungi Beasts","floor":10,"turns":3},{"damage":30,"enemies":"Lagavulin","floor":11,"turns":6},{"damage":5,"enemies":"Large Slime","floor":12,"turns":4},{"damage":6,"enemies":"3 Louse","floor":14,"turns":3},{"damage":47,"enemies":"Slime Boss","floor":16,"turns":9},{"damage":12,"enemies":"Chosen","floor":18,"turns":4},{"damage":0,"enemies":"3 Byrds","floor":20,"turns":1},{"damage":9,"enemies":"3 Cultists","floor":22,"turns":3},{"damage":26,"enemies":"Book of Stabbing","floor":23,"turns":4},{"damage":34,"enemies":"Slavers","floor":28,"turns":5},{"damage":0,"enemies":"Centurion and Healer","floor":29,"turns":1},{"damage":12,"enemies":"Snake Plant","floor":31,"turns":4},{"damage":56,"enemies":"Automaton","floor":33,"turns":9},{"damage":19,"enemies":"3 Shapes","floor":35,"turns":3},{"damage":36,"enemies":"2 Orb Walkers","floor":36,"turns":3},{"damage":18,"enemies":"Orb Walker","floor":37,"turns":3}],"seed_played":"-7918863258313861693","potions_obtained":[{"floor":1,"key":"Strength Potion"},{"floor":6,"key":"LiquidBronze"},{"floor":10,"key":"Energy Potion"},{"floor":11,"key":"SmokeBomb"},{"floor":12,"key":"Swift Potion"},{"floor":18,"key":"CultistPotion"},{"floor":23,"key":"SteroidPotion"},{"floor":31,"key":"Dexterity Potion"},{"floor":36,"key":"Swift Potion"}],"is_trial":false,"path_per_floor":["M","$","M","M","M","E","R","?","T","M","E","M","R","M","R","B",null,"M","$","M","?","M","E","R","?","T","R","E","M","R","M","R","B",null,"M","?","M"],"character_chosen":"THE_SILENT","items_purchased":["Caltrops","Energy Potion","Medical Kit"],"campfire_rested":6,"item_purchase_floors":[2,2,19],"current_hp_per_floor":[70,70,70,70,62,39,60,60,60,50,20,15,36,30,51,4,70,58,58,58,58,49,23,44,44,44,44,10,10,46,34,70,14,70,51,15,0,0],"gold":454,"neow_bonus":"THREE_ENEMY_KILL","is_daily":false,"chose_seed":false,"campfire_upgraded":0,"win_rate":0.0,"timestamp":1612412753,"path_taken":["M","$","?","M","?","E","R","?","T","M","E","M","R","M","R","BOSS","M","$","M","?","M","E","R","?","T","R","E","M","R","M","R","BOSS","M","?","M"],"items_purchased_type":["Card","Potion","Relic"],"build_version":"2020-12-22","purchased_purges":1,"victory":false,"max_hp_per_floor":[70,70,70,70,70,70,70,70,70,70,70,70,70,70,70,70,70,70,70,70,70,70,70,70,70,70,70,70,70,70,70,70,70,70,70,70,70,70],"card_choices":[{"not_picked":["Caltrops","Flechettes"],"picked":"Blade Dance","floor":1},{"not_picked":["Well Laid Plans","Bouncing Flask"],"picked":"Noxious Fumes","floor":3},{"not_picked":["Dagger Spray","Quick Slash"],"picked":"PiercingWail","floor":4},{"not_picked":["PiercingWail","Sucker Punch"],"picked":"Backstab","floor":5},{"not_picked":["Outmaneuver","Acrobatics"],"picked":"Poisoned Stab","floor":6},{"not_picked":["PiercingWail","Dagger Spray","Cloak And Dagger"],"picked":"SKIP","floor":10},{"not_picked":["Backflip","Dagger Throw"],"picked":"Finisher","floor":11},{"not_picked":["Dagger Throw","Doppelganger"],"picked":"Backflip","floor":12},{"not_picked":["Heel Hook","Well Laid Plans","Dagger Spray"],"picked":"SKIP","floor":14},{"not_picked":["Night Terror","Phantasmal Killer"],"picked":"Venomology","floor":16},{"not_picked":["Flechettes","Slice+1"],"picked":"Deadly Poison+1","floor":18},{"not_picked":["Prepared","Poisoned Stab","Flechettes"],"picked":"SKIP","floor":22},{"not_picked":["Dagger Spray","Quick Slash+1","Distraction"],"picked":"SKIP","floor":23},{"not_picked":["Prepared","Reflex+1","Caltrops+1"],"picked":"SKIP","floor":28},{"not_picked":["Outmaneuver","Blade Dance"],"picked":"Envenom","floor":31},{"not_picked":["Wraith Form v2","Doppelganger"],"picked":"After Image","floor":33},{"not_picked":["Backstab","Dagger Throw","Heel Hook"],"picked":"SKIP","floor":35},{"not_picked":["Escape Plan","Deflect"],"picked":"Catalyst","floor":36}],"player_experience":105745,"relics_obtained":[{"floor":6,"key":"Pocketwatch"},{"floor":11,"key":"Whetstone"},{"floor":23,"key":"InkBottle"},{"floor":26,"key":"Regal Pillow"},{"floor":26,"key":"Nunchaku"},{"floor":28,"key":"Bag of Marbles"},{"floor":36,"key":"Ginger"}],"event_choices":[{"damage_healed":0,"gold_gain":0,"player_choice":"Box","damage_taken":0,"relics_obtained":["PreservedInsect"],"max_hp_gain":0,"max_hp_loss":0,"event_name":"Big Fish","floor":8,"gold_loss":0,"cards_obtained":["Regret"]},{"damage_healed":0,"gold_gain":0,"player_choice":"Ignored","damage_taken":0,"max_hp_gain":0,"max_hp_loss":0,"event_name":"Ghosts","floor":21,"gold_loss":0},{"damage_healed":0,"gold_gain":0,"player_choice":"Opened","damage_taken":0,"relics_obtained":["Matryoshka"],"max_hp_gain":0,"max_hp_loss":0,"event_name":"The Mausoleum","floor":25,"gold_loss":0,"cards_obtained":["Writhe"]},{"damage_healed":0,"gold_gain":0,"player_choice":"Fight","damage_taken":0,"max_hp_gain":0,"max_hp_loss":0,"event_name":"Mysterious Sphere","floor":36,"gold_loss":0}],"is_beta":false,"boss_relics":[{"not_picked":["SlaversCollar","Fusion Hammer"],"picked":"Pandora\u0027s Box"},{"not_picked":["Astrolabe","HoveringKite"],"picked":"Black Star"}],"items_purged_floors":[19],"is_endless":false,"potions_floor_spawned":[1,6,10,11,12,18,23,29,31,36],"killed_by":"Orb Walker","ascension_level":0}}