{"host":"ceheqh86fk4eo7wc","time":1612456922,"event":{"mods":["Aspiration","BaseMod","BetterRewards","Conspire","Downfall","Hermit","Hubris","Infinite Spire","Marisa????????","Minty Spire (QoL Compilation)","READ ME - Snecko Mod","Replay The Spire","StSLib","The Administrix","The Animator","The Cursed","The Poker Player","The Servant 0.9.4","slay the spire mod where everything is the same but ironclad has a cowboy hat"],"gold_per_floor":[119,89,99,112,130,130,141,158,158,158,175,203,8,27,27,131,131,144,144,164,178,188,188,219,34,34,34,50,50,62,12,12,112,112,123,151,151,18,18,18,35,35,35,46,59,59,59,59,59,59,59],"floor_reached":50,"language":"ENG","playtime":3227,"items_purged":["Writhe"],"score":641,"play_id":"a4a48efe-023c-4da2-a6dd-be8a56d51431","local_time":"20210204084202","is_ascension_mode":false,"campfire_choices":[{"data":"Anger","floor":6,"key":"SMITH"},{"floor":10,"key":"REST"},{"data":"Perfected Strike","floor":15,"key":"SMITH"},{"data":"Perfected Strike","floor":23,"key":"SMITH"},{"data":"Life Link","floor":27,"key":"SMITH"},{"data":"Perfected Strike","floor":32,"key":"SMITH"},{"data":"Flex","floor":40,"key":"SMITH"},{"floor":46,"key":"REST"}],"circlet_count":0,"master_deck":["Strike_R","Strike_R","Strike_R","Strike_R","Strike_R","Defend_R","Defend_R","Defend_R","Defend_R","Bash+1","Heavy Blade","Perfected Strike+1","Flex+1","Anger+1","Ghostly Armor","Perfected Strike+1","Heavy Blade+1","Replay:Undeath\u0027s Touch+1","Clothesline","Perfected Strike+1","Feed","Carnage+1","Flex","Havoc+1","Sentinel","conspire:Charge","Life Link+1","Warcry+1","Ghostly","Ghostly","Ghostly","Ghostly","Ghostly","hubris:ReadiedAction","Flex","Offering","Pommel Strike+1","Cleave+1","Flex","Finesse","Life Link+1","Reckless Charge","Perfected Strike","CurseOfTheBell","CurseOfTheBell","Pot Of Greed","Pot Of Greed","Pot Of Greed","Pot Of Greed","hubris:Sloth"],"relics":["Burning Blood","Gambling Chip","infinitespire:ShieldingShard","infinitespire:Satchel","Ooze Armor","Toolbox","Quantum Egg","Whetstone","Garlic","aspiration:SecretTechniqueScroll","Replay:Bottled Flurry","Bottled Tornado","downfall:ExtraCursedBell","Grinning Jar","Replay:Ringing Soul","infinitespire:Joker Card","Art of War"],"acts_visited":["Exordium","TheCity","TheBeyond"],"potions_floor_usage":[5,7,8,12,12,16,20,21,30,33,36,44,45,50],"damage_taken":[{"damage":11,"enemies":"2 Louse","floor":1,"turns":3},{"damage":1,"enemies":"Cultist","floor":3,"turns":3},{"damage":7,"enemies":"conspire:RoseBush","floor":4,"turns":2},{"damage":23,"enemies":"Lots of Slimes","floor":5,"turns":4},{"damage":21,"enemies":"Exordium Thugs","floor":7,"turns":4},{"damage":13,"enemies":"Gremlin Gang","floor":8,"turns":5},{"damage":6,"enemies":"3 Louse","floor":11,"turns":2},{"damage":0,"enemies":"3 Sentries","floor":12,"turns":4},{"damage":0,"enemies":"Exordium Thugs","floor":14,"turns":5},{"damage":46,"enemies":"Hexaghost","floor":16,"turns":7},{"damage":5,"enemies":"Shell Parasite","floor":18,"turns":2},{"damage":0,"enemies":"Spheric Guardian","floor":20,"turns":2},{"damage":13,"enemies":"Centurion and Healer","floor":21,"turns":4},{"damage":16,"enemies":"Cultist and Chosen","floor":22,"turns":4},{"damage":7,"enemies":"conspire:Head Lice","floor":24,"turns":6},{"damage":5,"enemies":"Snake Plant","floor":28,"turns":2},{"damage":2,"enemies":"Centurion and Healer","floor":30,"turns":4},{"damage":26,"enemies":"conspire:MysteriousRune","floor":33,"turns":10},{"damage":0,"enemies":"3 Shapes","floor":35,"turns":2},{"damage":15,"enemies":"conspire:MimicChest","floor":36,"turns":5},{"damage":9,"enemies":"3 Darklings","floor":41,"turns":5},{"damage":13,"enemies":"Spire Growth","floor":44,"turns":3},{"damage":13,"enemies":"Sphere and 2 Shapes","floor":45,"turns":3},{"damage":61,"enemies":"Replay:Hell Engine","floor":50,"turns":8}],"seed_played":"-5172313160996405169","potions_obtained":[{"floor":2,"key":"HeartOfIron"},{"floor":2,"key":"LifebloodPotion"},{"floor":3,"key":"AttackPotion"},{"floor":8,"key":"Block Potion"},{"floor":11,"key":"AttackPotion"},{"floor":14,"key":"FearPotion"},{"floor":16,"key":"SkillPotion"},{"floor":18,"key":"Guardian:BlockOnCardUsePotion"},{"floor":24,"key":"SkillPotion"},{"floor":30,"key":"hexamod:SoulburnPotion"},{"floor":33,"key":"bronze:BurnAndBuffPotion"},{"floor":41,"key":"SkillPotion"},{"floor":44,"key":"Elixir"},{"floor":45,"key":"LiquidMemories"}],"is_trial":false,"path_per_floor":["M","?","M","M","M","R","M","M","T","R","M","E","$","M","R","B",null,"M","AVR","M","M","M","R","E","$","T","R","M","?","M","$","R","B",null,"M","?","?","$","?","R","M","$","T","M","M","R","?","AVR","R","B"],"character_chosen":"IRONCLAD","items_purchased":["Clothesline","infinitespire:Satchel","Life Link","Whetstone","Flex","Flex","Finesse"],"campfire_rested":2,"item_purchase_floors":[13,13,25,25,31,38,38],"current_hp_per_floor":[75,75,80,79,62,62,47,40,40,64,64,70,70,76,76,36,80,80,80,80,76,69,69,71,71,71,71,72,44,44,44,44,24,44,47,38,38,38,47,47,44,44,44,37,30,44,52,52,52,0,0],"gold":59,"neow_bonus":"UPGRADE_CARD","is_daily":false,"chose_seed":false,"campfire_upgraded":6,"win_rate":0.0,"timestamp":1612456922,"path_taken":["M","?","M","?","?","R","?","M","T","R","M","E","$","M","R","BOSS","M","AVR","M","M","M","R","E","?","T","R","?","?","M","?","R","BOSS","M","?","?","$","?","R","M","?","T","?","M","R","?","AVR","R","BOSS"],"items_purchased_type":["Card","Relic","Card","Relic","Card","Card","Card"],"build_version":"2020-12-22","purchased_purges":1,"victory":false,"max_hp_per_floor":[80,80,80,80,80,80,80,80,80,80,80,80,80,80,80,80,80,80,80,80,83,86,86,89,89,89,89,89,44,44,44,44,44,44,47,47,47,47,47,47,47,47,47,47,47,47,55,55,55,55,55],"card_choices":[{"not_picked":["True Grit","Rampage"],"picked":"Heavy Blade","floor":1},{"not_picked":["Combust","Sword Boomerang"],"picked":"Perfected Strike","floor":3},{"not_picked":["ReplayTheSpireMod:Stacked","Twin Strike"],"picked":"Flex","floor":4},{"not_picked":["ReplayTheSpireMod:Strike From Hell","Life Link"],"picked":"Anger","floor":5},{"not_picked":["Pommel Strike","Barricade"],"picked":"Ghostly Armor","floor":7},{"not_picked":["Infernal Blade","Warcry"],"picked":"Perfected Strike","floor":8},{"not_picked":["Armaments","Havoc"],"picked":"Heavy Blade","floor":11},{"not_picked":["hubris:CleavingFinish","Rupture"],"picked":"Replay:Undeath\u0027s Touch","floor":12},{"not_picked":["hubris:ReadiedAction","Sentinel"],"picked":"Perfected Strike","floor":14},{"not_picked":["hubris:StunningStrike","Fiend Fire"],"picked":"Feed","floor":16},{"not_picked":["Perfected Strike","Battle Trance+1"],"picked":"Carnage+1","floor":18},{"not_picked":["Clash","Burning Pact"],"picked":"Flex","floor":20},{"not_picked":["Clash","Clothesline"],"picked":"Havoc+1","floor":21},{"not_picked":["Combust","Havoc"],"picked":"Sentinel","floor":22},{"not_picked":["ReplayTheSpireMod:Corrosion Curse","Replay:Undeath\u0027s Touch"],"picked":"conspire:Charge","floor":24},{"not_picked":["Rampage","Shrug It Off"],"picked":"Warcry+1","floor":28},{"not_picked":["Pommel Strike","Demon Form"],"picked":"hubris:ReadiedAction","floor":30},{"not_picked":["Feed","Fiend Fire"],"picked":"Offering","floor":33},{"not_picked":["Clothesline","True Grit"],"picked":"Pommel Strike+1","floor":35},{"not_picked":["Replay:Undeath\u0027s Touch","Sword Boomerang"],"picked":"Cleave+1","floor":36},{"not_picked":["Warcry+1","Thunderclap"],"picked":"Life Link+1","floor":41},{"not_picked":["True Grit","Armaments"],"picked":"Reckless Charge","floor":44},{"not_picked":["Body Slam","Pummel+1"],"picked":"Perfected Strike","floor":45}],"player_experience":53749,"relics_obtained":[{"floor":9,"key":"Gambling Chip"},{"floor":12,"key":"infinitespire:ShieldingShard"},{"floor":24,"key":"Quantum Egg"},{"floor":26,"key":"Garlic"},{"floor":36,"key":"Replay:Bottled Flurry"},{"floor":43,"key":"Bottled Tornado"},{"floor":47,"key":"Grinning Jar"},{"floor":47,"key":"Replay:Ringing Soul"},{"floor":47,"key":"infinitespire:Joker Card"}],"event_choices":[{"damage_healed":0,"gold_gain":0,"player_choice":"Bought 2 Potions","damage_taken":0,"max_hp_gain":0,"max_hp_loss":0,"event_name":"The Woman in Blue","floor":2,"gold_loss":0},{"damage_healed":0,"gold_gain":0,"player_choice":"Became a Ghost","damage_taken":0,"max_hp_gain":0,"max_hp_loss":45,"event_name":"Ghosts","floor":29,"gold_loss":0,"cards_obtained":["Ghostly","Ghostly","Ghostly","Ghostly","Ghostly"]},{"damage_healed":0,"gold_gain":0,"player_choice":"Leave","damage_taken":0,"max_hp_gain":0,"max_hp_loss":0,"event_name":"conspire:Investor","floor":37,"gold_loss":0},{"damage_healed":12,"gold_gain":0,"player_choice":"Writhe","damage_taken":0,"max_hp_gain":0,"max_hp_loss":0,"event_name":"Winding Halls","floor":39,"gold_loss":0,"cards_obtained":["Writhe"]}],"is_beta":false,"boss_relics":[{"not_picked":["hubris:VirtuousBlindfold","conspire:RunicOctahedron"],"picked":"Ooze Armor"},{"not_picked":["infinitespire:Cupcake","Runic Dome"],"picked":"aspiration:SecretTechniqueScroll"}],"items_purged_floors":[48],"is_endless":false,"potions_floor_spawned":[3,8,11,14,16,18,24,30,33,41,44,45],"killed_by":"Replay:Hell Engine","ascension_level":0}}