{"host":"vumwfieg2b2mnrfl","time":1612475657,"event":{"mods":["AchievementEnabler","BaseMod","Minty Spire (QoL Compilation)","Rare Cards Sparkle","Relic Stats"],"gold_per_floor":[119,34,134,147,147,177,177,177,177,205,266,284,46,76,76,151,151,170,186,111,111,125,125,125],"floor_reached":23,"language":"ENG","playtime":599,"items_purged":["Defend_R"],"score":464,"play_id":"a3b87d87-5da2-48d5-aa09-3d621e392760","local_time":"20210204155417","is_ascension_mode":true,"campfire_choices":[{"data":"Bash","floor":7,"key":"SMITH"},{"floor":15,"key":"REST"}],"circlet_count":0,"master_deck":["AscendersBane","Strike_R","Strike_R","Strike_R","Defend_R","Defend_R","Defend_R","Bash+1","Fire Breathing","Clash","Shrug It Off","Hemokinesis","Armaments","Rampage","Apotheosis","Shrug It Off","Clothesline","Impervious","Body Slam","Entrench"],"relics":["Burning Blood","NeowsBlessing","Gremlin Horn","Ancient Tea Set","Regal Pillow","PreservedInsect","Sozu"],"acts_visited":["Exordium","TheCity"],"potions_floor_usage":[10],"damage_taken":[{"damage":0,"enemies":"Small Slimes","floor":1,"turns":1},{"damage":0,"enemies":"Cultist","floor":4,"turns":1},{"damage":0,"enemies":"3 Sentries","floor":6,"turns":1},{"damage":44,"enemies":"Gremlin Nob","floor":10,"turns":5},{"damage":11,"enemies":"Jaw Worm","floor":12,"turns":4},{"damage":17,"enemies":"3 Sentries","floor":14,"turns":4},{"damage":19,"enemies":"Slime Boss","floor":16,"turns":7},{"damage":21,"enemies":"3 Byrds","floor":18,"turns":7},{"damage":9,"enemies":"Chosen","floor":19,"turns":4},{"damage":17,"enemies":"Snecko","floor":22,"turns":6},{"damage":49,"enemies":"Gremlin Leader","floor":23,"turns":6}],"seed_played":"-5981003877868893202","potions_obtained":[{"floor":1,"key":"Energy Potion"},{"floor":6,"key":"Ancient Potion"}],"is_trial":false,"path_per_floor":["M","$","?","M","?","E","R","?","T","E","?","M","$","E","R","B",null,"M","M","$","?","M","E"],"character_chosen":"IRONCLAD","items_purchased":["Fire Breathing","Apotheosis","Shrug It Off"],"campfire_rested":1,"item_purchase_floors":[2,13,13],"current_hp_per_floor":[74,74,74,75,75,75,75,75,75,37,37,32,32,21,58,45,68,53,50,50,50,39,0,0],"gold":125,"neow_bonus":"THREE_ENEMY_KILL","is_daily":false,"chose_seed":false,"campfire_upgraded":1,"win_rate":0.0,"timestamp":1612475657,"path_taken":["M","$","?","?","?","E","R","?","T","E","?","M","$","E","R","BOSS","M","M","$","?","?","E"],"items_purchased_type":["Card","Card","Card"],"build_version":"2020-12-22","purchased_purges":1,"victory":false,"max_hp_per_floor":[75,75,75,75,75,75,75,75,75,75,75,75,75,75,75,75,75,75,75,75,75,75,75,75],"relic_stats":{"Sozu":1,"Regal Pillow":15,"Gremlin Horn":[9,9],"counters":[11,46],"PreservedInsect":45,"obtain_stats":[{"Sozu":17,"Regal Pillow":10,"NeowsBlessing":0,"Gremlin Horn":6,"PreservedInsect":14,"Ancient Tea Set":9,"Burning Blood":0},{"Sozu":7,"Regal Pillow":4,"NeowsBlessing":0,"Gremlin Horn":3,"PreservedInsect":6,"Ancient Tea Set":3,"Burning Blood":0},{"Sozu":23,"Regal Pillow":8,"NeowsBlessing":0,"Gremlin Horn":3,"PreservedInsect":16,"Ancient Tea Set":3,"Burning Blood":0}],"Burning Blood":49},"card_choices":[{"not_picked":["Flex","Sentinel","True Grit"],"picked":"SKIP","floor":1},{"not_picked":["Twin Strike","Feel No Pain"],"picked":"Clash","floor":4},{"not_picked":["Warcry","Body Slam"],"picked":"Shrug It Off","floor":6},{"not_picked":["Brutality","Dropkick"],"picked":"Armaments","floor":10},{"not_picked":["Anger","True Grit"],"picked":"Rampage","floor":12},{"not_picked":["Sword Boomerang","Corruption"],"picked":"Clothesline","floor":14},{"not_picked":["Corruption","Fiend Fire"],"picked":"Impervious","floor":16},{"not_picked":["Sword Boomerang","Metallicize"],"picked":"Body Slam","floor":18},{"not_picked":["Twin Strike","Warcry","Iron Wave+1"],"picked":"SKIP","floor":19},{"not_picked":["Hemokinesis+1","Pommel Strike"],"picked":"Entrench","floor":22}],"player_experience":523933,"relics_obtained":[{"floor":6,"key":"Gremlin Horn"},{"floor":9,"key":"Ancient Tea Set"},{"floor":10,"key":"Regal Pillow"},{"floor":14,"key":"PreservedInsect"}],"event_choices":[{"damage_healed":0,"gold_gain":100,"player_choice":"Gold","damage_taken":0,"max_hp_gain":0,"max_hp_loss":0,"event_name":"Wheel of Change","floor":3,"gold_loss":0},{"damage_healed":0,"gold_gain":0,"player_choice":"Ignored","damage_taken":0,"max_hp_gain":0,"max_hp_loss":0,"event_name":"Liars Game","floor":5,"gold_loss":0},{"damage_healed":0,"gold_gain":0,"cards_transformed":["Strike_R"],"player_choice":"Change","damage_taken":0,"max_hp_gain":0,"max_hp_loss":0,"event_name":"Living Wall","floor":8,"gold_loss":0,"cards_obtained":["Hemokinesis"]},{"damage_healed":0,"gold_gain":61,"player_choice":"Gained Gold","damage_taken":0,"max_hp_gain":0,"max_hp_loss":0,"event_name":"Golden Wing","floor":11,"gold_loss":0},{"cards_removed":["Strike_R"],"damage_healed":0,"gold_gain":0,"player_choice":"Purged","damage_taken":0,"max_hp_gain":0,"max_hp_loss":0,"event_name":"Purifier","floor":21,"gold_loss":0}],"is_beta":false,"boss_relics":[{"not_picked":["Coffee Dripper","SlaversCollar"],"picked":"Sozu"}],"items_purged_floors":[20],"is_endless":false,"potions_floor_spawned":[1,6,22],"killed_by":"Gremlin Leader","ascension_level":20}}