{"host":"u0hb5we0hmj7y3yv","time":1612449868,"event":{"mods":["BaseMod","Colored Powertips","KinomotoSakuraMod(Ä¾Ö®±¾Ó£)","Marisa£¨ìFÓê¡¡Ä§ÀíÉ³£©","Minty Spire (QoL Compilation)"],"gold_per_floor":[16,28,39,49,60,91,91,120,120,138,169,169,203,57,57,152,152,167,181,181,181,200,200,200,200],"floor_reached":24,"language":"ZHS","playtime":1127,"items_purged":[],"score":304,"play_id":"b1955ead-5d95-41b2-b138-c5de46376e0d","local_time":"20210204224428","is_ascension_mode":true,"campfire_choices":[{"data":"ClowCardTheBig","floor":7.0,"key":"SMITH"},{"data":"ClowCardTheFirey","floor":15,"key":"SMITH"},{"data":"ClowCardTheMove","floor":23,"key":"SMITH"}],"circlet_count":0,"master_deck":["SakuraCardTheSword+","ClowCardTheSword","ClowCardTheSword","ClowCardTheSword","ClowCardTheShield","ClowCardTheShield","ClowCardTheShield","ClowCardTheShield","SpellCardSeal","SpellCardRelease","ClowCardTheTime","ClowCardTheCloud","ClowCardTheMist","ClowCardTheBig+1","ClowCardTheSleep","ClowCardTheTime","ClowCardTheSweet","ClowCardTheFlower","ClowCardTheFirey+1","ClowCardTheMove+1","ClowCardTheDash","ClowCardTheArrow+1","ClowCardTheFirey"],"relics":["KSMOD_SealedBook","KSMOD_SealedWand","Vajra","Blood Vial","Tiny Chest","Juzu Bracelet","Mummified Hand","Medical Kit","SlaversCollar"],"acts_visited":["Exordium","TheCity"],"potions_floor_usage":[13,16],"damage_taken":[{"damage":0.0,"enemies":"Cultist","floor":1.0,"turns":3.0},{"damage":2.0,"enemies":"2 Louse","floor":2.0,"turns":3.0},{"damage":0.0,"enemies":"Small Slimes","floor":3.0,"turns":3.0},{"damage":10.0,"enemies":"Gremlin Gang","floor":4.0,"turns":5.0},{"damage":7.0,"enemies":"Large Slime","floor":5.0,"turns":6.0},{"damage":0.0,"enemies":"Gremlin Nob","floor":6.0,"turns":3.0},{"damage":5,"enemies":"3 Sentries","floor":8,"turns":6},{"damage":0,"enemies":"2 Fungi Beasts","floor":10,"turns":4},{"damage":16,"enemies":"Gremlin Nob","floor":11,"turns":3},{"damage":24,"enemies":"Lagavulin","floor":13,"turns":6},{"damage":22,"enemies":"Hexaghost","floor":16,"turns":7},{"damage":6,"enemies":"2 Thieves","floor":18,"turns":3},{"damage":0,"enemies":"Shell Parasite","floor":19,"turns":3},{"damage":0,"enemies":"Chosen and Byrds","floor":22,"turns":3},{"damage":0,"enemies":"Gremlin Leader","floor":24,"turns":2}],"seed_played":"5871944583040831660","potions_obtained":[{"floor":3.0,"key":"BlessingOfTheForge"},{"floor":8,"key":"KSMOD_MagickBottle"},{"floor":10,"key":"Fire Potion"},{"floor":13,"key":"Explosive Potion"},{"floor":18,"key":"PowerPotion"}],"is_trial":false,"path_per_floor":["M","M","M","M","M","E","R","E","T","M","E","?","E","$","R","B",null,"M","M","?","?","M","R","E"],"character_chosen":"KINOMOTOSAKURA","items_purchased":["Medical Kit"],"campfire_rested":0,"item_purchase_floors":[14],"current_hp_per_floor":[70,68,68,58,51,51,51,46,46,53,44,49,41,41,41,21,75,69,75,75,61,63,63,65,65],"gold":200,"neow_bonus":"THREE_RARE_CARDS","is_daily":false,"chose_seed":false,"campfire_upgraded":3,"win_rate":0.0,"timestamp":1612449868,"path_taken":["M","M","?","M","M","E","R","E","T","M","E","?","E","$","R","BOSS","M","M","?","?","M","R","E"],"items_purchased_type":["Relic"],"build_version":"2020-12-22","purchased_purges":0,"victory":false,"max_hp_per_floor":[70,70,70,70,70,70,70,70,70,70,70,75,75,75,75,75,75,75,75,75,80,80,80,80,80],"card_choices":[{"not_picked":["ClowCardTheCreate","ClowCardTheFight"],"picked":"ClowCardTheTime","floor":0.0},{"not_picked":["ClowCardTheLibra","ClowCardTheErase","ClowCardTheJump"],"picked":"SKIP","floor":1.0},{"not_picked":["ClowCardTheCloud","ClowCardTheSilent","ClowCardTheIllusion"],"picked":"SKIP","floor":2.0},{"not_picked":["ClowCardTheSilent","ClowCardTheIllusion"],"picked":"ClowCardTheCloud","floor":2.0},{"not_picked":["ClowCardTheShot","ClowCardThePower"],"picked":"ClowCardTheMist","floor":3.0},{"not_picked":["ClowCardTheCloud","ClowCardTheMirror"],"picked":"ClowCardTheBig","floor":4.0},{"not_picked":["ClowCardThePower","ClowCardTheDream"],"picked":"ClowCardTheSleep","floor":5.0},{"not_picked":["ClowCardTheFight","ClowCardTheSweet"],"picked":"ClowCardTheTime","floor":6.0},{"not_picked":["ClowCardTheSilent","ClowCardTheCloud"],"picked":"ClowCardTheSweet","floor":8},{"not_picked":["ClowCardTheSilent","ClowCardTheStorm"],"picked":"ClowCardTheFlower","floor":10},{"not_picked":["ClowCardTheSand","ClowCardTheSweet"],"picked":"ClowCardTheFirey","floor":11},{"not_picked":["ClowCardThePower","ClowCardTheEarthy"],"picked":"ClowCardTheMove","floor":13},{"not_picked":["ClowCardTheCreate","ClowCardTheThunder"],"picked":"ClowCardTheDash","floor":16},{"not_picked":["ClowCardTheErase","ClowCardTheFreeze","ClowCardTheSweet+1"],"picked":"SKIP","floor":18},{"not_picked":["ClowCardTheDream","ClowCardTheRain"],"picked":"ClowCardTheArrow+1","floor":19},{"not_picked":["ClowCardTheChange","ClowCardTheMist"],"picked":"ClowCardTheFirey","floor":22}],"player_experience":75162,"relics_obtained":[{"floor":6.0,"key":"Vajra"},{"floor":8,"key":"Blood Vial"},{"floor":9,"key":"Tiny Chest"},{"floor":11,"key":"Juzu Bracelet"},{"floor":13,"key":"Mummified Hand"}],"event_choices":[{"damage_healed":0,"gold_gain":0,"player_choice":"Donut","damage_taken":0,"max_hp_gain":5,"max_hp_loss":0,"event_name":"Big Fish","floor":12,"gold_loss":0},{"damage_healed":0,"gold_gain":0,"player_choice":"Bought 0 Potions","damage_taken":0,"max_hp_gain":0,"max_hp_loss":0,"event_name":"The Woman in Blue","floor":20,"gold_loss":0},{"damage_healed":0,"gold_gain":0,"player_choice":"Shed Blood","damage_taken":19,"max_hp_gain":5,"max_hp_loss":0,"event_name":"Forgotten Altar","floor":21,"gold_loss":0}],"is_beta":false,"boss_relics":[{"not_picked":["Fusion Hammer","Snecko Eye"],"picked":"SlaversCollar"}],"items_purged_floors":[],"is_endless":false,"potions_floor_spawned":[3,8,10,11,13,18,19],"killed_by":"Gremlin Leader","ascension_level":4}}