{"host":"7rmsgc3rayi00cdt","time":1612461217,"event":{"mods":["BaseMod","Minty Spire (QoL Compilation)"],"gold_per_floor":[115,132,132,147,222,222,256,270,270,339,351,351,351,351],"floor_reached":13,"language":"ENG","playtime":286,"items_purged":[],"score":166,"play_id":"4a6af5a3-9a8a-437d-b40a-bb728e70547a","local_time":"20210204175337","is_ascension_mode":true,"campfire_choices":[{"floor":6,"key":"REST"},{"floor":12,"key":"REST"}],"circlet_count":0,"master_deck":["AscendersBane","Strike_B","Strike_B","Strike_B","Strike_B","Defend_B","Defend_B","Defend_B","Defend_B","Zap","Dualcast","Stack","Decay","Go for the Eyes","Streamline","Beam Cell"],"relics":["Cracked Core","Bronze Scales","White Beast Statue"],"acts_visited":["Exordium"],"potions_floor_usage":[7,8,13],"damage_taken":[{"damage":7,"enemies":"Cultist","floor":1,"turns":4},{"damage":7,"enemies":"Small Slimes","floor":2,"turns":3},{"damage":16,"enemies":"Jaw Worm","floor":4,"turns":4},{"damage":48,"enemies":"Gremlin Nob","floor":7,"turns":5},{"damage":2,"enemies":"Exordium Wildlife","floor":8,"turns":3},{"damage":2,"enemies":"3 Louse","floor":11,"turns":4},{"damage":25,"enemies":"Lagavulin","floor":13,"turns":5}],"seed_played":"4063252077634410988","potions_obtained":[{"floor":1,"key":"Energy Potion"},{"floor":2,"key":"BlessingOfTheForge"},{"floor":11,"key":"LiquidMemories"}],"is_trial":false,"path_per_floor":["M","M","?","M","?","R","E","M","T","?","M","R","E"],"character_chosen":"DEFECT","items_purchased":[],"campfire_rested":2,"item_purchase_floors":[],"current_hp_per_floor":[64,57,57,41,30,53,5,3,3,3,1,24,0,0],"gold":351,"neow_bonus":"TEN_PERCENT_HP_BONUS","is_daily":false,"chose_seed":false,"campfire_upgraded":0,"win_rate":0.0,"timestamp":1612461217,"path_taken":["M","M","?","?","?","R","E","M","T","?","M","R","E"],"items_purchased_type":[],"build_version":"2020-12-22","purchased_purges":0,"victory":false,"max_hp_per_floor":[78,78,78,78,78,78,78,78,78,78,78,78,78,78],"card_choices":[{"not_picked":["Darkness","Redo","Self Repair"],"picked":"SKIP","floor":1},{"not_picked":["Doom and Gloom","Defragment"],"picked":"Stack","floor":2},{"not_picked":["Rebound","Reinforced Body"],"picked":"Go for the Eyes","floor":4},{"not_picked":["Creative AI","Double Energy"],"picked":"Streamline","floor":7},{"not_picked":["Hologram","Steam Power"],"picked":"Beam Cell","floor":8},{"not_picked":["Compile Driver","Defragment","Steam"],"picked":"SKIP","floor":11}],"player_experience":796958,"relics_obtained":[{"floor":7,"key":"Bronze Scales"},{"floor":9,"key":"White Beast Statue"}],"event_choices":[{"damage_healed":0,"gold_gain":0,"player_choice":"Cursed","damage_taken":0,"max_hp_gain":0,"max_hp_loss":0,"event_name":"Wheel of Change","floor":3,"gold_loss":0,"cards_obtained":["Decay"]},{"damage_healed":0,"gold_gain":75,"player_choice":"Gather Gold","damage_taken":11,"max_hp_gain":0,"max_hp_loss":0,"event_name":"World of Goop","floor":5,"gold_loss":0},{"damage_healed":0,"gold_gain":69,"player_choice":"Gained Gold","damage_taken":0,"max_hp_gain":0,"max_hp_loss":0,"event_name":"Golden Wing","floor":10,"gold_loss":0}],"is_beta":false,"boss_relics":[],"items_purged_floors":[],"is_endless":false,"potions_floor_spawned":[1,2,11],"killed_by":"Lagavulin","ascension_level":19}}