{"host":"30nnj7p8788fovb1","time":1612471333,"event":{"mods":["2.2 Compatiblity","AchievementEnabler","Act Like it!","BaseMod","Better Altar","Better Match","Better Note","Better Skull","Better Third Choice","Better Vampires","BetterRewards","Block Reminder","CapriCore","Colored Map","Colored Powertips","Curses Come First","Dark Map","Defuse TimeMaze Blight","Displayed Cursed Tome","Downfall","Hallownest","Hermit","Luminous","Marisa????????","Minty Spire (QoL Compilation)","Permanent Neow","Quick Restart","RNG Fix","Rare Cards Sparkle","Reimu??????","Relic Stats","Replay The Spire","Shade Mod","StSLib","The Bladedancer","The Bug Knight","The Cursed","The Exalted","The Forsaken","The Marked","The Mystic","The Problem Sleuth","The Servant 0.9.4","The Vixen","Yakumo Yukari mod"],"gold_per_floor":[99,117,135,41,55,90,139,239,239,249,281,281,181,181,191,292,292,292,309,324,336,347,374,399,411,411,411,441,451,351,361,376,478,528,528,542,542,553,570,596,596,613,44,62,62,62,62,90,100,100,100],"floor_reached":50,"language":"ENG","playtime":11761,"items_purged":["ReplayTheSpireMod:Restless Dread","theMarked:MuscleMemory"],"score":608,"play_id":"3038cc13-ab85-4799-8454-5eaf4242b5d5","local_time":"20210204164213","is_ascension_mode":false,"campfire_choices":[{"data":"theMarked:SoldierOfQuellstein","floor":1,"key":"SMITH"},{"floor":9,"key":"RECALL"},{"floor":13,"key":"REST"},{"data":"theMarked:HeightenedSenses","floor":18,"key":"SMITH"},{"data":"theMarked:ElectricStrings","floor":27,"key":"SMITH"},{"data":"theMarked:EternalStudent","floor":30,"key":"SMITH"},{"data":"theMarked:ElectricStrings","floor":35,"key":"SMITH"},{"data":"theForsaken:WordsOfMight","floor":47,"key":"SMITH"}],"circlet_count":0,"master_deck":["theMarked:Strike+1","theMarked:Strike","theMarked:Defend","theMarked:Defend+1","theMarked:Defend+1","theMarked:SoldierOfQuellstein+1","theMarked:ElectricStrings+1","theMarked:ResourceFulStrike","theMarked:Opportunist+1","theMarked:ChainLightning","theMarked:HeightenedSenses+1","theMarked:BanishingStrike","theMarked:LightningStrikesTwice+1","theMarked:Memento","theMarked:EternalStudent+1","theMarked:Aftermath","theMarked:ElectricStrings+1","theMarked:MagusForm+1","theMarked:Aftermath","theForsaken:WordsOfMight+1","theMarked:PowerFlow","theMarked:RogueSparks+1","theMarked:BanishingStrike+1","theForsaken:WordsOfMight","theMarked:StartUp+1"],"relics":["theMarked:ArtifactOfAir","ReplayTheSpireMod:CursedCoin","Happy Flower","Anchor","Art of War","Regal Pillow","downfall:HeartBlessingRed","Replay:Grab Bag","ReplayTheSpireMod:DimensionalGlitch","Busted Crown","Replay:Drink Me","Centennial Puzzle","Vajra","Blood Vial","downfall:HeartBlessingGreen","Tiny House","Eternal Feather","Mummified Hand","Guide Book","Mango","HollowMod:PaleOreRelic","Pen Nib"],"acts_visited":["Exordium","TheCity","TheBeyond"],"potions_floor_usage":[3,16,23,40,50],"damage_taken":[{"damage":1,"enemies":"Jaw Worm","floor":2,"turns":4},{"damage":2,"enemies":"Small Slimes","floor":3,"turns":2},{"damage":5,"enemies":"downfall:FleeingMerchant","floor":4,"turns":4},{"damage":1,"enemies":"2 Louse","floor":5,"turns":2},{"damage":16,"enemies":"Lagavulin","floor":6,"turns":5},{"damage":7,"enemies":"Exordium Thugs","floor":10,"turns":3},{"damage":16,"enemies":"3 Sentries","floor":11,"turns":6},{"damage":7,"enemies":"Exordium Wildlife","floor":15,"turns":3},{"damage":22,"enemies":"SI_SHIV_ARCHETYPE","floor":16,"turns":10},{"damage":0,"enemies":"Chosen","floor":19,"turns":4},{"damage":5,"enemies":"3 Byrds","floor":20,"turns":4},{"damage":0,"enemies":"Centurion and Healer","floor":21,"turns":5},{"damage":0,"enemies":"Snecko","floor":22,"turns":3},{"damage":11,"enemies":"Slavers","floor":23,"turns":4},{"damage":2,"enemies":"Shelled Parasite and Fungi","floor":25,"turns":5},{"damage":0,"enemies":"Gremlin Leader","floor":28,"turns":9},{"damage":0,"enemies":"Centurion and Healer","floor":29,"turns":6},{"damage":0,"enemies":"Chosen and Byrds","floor":31,"turns":5},{"damage":1,"enemies":"Cultist and Chosen","floor":32,"turns":5},{"damage":4,"enemies":"IC_MUSHROOM_ARCHETYPE","floor":33,"turns":7},{"damage":0,"enemies":"Orb Walker","floor":36,"turns":4},{"damage":0,"enemies":"3 Darklings","floor":38,"turns":4},{"damage":0,"enemies":"Jaw Worm Horde","floor":39,"turns":4},{"damage":43,"enemies":"Nemesis","floor":40,"turns":7},{"damage":0,"enemies":"Maw","floor":42,"turns":6},{"damage":0,"enemies":"downfall:FleeingMerchant","floor":43,"turns":4},{"damage":1,"enemies":"Transient","floor":44,"turns":5},{"damage":5,"enemies":"Reptomancer","floor":48,"turns":5},{"damage":27,"enemies":"Sphere and 2 Shapes","floor":49,"turns":4},{"damage":27,"enemies":"DF_ARCHETYPE_ORBS","floor":50,"turns":2}],"seed_played":"-7382589958012547674","potions_obtained":[{"floor":3,"key":"Fruit Juice"},{"floor":5,"key":"bronze:BurnAndBuffPotion"},{"floor":11,"key":"PowerPotion"},{"floor":15,"key":"Toxic Potion"},{"floor":21,"key":"Doom Potion"},{"floor":23,"key":"PowerPotion"},{"floor":32,"key":"SkillPotion"},{"floor":44,"key":"ZuzhouPotion:ReiMu"},{"floor":48,"key":"BlessingOfTheForge"}],"is_trial":false,"path_per_floor":["R","M","M","$","M","E","T","?","R","M","E","?","R","?","M","B",null,"R","M","M","M","M","E","T","M","?","R","E","M","R","M","M","B",null,"R","M","?","M","M","E","T","M","$","M","?","?","R","E","M","B"],"character_chosen":"THE_DEFAULT","items_purchased":["ReplayTheSpireMod:CursedCoin","Happy Flower","Guide Book","Mango"],"campfire_rested":1,"item_purchase_floors":[4,4,43,43],"current_hp_per_floor":[70,69,72,67,66,50,50,50,50,43,27,27,64,69,62,40,60,60,60,55,55,55,44,44,42,42,42,42,43,43,44,44,41,65,65,65,65,65,65,22,22,23,38,38,38,38,50,46,20,0,0],"gold":100,"neow_bonus":"REMOVE_CARD","is_daily":false,"chose_seed":false,"campfire_upgraded":6,"win_rate":0.0,"timestamp":1612471333,"path_taken":["R","M","?","$","M","E","T","?","R","M","E","?","R","?","M","BOSS","R","M","M","M","M","E","T","M","?","R","E","M","R","?","M","BOSS","R","M","?","M","?","E","T","M","$","M","?","?","R","E","M","BOSS"],"items_purchased_type":["Relic","Relic","Relic","Relic"],"build_version":"2020-12-22","purchased_purges":2,"victory":false,"max_hp_per_floor":[70,70,75,75,75,75,75,75,75,75,75,75,75,80,80,80,60,60,60,60,60,60,60,60,60,60,60,60,60,60,60,60,60,65,65,65,65,65,65,65,65,65,79,79,79,79,79,79,79,79,79],"relic_stats":{"Blood Vial":10,"Regal Pillow":15,"Centennial Puzzle":[24],"Busted Crown":42,"Happy Flower":[43],"counters":[30,139],"Mummified Hand":[27],"Eternal Feather":12,"Pen Nib":[1],"Art of War":[8],"obtain_stats":[{"Regal Pillow":11,"Tiny House":34,"Happy Flower":4,"downfall:HeartBlessingRed":13,"ReplayTheSpireMod:CursedCoin":4,"Replay:Grab Bag":17,"Guide Book":43,"Vajra":24,"downfall:HeartBlessingGreen":30,"Eternal Feather":40,"Mango":43,"Pen Nib":48,"Blood Vial":28,"theMarked:ArtifactOfAir":0,"Anchor":6,"Centennial Puzzle":23,"Busted Crown":17,"Mummified Hand":41,"Art of War":7,"HollowMod:PaleOreRelic":46,"ReplayTheSpireMod:DimensionalGlitch":17,"Replay:Drink Me":17},{"Regal Pillow":7,"Tiny House":20,"Happy Flower":3,"downfall:HeartBlessingRed":7,"ReplayTheSpireMod:CursedCoin":3,"Replay:Grab Bag":9,"Guide Book":26,"Vajra":14,"downfall:HeartBlessingGreen":17,"Eternal Feather":24,"Mango":26,"Pen Nib":28,"Blood Vial":16,"theMarked:ArtifactOfAir":0,"Anchor":5,"Centennial Puzzle":14,"Busted Crown":9,"Mummified Hand":24,"Art of War":5,"HollowMod:PaleOreRelic":27,"ReplayTheSpireMod:DimensionalGlitch":9,"Replay:Drink Me":9},{"Regal Pillow":26,"Tiny House":96,"Happy Flower":10,"downfall:HeartBlessingRed":26,"ReplayTheSpireMod:CursedCoin":10,"Replay:Grab Bag":39,"Guide Book":124,"Vajra":59,"downfall:HeartBlessingGreen":79,"Eternal Feather":114,"Mango":124,"Pen Nib":134,"Blood Vial":73,"theMarked:ArtifactOfAir":0,"Anchor":17,"Centennial Puzzle":59,"Busted Crown":39,"Mummified Hand":114,"Art of War":17,"HollowMod:PaleOreRelic":129,"ReplayTheSpireMod:DimensionalGlitch":39,"Replay:Drink Me":39}]},"card_choices":[{"not_picked":["theMarked:Overcharge","theMarked:TwofoldDefense"],"picked":"theMarked:ElectricStrings","floor":2},{"not_picked":["theMarked:Improvise","theMarked:TheMission"],"picked":"theMarked:ResourceFulStrike","floor":3},{"not_picked":["theMarked:TakeCover","theMarked:Overthink","theMarked:Improvise"],"picked":"SKIP","floor":4},{"not_picked":["theMarked:StartUp","theMarked:ChainLightning"],"picked":"theMarked:Opportunist","floor":5},{"not_picked":["theMarked:WastefulAttack","theMarked:Convert"],"picked":"theMarked:ChainLightning","floor":6},{"not_picked":["theMarked:Maelstrom","theMarked:Memento"],"picked":"theMarked:HeightenedSenses","floor":10},{"not_picked":["theMarked:TakeOffHeels","theMarked:HeightenedSenses"],"picked":"theMarked:BanishingStrike","floor":11},{"not_picked":["theMarked:Maelstrom","theMarked:Parry"],"picked":"theMarked:LightningStrikesTwice","floor":15},{"not_picked":["theMarked:WastefulAttack"],"picked":"SKIP","floor":19},{"not_picked":["theMarked:ElectricStrings"],"picked":"SKIP","floor":20},{"not_picked":[],"picked":"theMarked:MuscleMemory","floor":21},{"not_picked":["theMarked:ResourceFulStrike"],"picked":"SKIP","floor":22},{"not_picked":["theMarked:WastefulAttack"],"picked":"SKIP","floor":23},{"not_picked":[],"picked":"theMarked:Memento","floor":25},{"not_picked":[],"picked":"theMarked:EternalStudent","floor":28},{"not_picked":[],"picked":"theMarked:Aftermath","floor":29},{"not_picked":["theMarked:TakeCover"],"picked":"SKIP","floor":31},{"not_picked":[],"picked":"theMarked:ElectricStrings","floor":32},{"not_picked":[],"picked":"theMarked:MagusForm","floor":33},{"not_picked":[],"picked":"theMarked:Aftermath","floor":34},{"not_picked":["theMarked:TheMission"],"picked":"SKIP","floor":36},{"not_picked":[],"picked":"theMarked:PowerFlow","floor":38},{"not_picked":[],"picked":"theMarked:RogueSparks+1","floor":39},{"not_picked":["theMarked:Aftermath"],"picked":"SKIP","floor":40},{"not_picked":["theMarked:Reabsorb+1"],"picked":"SKIP","floor":42},{"not_picked":["theMarked:ChannelForce"],"picked":"SKIP","floor":43},{"not_picked":[],"picked":"theMarked:BanishingStrike+1","floor":44},{"not_picked":[],"picked":"theMarked:StartUp+1","floor":48},{"not_picked":["theMarked:PowerFlow"],"picked":"SKIP","floor":49}],"player_experience":942758,"relics_obtained":[{"floor":6,"key":"Anchor"},{"floor":7,"key":"Art of War"},{"floor":11,"key":"Regal Pillow"},{"floor":23,"key":"Centennial Puzzle"},{"floor":24,"key":"Vajra"},{"floor":28,"key":"Blood Vial"},{"floor":40,"key":"Eternal Feather"},{"floor":41,"key":"Mummified Hand"},{"floor":46,"key":"HollowMod:PaleOreRelic"},{"floor":48,"key":"Pen Nib"}],"event_choices":[{"damage_healed":0,"gold_gain":0,"player_choice":"Donut","damage_taken":0,"max_hp_gain":5,"max_hp_loss":0,"event_name":"Big Fish","floor":14,"gold_loss":0},{"cards_removed":["theMarked:Opportunist"],"damage_healed":0,"gold_gain":0,"player_choice":"Take \u0026 Give","damage_taken":0,"max_hp_gain":0,"max_hp_loss":0,"event_name":"betterNote:BetterNote","floor":37,"gold_loss":0,"cards_obtained":["theForsaken:WordsOfMight"]},{"damage_healed":0,"gold_gain":0,"player_choice":"Relic","damage_taken":0,"max_hp_gain":0,"max_hp_loss":0,"event_name":"Wheel of Change","floor":46,"gold_loss":0}],"is_beta":false,"boss_relics":[{"not_picked":["Calling Bell","theMarked:BronzeBlade"],"picked":"Replay:Grab Bag"},{"not_picked":["Runic Dome","Coffee Dripper"],"picked":"ReplayTheSpireMod:DimensionalGlitch"},{"not_picked":["theForsaken:PaleLantern","Abe\u0027s Treasure"],"picked":"Busted Crown"},{"not_picked":["Runic Pyramid","RedLine:ReiMu"],"picked":"Replay:Drink Me"},{"not_picked":["Bromod:ArcaneBarrier","Cursed Key"],"picked":"Tiny House"}],"items_purged_floors":[4,43],"is_endless":false,"potions_floor_spawned":[3,5,11,15,21,23,32,33,39,44,48],"killed_by":"DF_ARCHETYPE_ORBS","ascension_level":0}}