{"host":"eeuhgv8goqdjv4ip","time":1612478746,"event":{"mods":["2.2 Compatiblity","AchievementEnabler","Act Like it!","BaseMod","Better Match","Better Note","Better Skull","Better Third Choice","Challenge The Spire","Colored Map","Colored Powertips","Conspire","Custom Start","Dark Map","Gensokyo","GifTheSpireLib","Hallownest","Hubris","Infinite Spire","Koishi","Marisa????????","Minty Spire (QoL Compilation)","Permanent Neow","Prisma Mod","Quick Restart","Reimu??????","Remilia??????","Replay The Spire","SIMod","StSLib","Td1madao Mod","The Animator","The Mystic","The Saiyan","The Servant 0.9.4","The Wild Card","TheSwordswoman"],"gold_per_floor":[114,130,130,106,106,141,141,171,194,194,194,194,194,206,206,304,304,316,326,326,339,356,356,417,417,417,417,57,57,57,77,77,174,174,219,219,268,176,210,210,237,237,287,287,329,376,395,395,395,375,375,375,54,84,144,144],"floor_reached":55,"language":"ENG","playtime":13116,"items_purged":["PrismaMod:IllyaCommonDefend"],"score":623,"play_id":"9a44b668-1d42-4466-8ba6-fbdc61cbe228","local_time":"20210204184546","is_ascension_mode":false,"campfire_choices":[{"data":"PrismaMod:IllyaFriendMaker","floor":7.0,"key":"SMITH"},{"data":"PrismaMod:IllyaCheapChannelPoison","floor":10.0,"key":"SMITH"},{"data":"PrismaMod:IllyaBride","floor":13.0,"key":"SMITH"},{"data":"PrismaMod:IllyaDevil","floor":15.0,"key":"SMITH"},{"data":"PrismaMod:IllyaCarnivalPrismaAstolfo","floor":23.0,"key":"SMITH"},{"data":"PrismaMod:IllyaBlindPoisonToss","floor":27.0,"key":"SMITH"},{"data":"PrismaMod:IllyaBride","floor":32.0,"key":"SMITH"},{"data":"PrismaMod:IllyaAlice","floor":40.0,"key":"SMITH"},{"data":"PrismaMod:IllyaCarnivalPrismaAstolfo","floor":42.0,"key":"SMITH"},{"floor":44.0,"key":"RECALL"},{"data":"PrismaMod:IllyaSaphire","floor":49,"key":"SMITH"},{"data":"PrismaMod:IllyaBerserCAR","floor":52,"key":"SMITH"}],"circlet_count":0,"master_deck":["PrismaMod:IllyaCommonAttack","PrismaMod:IllyaCommonAttack","PrismaMod:IllyaCommonDefend+1","PrismaMod:IllyaCommonAttack","PrismaMod:IllyaCommonDefend+1","PrismaMod:IllyaCommonAttack","PrismaMod:IllyaCommonAttack","PrismaMod:IllyaUncommonAttack","PrismaMod:IllyaUncommonDefend+1","PrismaMod:IllyaInstallRuler","PrismaMod:IllyaFriendMaker+1","PrismaMod:IllyaBride+1","PrismaMod:IllyaBlindPoisonToss+1","PrismaMod:IllyaCheapChannelPoison+1","PrismaMod:IllyaDevil+1","PrismaMod:IllyaInstallArcher","PrismaMod:IllyaCarnivalPrismaAstolfo+1","PrismaMod:IllyaMinorRapidFire+1","PrismaMod:IllyaBlindPoisonToss+1","PrismaMod:IllyaUncommonDefend+1","PrismaMod:IllyaMinorReinForce+1","PrismaMod:IllyaBerserCAR+1","PrismaMod:IllyaCarnivalPrismaAstolfo+1","PrismaMod:IllyaBride+1","PrismaMod:IllyaCarnivalPrismaAstolfo+1","PrismaMod:IllyaAlice+1","PrismaMod:IllyaBerserCAR+1","PrismaMod:IllyaDetonatingBlow+1","PrismaMod:IllyaBerserCAR+1","PrismaMod:IllyaHassanGift+1","PrismaMod:IllyaSaphire+1","PrismaMod:IllyaPoisonTippedWeapons+1","PrismaMod:IllyaUncommonDefend","ReplayTheSpireMod:Private Reserves","PrismaMod:IllyaRapidFire+1"],"relics":["PrismaMod:PrismaRuby","Iron Hammer","Replay:Rubber Ducky","hubris:SlimyHat","hubris:Icosahedron","Coffee Dripper","conspire:GlowingRock","Gremlin Horn","Molten Egg 2","ChewingGum","hubris:Towel","hubris:CuriousFeather","War Paint","Ice Cream","Eternal Feather"],"acts_visited":["Exordium","TheCity","TheBeyond","TheEnding"],"potions_floor_usage":[50,54,55],"damage_taken":[{"damage":2.0,"enemies":"Small Slimes","floor":1.0,"turns":3.0},{"damage":6.0,"enemies":"2 Louse","floor":2.0,"turns":3.0},{"damage":7.0,"enemies":"3 Sentries","floor":6.0,"turns":8.0},{"damage":9.0,"enemies":"Lagavulin","floor":8.0,"turns":5.0},{"damage":0.0,"enemies":"Cultist","floor":14.0,"turns":4.0},{"damage":16.0,"enemies":"The Guardian","floor":16.0,"turns":7.0},{"damage":2.0,"enemies":"3 Byrds","floor":18.0,"turns":4.0},{"damage":18.0,"enemies":"2 Thieves","floor":19.0,"turns":4.0},{"damage":10.0,"enemies":"Snake Plant","floor":21.0,"turns":4.0},{"damage":0.0,"enemies":"Shelled Parasite and Fungi","floor":22.0,"turns":5.0},{"damage":0.0,"enemies":"conspire:Head Lice","floor":24.0,"turns":9.0},{"damage":3.0,"enemies":"conspire:HollyBat","floor":31.0,"turns":5.0},{"damage":58.0,"enemies":"Automaton","floor":33.0,"turns":10.0},{"damage":0.0,"enemies":"3 Shapes","floor":35.0,"turns":4.0},{"damage":2.0,"enemies":"Orb Walker","floor":37.0,"turns":2.0},{"damage":13.0,"enemies":"Sphere and 2 Shapes","floor":39.0,"turns":5.0},{"damage":40.0,"enemies":"Giant Head","floor":41.0,"turns":7.0},{"damage":26,"enemies":"Jaw Worm Horde","floor":45,"turns":4},{"damage":17,"enemies":"Spire Growth","floor":46,"turns":4},{"damage":0,"enemies":"Maw","floor":47,"turns":5},{"damage":39,"enemies":"Replay:Hell Engine","floor":50,"turns":10},{"damage":5,"enemies":"Shield and Spear","floor":54,"turns":6},{"damage":140,"enemies":"The Heart","floor":55,"turns":5}],"seed_played":"2063095957766161676","potions_obtained":[{"floor":1.0,"key":"BlessingOfTheForge"},{"floor":2.0,"key":"Swift Potion"},{"floor":14.0,"key":"Weak Potion"},{"floor":19.0,"key":"SkillPotion"},{"floor":24.0,"key":"PowerPotion"},{"floor":31.0,"key":"Strength Potion"},{"floor":41.0,"key":"BlessingOfTheForge"}],"is_trial":false,"path_per_floor":["M","M","?","$","?","E","R","E","T","R","?","?","R","M","R","B",null,"M","M","?","M","M","R","E","?","T","R","$","?","?","M","R","B",null,"M","?","M","?","M","R","E","R","T","R","M","M","M","AVR","R","B",null,"R","$","E","B"],"character_chosen":"ILLYA","items_purchased":["PrismaMod:IllyaBlindPoisonToss","Molten Egg 2","Fruit Juice","PrismaMod:IllyaPoisonTippedWeapons+1","PrismaMod:IllyaUncommonDefend","ReplayTheSpireMod:Private Reserves","Swift Potion"],"campfire_rested":0,"item_purchase_floors":[4,28,28,53,53,53,53],"current_hp_per_floor":[73,67,67,67,61,54,54,45,45,45,45,45,45,45,45,34,75,73,58,58,50,50,50,50,50,50,50,55,55,55,58,58,16,95,98,98,96,96,88,88,59,59,59,59,56,44,54,54,54,29,110,110,110,106,0,0],"gold":144,"neow_bonus":"ONE_RANDOM_RARE_CARD","is_daily":false,"chose_seed":false,"campfire_upgraded":11,"win_rate":0.0,"timestamp":1612478746,"path_taken":["M","M","?","$","?","E","R","E","T","R","?","?","R","M","R","BOSS","M","M","?","M","?","R","E","?","T","R","$","?","?","?","R","BOSS","M","?","M","?","M","R","E","R","T","R","M","M","?","AVR","R","BOSS","R","$","E","BOSS"],"items_purchased_type":["Card","Relic","Potion","Card","Card","Card","Potion"],"build_version":"2020-12-22","purchased_purges":1,"victory":false,"max_hp_per_floor":[75,75,75,75,75,75,75,75,75,75,75,75,75,75,75,75,75,75,78,78,78,78,78,78,78,78,78,83,83,83,89,89,95,95,98,98,98,98,101,101,104,104,104,104,104,104,107,107,107,110,110,110,110,110,110,110],"card_choices":[{"not_picked":["PrismaMod:IllyaGun","PrismaMod:IllyaMaid"],"picked":"PrismaMod:IllyaFriendMaker","floor":1.0},{"not_picked":["PrismaMod:IllyaGun","PrismaMod:IllyaBlindPoisonToss"],"picked":"PrismaMod:IllyaBride","floor":2.0},{"not_picked":["PrismaMod:IllyaBride","PrismaMod:IllyaCheapChannelAttack"],"picked":"PrismaMod:IllyaCheapChannelPoison","floor":6.0},{"not_picked":["PrismaMod:IllyaHassanGift","PrismaMod:IllyaPartialInstallAssassin"],"picked":"PrismaMod:IllyaDevil","floor":8.0},{"not_picked":["PrismaMod:IllyaBride","PrismaMod:IllyaPoisonTippedWeapons"],"picked":"PrismaMod:IllyaInstallArcher","floor":14.0},{"not_picked":["PrismaMod:IllyaInstallCaster","PrismaMod:IllyaUberDefendChannel"],"picked":"PrismaMod:IllyaCarnivalPrismaAstolfo","floor":16.0},{"not_picked":["PrismaMod:IllyaSaphire","PrismaMod:IllyaMaid"],"picked":"PrismaMod:IllyaMinorRapidFire+1","floor":18.0},{"not_picked":["PrismaMod:IllyaCheapChannelDefend","PrismaMod:IllyaHassanGift"],"picked":"PrismaMod:IllyaBlindPoisonToss+1","floor":19.0},{"not_picked":["PrismaMod:IllyaCheapChannelDefend+1","PrismaMod:IllyaAOECommonAttack+1"],"picked":"PrismaMod:IllyaUncommonDefend+1","floor":21.0},{"not_picked":["PrismaMod:IllyaBlindPoisonToss","PrismaMod:IllyaBoysLove"],"picked":"PrismaMod:IllyaMinorReinForce+1","floor":22.0},{"not_picked":["PrismaMod:IllyaDualEvoke","PrismaMod:IllyaUberPoisonBlock"],"picked":"PrismaMod:IllyaBerserCAR","floor":24.0},{"not_picked":["PrismaMod:IllyaUberChannel","PrismaMod:IllyaReinForce"],"picked":"PrismaMod:IllyaBride","floor":31.0},{"not_picked":["PrismaMod:IllyaInstallRuler","PrismaMod:IllyaInstallArcher"],"picked":"PrismaMod:IllyaCarnivalPrismaAstolfo","floor":33.0},{"not_picked":["PrismaMod:IllyaCommonEvoke+1","PrismaMod:IllyaAOECommonAttack+1","PrismaMod:IllyaPartialInstallAssassin"],"picked":"SKIP","floor":35.0},{"not_picked":["PrismaMod:IllyaUncommonAttack+1","PrismaMod:IllyaReinForce"],"picked":"PrismaMod:IllyaAlice","floor":37.0},{"not_picked":["PrismaMod:IllyaTestament+1","PrismaMod:IllyaUpgradeOrbs"],"picked":"PrismaMod:IllyaBerserCAR+1","floor":39.0},{"not_picked":["PrismaMod:IllyaFriendMaker+1","PrismaMod:IllyaAOECommonAttack+1"],"picked":"PrismaMod:IllyaDetonatingBlow+1","floor":41.0},{"not_picked":["PrismaMod:IllyaUberAttackChannel","PrismaMod:IllyaMaid+1"],"picked":"PrismaMod:IllyaBerserCAR+1","floor":45},{"not_picked":["PrismaMod:IllyaMaid+1","PrismaMod:IllyaUberChannel"],"picked":"PrismaMod:IllyaHassanGift+1","floor":46},{"not_picked":["PrismaMod:IllyaStunPoison+1","PrismaMod:IllyaBerserCAR+1"],"picked":"PrismaMod:IllyaSaphire","floor":47},{"not_picked":["PrismaMod:IllyaRussianRoulette+1","PrismaMod:IllyaUncommonAOEAttack+1"],"picked":"PrismaMod:IllyaRapidFire+1","floor":54}],"player_experience":612955,"relics_obtained":[{"floor":6.0,"key":"Iron Hammer"},{"floor":8.0,"key":"Replay:Rubber Ducky"},{"floor":9.0,"key":"hubris:SlimyHat"},{"floor":24.0,"key":"conspire:GlowingRock"},{"floor":26.0,"key":"Gremlin Horn"},{"floor":41.0,"key":"War Paint"},{"floor":54,"key":"Eternal Feather"}],"event_choices":[{"damage_healed":0.0,"max_hp_gain":0.0,"max_hp_loss":0.0,"gold_gain":0.0,"event_name":"conspire:Investor","player_choice":"Leave","floor":3.0,"gold_loss":0.0,"damage_taken":0.0},{"cards_removed":["PrismaMod:IllyaUncommonDefend"],"damage_healed":0.0,"max_hp_gain":0.0,"max_hp_loss":0.0,"gold_gain":0.0,"event_name":"betterNote:BetterNote","player_choice":"Give","floor":20.0,"gold_loss":0.0,"damage_taken":0.0,"cards_obtained":["None"]},{"cards_removed":["PrismaMod:IllyaCommonDefend"],"damage_healed":0.0,"max_hp_gain":0.0,"max_hp_loss":0.0,"gold_gain":0.0,"event_name":"betterThird:BetterWriting","player_choice":"Elegance","floor":25.0,"gold_loss":0.0,"damage_taken":0.0},{"damage_healed":0.0,"max_hp_gain":0.0,"max_hp_loss":0.0,"gold_gain":0.0,"event_name":"Vampires","player_choice":"Ignored","floor":29.0,"gold_loss":0.0,"damage_taken":0.0},{"damage_healed":0.0,"max_hp_gain":0.0,"max_hp_loss":0.0,"gold_gain":0.0,"event_name":"Duplicator","player_choice":"Copied","floor":30.0,"gold_loss":0.0,"damage_taken":0.0,"cards_obtained":["PrismaMod:IllyaCarnivalPrismaAstolfo"]},{"damage_healed":0.0,"max_hp_gain":0.0,"max_hp_loss":0.0,"gold_gain":0.0,"event_name":"WeMeetAgain","player_choice":"Paid Gold","floor":38.0,"gold_loss":92.0,"damage_taken":0.0,"relics_obtained":["hubris:CuriousFeather"]}],"is_beta":false,"boss_relics":[{"not_picked":["Abe\u0027s Treasure","Replay:Drink Me"],"picked":"Coffee Dripper"},{"not_picked":["hubris:HollowSoul","hubris:BlackHole"],"picked":"ChewingGum"}],"items_purged_floors":[53],"is_endless":false,"potions_floor_spawned":[1,2,14,19,24,31,35,37,41,46,47],"killed_by":"The Heart","ascension_level":0}}