{"host":"j4g6ia6asvpyu2b0","time":1612456148,"event":{"mods":["BaseMod","Colored Map","Minty Spire (QoL Compilation)","Permanent Neow","Quick Restart","Relic Stats","StSLib","Unceasing Turn Reminder"],"gold_per_floor":[118,137,152,152,102,128,143,171,249,278,75,75,108,121,121,219,219,201,220,20,35,47,82,82,116,170,170,189,220,235,248,248,248,248,248],"floor_reached":34,"language":"ENG","playtime":1819,"items_purged":["Strike_G"],"score":511,"play_id":"bf2d0f25-e294-490f-a9e1-c391367b090e","local_time":"20210204092908","is_ascension_mode":true,"campfire_choices":[{"data":"Noxious Fumes","floor":15,"key":"SMITH"},{"data":"After Image","floor":24,"key":"SMITH"},{"floor":27,"key":"REST"},{"data":"Envenom","floor":32,"key":"SMITH"}],"circlet_count":0,"master_deck":["Strike_G+1","Strike_G","Defend_G","Defend_G","Defend_G","Defend_G","Defend_G","Survivor","Neutralize","Blade Dance","Dagger Throw+1","Malaise","Deadly Poison","Dagger Spray","Flying Knee","Backflip","Noxious Fumes+1","Blade Dance","Envenom+1","Well Laid Plans","After Image+1","Dodge and Roll","PiercingWail+1","Blade Dance","Outmaneuver+1","Terror+1","Dodge and Roll","Wraith Form v2+1","Cloak And Dagger+1","Dash","Footwork+1","Corpse Explosion","Backflip+1"],"relics":["Runic Dome","Pantograph","Du-Vu Doll","Oddly Smooth Stone","Dream Catcher","Black Star","TwistedFunnel","Whetstone","Frozen Egg 2","Mercury Hourglass","Omamori","PreservedInsect","The Courier","Mummified Hand"],"acts_visited":["Exordium","TheCity"],"potions_floor_usage":[6,13],"damage_taken":[{"damage":0,"enemies":"Cultist","floor":1,"turns":4},{"damage":0,"enemies":"Jaw Worm","floor":2,"turns":4},{"damage":0,"enemies":"Small Slimes","floor":3,"turns":2},{"damage":15,"enemies":"3 Sentries","floor":6,"turns":8},{"damage":3,"enemies":"Red Slaver","floor":7,"turns":5},{"damage":6,"enemies":"Lagavulin","floor":8,"turns":9},{"damage":9,"enemies":"3 Sentries","floor":10,"turns":7},{"damage":10,"enemies":"Lagavulin","floor":13,"turns":6},{"damage":0,"enemies":"Looter","floor":14,"turns":3},{"damage":22,"enemies":"Slime Boss","floor":16,"turns":9},{"damage":21,"enemies":"2 Thieves","floor":18,"turns":4},{"damage":0,"enemies":"Shell Parasite","floor":19,"turns":6},{"damage":0,"enemies":"Centurion and Healer","floor":21,"turns":7},{"damage":6,"enemies":"Snecko","floor":22,"turns":5},{"damage":13,"enemies":"Book of Stabbing","floor":23,"turns":7},{"damage":40,"enemies":"Gremlin Leader","floor":25,"turns":7},{"damage":0,"enemies":"3 Cultists","floor":28,"turns":5},{"damage":8,"enemies":"Book of Stabbing","floor":29,"turns":5},{"damage":0,"enemies":"Centurion and Healer","floor":30,"turns":4},{"damage":17,"enemies":"Snake Plant","floor":31,"turns":4},{"damage":15,"enemies":"Collector","floor":33,"turns":9}],"seed_played":"-7362098883767607514","potions_obtained":[{"floor":2,"key":"SteroidPotion"},{"floor":7,"key":"Dexterity Potion"},{"floor":10,"key":"SteroidPotion"},{"floor":13,"key":"CultistPotion"},{"floor":16,"key":"FairyPotion"},{"floor":25,"key":"SpeedPotion"},{"floor":31,"key":"Block Potion"}],"is_trial":false,"path_per_floor":["M","M","M","?","?","E","M","E","T","E","$","?","E","M","R","B",null,"M","M","$","M","M","E","R","E","T","R","M","E","M","M","R","B",null],"character_chosen":"THE_SILENT","items_purchased":["Noxious Fumes","Blade Dance","Blade Dance","TwistedFunnel"],"campfire_rested":1,"item_purchase_floors":[11,11,20,20],"current_hp_per_floor":[70,70,70,75,75,60,57,51,51,42,42,42,32,32,32,35,75,54,54,54,54,48,35,35,22,22,44,44,36,36,19,19,29,29,29],"gold":248,"neow_bonus":"BOSS_RELIC","is_daily":false,"chose_seed":false,"campfire_upgraded":3,"win_rate":0.0,"timestamp":1612456148,"path_taken":["M","M","M","?","?","E","M","E","T","E","$","?","E","?","R","BOSS","M","M","$","M","M","E","R","E","T","R","M","E","M","M","R","BOSS"],"items_purchased_type":["Card","Card","Card","Relic"],"build_version":"2020-12-22","purchased_purges":1,"victory":false,"max_hp_per_floor":[70,70,70,75,75,75,75,75,75,75,75,75,75,75,75,75,75,75,75,75,75,75,75,75,75,75,75,75,75,75,75,75,75,75,75],"relic_stats":{"Dream Catcher":1,"counters":[21,120],"Mummified Hand":[18],"Pantograph":50,"PreservedInsect":41,"Black Star":3,"Whetstone":["Strike_G","Dagger Throw"],"obtain_stats":[{"TwistedFunnel":20,"Oddly Smooth Stone":10,"PreservedInsect":26,"The Courier":29,"Omamori":25,"Whetstone":23,"Frozen Egg 2":23,"Mercury Hourglass":25,"Du-Vu Doll":8,"Runic Dome":0,"Dream Catcher":13,"Mummified Hand":29,"Pantograph":6,"Black Star":17,"Ring of the Snake":0},{"TwistedFunnel":12,"Oddly Smooth Stone":7,"PreservedInsect":16,"The Courier":18,"Omamori":16,"Whetstone":15,"Frozen Egg 2":15,"Mercury Hourglass":16,"Du-Vu Doll":6,"Runic Dome":0,"Dream Catcher":8,"Mummified Hand":18,"Pantograph":4,"Black Star":10,"Ring of the Snake":0},{"TwistedFunnel":67,"Oddly Smooth Stone":39,"PreservedInsect":93,"The Courier":103,"Omamori":93,"Whetstone":86,"Frozen Egg 2":86,"Mercury Hourglass":93,"Du-Vu Doll":32,"Runic Dome":0,"Dream Catcher":45,"Mummified Hand":103,"Pantograph":18,"Black Star":57,"Ring of the Snake":0}],"Mercury Hourglass":[132]},"card_choices":[{"not_picked":["Acrobatics","PiercingWail"],"picked":"Blade Dance","floor":1},{"not_picked":["Distraction","Dodge and Roll"],"picked":"Dagger Throw","floor":2},{"not_picked":["PiercingWail","Dagger Spray"],"picked":"Malaise","floor":3},{"not_picked":["Cloak And Dagger","Dagger Spray"],"picked":"Deadly Poison","floor":6},{"not_picked":["Cloak And Dagger","Outmaneuver"],"picked":"Dagger Spray","floor":7},{"not_picked":["Underhanded Strike","Expertise"],"picked":"Flying Knee","floor":8},{"not_picked":["Grand Finale","Sucker Punch"],"picked":"Backflip","floor":10},{"not_picked":["Setup","Poisoned Stab"],"picked":"Envenom","floor":13},{"not_picked":["Masterful Stab","Heel Hook"],"picked":"Well Laid Plans","floor":14},{"not_picked":["Die Die Die","Adrenaline"],"picked":"After Image","floor":16},{"not_picked":["Poisoned Stab","Deflect"],"picked":"Dodge and Roll","floor":18},{"not_picked":["Finisher","Bane"],"picked":"PiercingWail+1","floor":19},{"not_picked":["Dagger Throw","Dagger Spray"],"picked":"Outmaneuver+1","floor":21},{"not_picked":["Deflect","Expertise+1"],"picked":"Terror+1","floor":22},{"not_picked":["Underhanded Strike","Flying Knee"],"picked":"Dodge and Roll","floor":23},{"not_picked":["Phantasmal Killer","Outmaneuver"],"picked":"Wraith Form v2+1","floor":25},{"not_picked":["Poisoned Stab","Accuracy+1"],"picked":"Cloak And Dagger+1","floor":27},{"not_picked":["Outmaneuver","Deadly Poison"],"picked":"Dash","floor":28},{"not_picked":["Deflect","Prepared"],"picked":"Footwork+1","floor":29},{"not_picked":["Outmaneuver","Backflip"],"picked":"Corpse Explosion","floor":30},{"not_picked":["Dagger Throw","Riddle With Holes+1"],"picked":"Backflip+1","floor":31}],"player_experience":1142624,"relics_obtained":[{"floor":6,"key":"Pantograph"},{"floor":8,"key":"Du-Vu Doll"},{"floor":10,"key":"Oddly Smooth Stone"},{"floor":13,"key":"Dream Catcher"},{"floor":23,"key":"Whetstone"},{"floor":23,"key":"Frozen Egg 2"},{"floor":25,"key":"Mercury Hourglass"},{"floor":25,"key":"Omamori"},{"floor":26,"key":"PreservedInsect"},{"floor":29,"key":"The Courier"},{"floor":29,"key":"Mummified Hand"}],"event_choices":[{"damage_healed":0,"gold_gain":0,"player_choice":"Donut","damage_taken":0,"max_hp_gain":5,"max_hp_loss":0,"event_name":"Big Fish","floor":4,"gold_loss":0},{"cards_removed":["Strike_G"],"damage_healed":0,"gold_gain":0,"player_choice":"Card Removal","damage_taken":0,"max_hp_gain":0,"max_hp_loss":0,"event_name":"The Cleric","floor":5,"gold_loss":50},{"cards_removed":["Strike_G"],"damage_healed":0,"gold_gain":0,"player_choice":"Purged","damage_taken":0,"max_hp_gain":0,"max_hp_loss":0,"event_name":"Purifier","floor":12,"gold_loss":0}],"is_beta":false,"boss_relics":[{"not_picked":["SacredBark","Coffee Dripper"],"picked":"Black Star"}],"items_purged_floors":[11],"is_endless":false,"potions_floor_spawned":[2,7,10,13,16,18,19,25,29,31,33],"ascension_level":3}}