{"host":"54jr43vd79817238","time":1612406082,"event":{"mods":["100% Spire Juice","ATMod(°¢èªMod)","Act Like it!","Arknights","Aspiration","BaseMod","CapriCore","Dota2Spire","Friendly Minions","Gensokyo","Hallownest","Hermit","Jedi Mod","KomeijiMod","Lobotomy","LobotomyExtend","Marisa£¨ìFÓê¡¡Ä§ÀíÉ³£©","Minty Spire (QoL Compilation)","MostiFishMod","Quarter Circle Forward PUNCH!","Reliquary","Replay The Spire","Robot Space Explorer","RumiaBox-Â¶Ã×æ«µÄÉñÃØºÐ×Ó","Slay the StarCraft II Mod","Spicy Shops","StSLib","TestMod","The Blackbeard","The Dragon Tamer","WarShipGirlsR/Õ½½¢ÉÙÅ®R mod","Yakumo Yukari mod","Youmu£¨»êÆÇÑýÃÎ£©","Yuyuko","[IsaacMod]ÒÔÈö¼âËþ","¡¾ÒÅÎï¿¨ÅÆ¡¿REMEMod"],"gold_per_floor":[117,135,145,245,255,255,283,283,359,359,359,374,374,384,384,480,480,491,491,119,135,135,135,162,173,246,261,274,274,274,293,293,394,394,410,510,510,25,25,60,77,77,402,402,459,459,172,182,122,122,122,122,122,18,45,45],"floor_reached":57,"language":"ZHS","playtime":2635,"items_purged":[],"score":1600,"play_id":"efdf9a60-6ca5-44ea-abbd-6fe7b445b310","local_time":"20210204103442","is_ascension_mode":false,"campfire_choices":[{"data":"AT_FocusSwordFire","floor":6.0,"key":"SMITH"},{"floor":8.0,"key":"RECALL"},{"data":"Fondling of Papilio","floor":10.0,"key":"SMITH"},{"data":"Nihility","floor":13.0,"key":"SMITH"},{"data":"Chase The Sukhavati","floor":15.0,"key":"SMITH"},{"floor":23.0,"key":"REST"},{"data":"Living to Die","floor":30.0,"key":"SMITH"},{"floor":32.0,"key":"REST"},{"data":"A Thousand Cuts","floor":42,"key":"SMITH"},{"data":"Open The Fan","floor":44,"key":"SMITH"},{"data":"Faramita\u0027s Temptation","floor":46,"key":"SMITH"},{"data":"Steamed Phantom","floor":53,"key":"SMITH"}],"circlet_count":0,"master_deck":["Fantasy Butterflies+1","Fantasy Butterflies","Fantasy Butterflies","Fantasy Butterflies","Fantasy Butterflies","Dreamy Sakura","Dreamy Sakura","Dreamy Sakura","Dreamy Sakura","Dreamy Sakura","Deathly Ground","Faramita\u0027s Temptation+1","EpicFetus","AT_FocusSwordFire+1","Steamed Phantom+1","Chase The Sukhavati+1","Home of Suicide+1","Nihility+1","Fondling of Papilio+1","Childlike","After Image","Living to Die+1","Trap Lamp+1","All Wander+1","Cerasus Subhirtella+1","Butterflies Rainbow+1","Open The Fan+1","Nihility+1","Sweet of Phantom+1","A Thousand Cuts+1","Gauzy Sakura+1","Dancing Soul+1","Serene Spring+1","Postpone Bloom","Cerasus Subhirtella+1","Nihility+1"],"relics":["Coronal","Yuyuko\u0027s fan","DaveBox","AT_ATBox","testmod-TestBox","REME_ComplimentaryCards","HushsDoor","YumHeart","aspiration:Nostalgia","m_SerpentRing","testmod-Nine","RhineSuit","SynthV:TestCard","Dota2Spire:PhaseBoots","Molten Egg 2","reliquary:RedCape","PreservedInsect","Chaos","Gremlin Food","Peace Pipe","Matryoshka","AT_RabadonDeathcap","InkBottle","Blue Candle","Hallownest:HeavyBlowRelic","aspiration:SeaSaltIceCream","DaveBox","Old Coin","reliquary:PorcupineQuills","MagicMushroom","testmod-Nyarlathotep","aspiration:FutureDiary"],"acts_visited":["Exordium","TheCity","Hallownest:KingdomsEdge","TheEnding"],"potions_floor_usage":[33,41],"damage_taken":[{"damage":1.0,"enemies":"2 Louse","floor":1.0,"turns":1.0},{"damage":2.0,"enemies":"Cultist","floor":2.0,"turns":2.0},{"damage":1.0,"enemies":"Jaw Worm","floor":3.0,"turns":1.0},{"damage":10.0,"enemies":"Looter","floor":5.0,"turns":2.0},{"damage":7.0,"enemies":"Replay:BlueRogue","floor":7.0,"turns":3.0},{"damage":2.0,"enemies":"Large Slime","floor":12.0,"turns":2.0},{"damage":7.0,"enemies":"Exordium Wildlife","floor":14.0,"turns":2.0},{"damage":3.0,"enemies":"Slime Boss","floor":16.0,"turns":3.0},{"damage":2.0,"enemies":"3 Byrds","floor":18.0,"turns":2.0},{"damage":19.0,"enemies":"2 Thieves","floor":21.0,"turns":3.0},{"damage":2.0,"enemies":"Gremlin Leader","floor":24.0,"turns":2.0},{"damage":2.0,"enemies":"Snake Plant","floor":25.0,"turns":2.0},{"damage":3.0,"enemies":"3 Cultists","floor":27.0,"turns":3.0},{"damage":19.0,"enemies":"Centurion and Healer","floor":28.0,"turns":3.0},{"damage":7.0,"enemies":"Snecko","floor":31.0,"turns":3.0},{"damage":37,"enemies":"Champ","floor":33,"turns":7},{"damage":10,"enemies":"Hallownest:Shield_Heavy","floor":35,"turns":3},{"damage":3,"enemies":"Hallownest:StalkingDevout","floor":40,"turns":3},{"damage":9,"enemies":"Hallownest:3_Siblings","floor":41,"turns":3},{"damage":2,"enemies":"Hallownest:2_Primals","floor":45,"turns":2},{"damage":2,"enemies":"Hallownest:Slobbering_and_Violent","floor":48,"turns":2},{"damage":3,"enemies":"Hallownest:BossHollowKnight","floor":50,"turns":3},{"damage":2,"enemies":"Shield and Spear","floor":55,"turns":2},{"damage":4,"enemies":"The Heart","floor":56,"turns":4}],"seed_played":"-3036076910598270640","potions_obtained":[{"floor":1.0,"key":"DuplicationPotion"},{"floor":2.0,"key":"Reflective Coating"},{"floor":12.0,"key":"Fire Potion"},{"floor":14.0,"key":"DuplicationPotion"},{"floor":18.0,"key":"Firefly"},{"floor":21.0,"key":"Fire Potion"},{"floor":40,"key":"Venom Potion"},{"floor":41,"key":"Firefly"}],"is_trial":false,"path_per_floor":["M","M","M","?","M","R","E","R","T","R","?","M","R","M","R","B",null,"M","?","$","M","$","R","E","M","T","M","M","?","R","M","R","B",null,"M","?","?","$","?","E","M","R","T","R","?","R","$","M","R","B",null,null,"R","$","E","B",null],"character_chosen":"YUYOKO","items_purchased":["PreservedInsect","Chaos","Gremlin Food","InkBottle","Blue Candle","testmod-Nyarlathotep","Dota2Spire:HealingSalve"],"campfire_rested":2,"item_purchase_floors":[20,20,20,38,38,47,54],"current_hp_per_floor":[39,38,39,39,38,38,37,37,37,37,42,43,43,38,38,42,45,43,43,43,30,30,43,43,43,43,42,33,33,33,34,45,38,45,42,42,45,45,45,42,42,42,42,42,50,50,50,50,57,56,56,59,59,59,57,55],"gold":45,"neow_bonus":"NOSTALGIA","is_daily":false,"chose_seed":false,"campfire_upgraded":9,"win_rate":0.0,"timestamp":1612406082,"path_taken":["M","M","M","?","M","R","E","R","T","R","?","M","R","?","R","BOSS","M","?","$","M","$","R","E","M","T","?","?","?","R","M","R","BOSS","M","?","?","$","?","E","?","R","T","R","?","R","?","M","R","BOSS","R","$","E","BOSS"],"items_purchased_type":["Relic","Card","Relic","Relic","Relic","Relic","Potion"],"build_version":"2020-12-22","purchased_purges":0,"victory":true,"max_hp_per_floor":[40,40,40,40,40,40,40,40,40,40,45,45,45,45,45,45,45,45,45,45,45,45,45,45,45,45,45,45,45,45,45,45,45,45,45,45,45,45,45,45,45,45,45,45,52,52,52,52,59,59,59,59,59,59,59,59],"card_choices":[{"not_picked":[],"picked":"EpicFetus","floor":0.0},{"not_picked":["End of Faramita","Linger over Flower"],"picked":"Steamed Phantom","floor":1.0},{"not_picked":["Linger over Flower","Bloom","Unpaved Way","Gather the Spring"],"picked":"Chase The Sukhavati","floor":2.0},{"not_picked":["Elegance","Gauzy Sakura","Phantom Village","Chase The Sukhavati"],"picked":"Bomb","floor":3.0},{"not_picked":["Elegance","Nihility","Fondling of Papilio","The Forgotten Winter"],"picked":"Home of Suicide","floor":4.0},{"not_picked":["The Nether","Fondling of Papilio","Unborn Light","Cloak And Dagger"],"picked":"Nihility","floor":5.0},{"not_picked":["Sakura Ward","Redemption of Death","Infinite Blades","Phantom Gift"],"picked":"Fondling of Papilio","floor":7.0},{"not_picked":["Unborn Light+1","Nihility","Dancing Butterflies+1","Immigrant Phantom"],"picked":"Childlike","floor":12.0},{"not_picked":["Cerasus Subhirtella","Dancing Butterflies+1","Become Phantom","Serene Spring+1"],"picked":"After Image","floor":14.0},{"not_picked":["Dream of Spring","Past Graveyard","Ticket to Heaven","Infinite Reviving"],"picked":"Living to Die","floor":16.0},{"not_picked":["Unreal","Dancing Butterflies+1","City of Death","Sweet of Phantom+1"],"picked":"Trap Lamp+1","floor":18.0},{"not_picked":["Unstable Ward","Gauzy Sakura","Postpone Bloom","Unknown Petal"],"picked":"All Wander+1","floor":21.0},{"not_picked":["Unstable Ward","The Forgotten Winter","Butterflies in Dream","Revive The Butterflies"],"picked":"Cerasus Subhirtella+1","floor":24.0},{"not_picked":["Gather the Spring+1","Suicide+1","All Wander","Steamed Phantom"],"picked":"Butterflies Rainbow+1","floor":25.0},{"not_picked":["Full Moon","Final of Final+1","Mini Ghostdom","Redemption of Death+1"],"picked":"Open The Fan","floor":27.0},{"not_picked":["Revive The Butterflies","Death Dancing+1","Unknown Petal+1","Steamed Phantom+1"],"picked":"Nihility+1","floor":28.0},{"not_picked":["Become Phantom","End of Faramita","Trap Lamp","Gone"],"picked":"Sweet of Phantom+1","floor":31.0},{"not_picked":["Dying Dream+1","Infinite Reviving","Home of Suicide","Ghost Lead"],"picked":"A Thousand Cuts","floor":33},{"not_picked":["Gone","City of Death","Linger over Flower","Spear of Papilio+1"],"picked":"Gauzy Sakura+1","floor":35},{"not_picked":["Spear of Papilio+1","Become Phantom","Reverse The Screen+1","Dancing Butterflies+1"],"picked":"Dancing Soul+1","floor":36},{"not_picked":["Final of Final+1","Dancing Soul+1","End of Faramita+1","Unstable Ward"],"picked":"Serene Spring+1","floor":40},{"not_picked":["Suicide","Sweet of Phantom+1","Ghostdom Sakura","Song of Papilio"],"picked":"Postpone Bloom","floor":41},{"not_picked":["Scenery of Papilio","Sweet of Phantom","The Forgotten Winter","Steamed Phantom+1"],"picked":"Cerasus Subhirtella+1","floor":45},{"not_picked":["Song of Papilio+1","Full Moon+1","Unknown Petal+1","Spear of Papilio+1"],"picked":"Nihility+1","floor":48},{"not_picked":["Phantom Village+1","Unknown Petal","Float on Moon","Final of Final+1","Gauzy Sakura"],"picked":"SKIP","floor":55}],"player_experience":283905,"relics_obtained":[{"floor":1.0,"key":"SynthV:TestCard"},{"floor":7.0,"key":"Dota2Spire:PhaseBoots"},{"floor":9.0,"key":"Molten Egg 2"},{"floor":24.0,"key":"Peace Pipe"},{"floor":29.0,"key":"Matryoshka"},{"floor":40,"key":"aspiration:SeaSaltIceCream"},{"floor":43,"key":"Old Coin"},{"floor":43,"key":"reliquary:PorcupineQuills"},{"floor":45,"key":"MagicMushroom"},{"floor":55,"key":"aspiration:FutureDiary"}],"event_choices":[{"damage_healed":0.0,"max_hp_gain":5.0,"max_hp_loss":0.0,"gold_gain":0.0,"event_name":"Big Fish","player_choice":"Donut","floor":11.0,"gold_loss":0.0,"damage_taken":0.0},{"damage_healed":0.0,"max_hp_gain":0.0,"max_hp_loss":0.0,"gold_gain":0.0,"event_name":"Ghosts","player_choice":"Ignored","floor":19.0,"gold_loss":0.0,"damage_taken":0.0}],"is_beta":false,"boss_relics":[{"not_picked":["BloodWine","Painkiller Herb"],"picked":"reliquary:RedCape"},{"not_picked":[]},{"not_picked":["Strawberry","reliquary:WeakTea"],"picked":"AT_RabadonDeathcap"},{"not_picked":[]}],"items_purged_floors":[],"is_endless":false,"potions_floor_spawned":[1,2,12,14,18,21,25,40,41,55],"ascension_level":0}}