{"host":"d2y4rmbezebiv8aj","time":1612433803,"event":{"mods":["AchievementEnabler","BaseMod","Bestiary","BetterRewards","Colored Map","Colored Powertips","Custom Start","Highlight Path","Minty Spire (QoL Compilation)","Quick Restart","Rare Cards Sparkle","Relic Sorter","Relic Stats","Shop Mod","Slay-I","StSLib","SuperFastMode"],"gold_per_floor":[111,111,127,127,140,140,160,160,160,160,192,206,236,259,259,332,332,350,370,218,237,237,237,81,81,81,6,20,46,46,46,46,46,46],"floor_reached":33,"language":"DEU","playtime":735,"items_purged":["Decay"],"score":617,"play_id":"7e7cb1c3-c972-4a9d-910d-d461cc3329dc","local_time":"20210204111643","is_ascension_mode":true,"campfire_choices":[{"floor":6.0,"key":"DIG"},{"floor":10.0,"key":"REST"},{"floor":15.0,"key":"REST"},{"floor":23.0,"key":"DIG"},{"floor":25.0,"key":"DIG"},{"floor":32,"key":"DIG"}],"circlet_count":0,"master_deck":["AscendersBane","Strike_G","Strike_G","Strike_G","Strike_G","Defend_G","Defend_G","Defend_G","Defend_G","Defend_G","Survivor","Neutralize","Accuracy","Slice","Blade Dance","Escape Plan","Flying Knee","Dodge and Roll","Quick Slash","Blade Dance","A Thousand Cuts","PiercingWail","Masterful Stab+1","Infinite Blades","Infinite Blades","Envenom","Accuracy","Dagger Spray"],"relics":["Ring of the Snake","Shovel","StoneCalendar","Shuriken","Toy Ornithopter","MealTicket","Cursed Key","Bag of Preparation","Snake Skull","Eternal Feather","PreservedInsect","Peace Pipe"],"acts_visited":["Exordium","TheCity"],"potions_floor_usage":[29,29],"damage_taken":[{"damage":6.0,"enemies":"Small Slimes","floor":1.0,"turns":5.0},{"damage":0.0,"enemies":"Cultist","floor":3.0,"turns":3.0},{"damage":0.0,"enemies":"2 Louse","floor":5.0,"turns":2.0},{"damage":12.0,"enemies":"Gremlin Gang","floor":7.0,"turns":5.0},{"damage":23.0,"enemies":"Gremlin Nob","floor":11.0,"turns":4.0},{"damage":6.0,"enemies":"3 Louse","floor":12.0,"turns":4.0},{"damage":7.0,"enemies":"Hexaghost","floor":16.0,"turns":7.0},{"damage":14.0,"enemies":"3 Byrds","floor":18.0,"turns":4.0},{"damage":14.0,"enemies":"Chosen","floor":19.0,"turns":6.0},{"damage":23.0,"enemies":"3 Cultists","floor":21.0,"turns":5.0},{"damage":0.0,"enemies":"Cultist and Chosen","floor":28.0,"turns":4.0},{"damage":33,"enemies":"Slavers","floor":29,"turns":5},{"damage":96,"enemies":"Automaton","floor":33,"turns":6}],"seed_played":"9055260670988067728","potions_obtained":[{"floor":3.0,"key":"DuplicationPotion"},{"floor":7.0,"key":"LiquidBronze"},{"floor":11.0,"key":"SkillPotion"},{"floor":18.0,"key":"Regen Potion"},{"floor":22.0,"key":"Block Potion"},{"floor":22.0,"key":"SteroidPotion"}],"is_trial":false,"path_per_floor":["M","?","M","?","M","R","M","?","T","R","E","M","?","T","R","B",null,"M","M","$","M","?","R","$","R","T","$","M","E","?","$","R","B"],"character_chosen":"THE_SILENT","items_purchased":["Accuracy","Shovel","Slice","Infinite Blades","CunningPotion","Envenom"],"campfire_rested":2,"item_purchase_floors":[0,0,0,20,20,24],"current_hp_per_floor":[34,34,34,34,34,34,22,22,22,41,18,12,12,12,31,29,57,43,48,63,45,45,45,60,60,60,66,66,38,38,53,66,0,0],"gold":46,"neow_bonus":"","is_daily":false,"chose_seed":false,"campfire_upgraded":0,"win_rate":0.0,"timestamp":1612433803,"path_taken":["M","?","?","?","?","R","M","?","T","R","E","?","?","?","R","BOSS","M","M","$","M","?","R","?","R","T","$","?","E","?","?","R","BOSS"],"items_purchased_type":["Card","Relic","Card","Card","Potion","Card"],"build_version":"2020-12-22","purchased_purges":1,"victory":false,"max_hp_per_floor":[66,66,66,66,66,66,66,66,66,66,66,66,66,66,66,66,66,66,66,66,66,66,66,66,66,66,66,66,66,66,66,66,66,66],"relic_stats":{"counters":[199,965],"StoneCalendar":[0],"Eternal Feather":13,"Snake Skull":[26],"PreservedInsect":0,"Bag of Preparation":[6],"Cursed Key":2,"Peace Pipe":0,"Shovel":4,"Shuriken":[34],"MealTicket":60,"obtain_stats":[{"TwistedFunnel":12,"Ice Cream":47,"Gremlin Horn":17,"Nilry\u0027s Codex":20,"Vajra":43,"Ginger":22,"Whetstone":7,"Boot":10,"Sling":4,"Blood Vial":7,"Centennial Puzzle":26,"HornCleat":8,"DollysMirror":25,"Sundial":43,"Strawberry":21,"Philosopher\u0027s Stone":17,"MealTicket":22,"Kunai":25,"Toxic Egg 2":0,"Happy Flower":26,"Dead Branch":0,"Oddly Smooth Stone":17,"Eternal Feather":8,"Pen Nib":19,"Paper Crane":29,"War Paint":24,"Question Card":40,"SlaversCollar":34,"Bottled Flame":9,"Shuriken":43,"Bronze Scales":11,"Bird Faced Urn":6,"Molten Egg 2":10,"Black Star":34,"Ring of the Serpent":34,"Meat on the Bone":28,"Pocketwatch":17,"Darkstone Periapt":9,"Regal Pillow":21,"Lantern":46,"Singing Bowl":13,"Torii":24,"StoneCalendar":24,"Snake Skull":15,"Juzu Bracelet":23,"Bag of Preparation":23,"Smiling Mask":19,"Empty Cage":17,"Ancient Tea Set":44,"Cursed Key":34,"ClockworkSouvenir":0,"Nunchaku":27,"Dream Catcher":26,"Shovel":0,"WristBlade":17,"Mummified Hand":28,"Ninja Scroll":0,"Gambling Chip":20,"Toolbox":14,"Tiny Chest":26,"Red Mask":19,"InkBottle":6,"Ring of the Snake":0,"Potion Belt":30,"Lee\u0027s Waffle":19,"NeowsBlessing":0,"The Specimen":17,"Thread and Needle":9,"PreservedInsect":29,"Omamori":9,"Orichalcum":9,"White Beast Statue":8,"Calling Bell":17,"Peace Pipe":45,"Anchor":40,"CaptainsWheel":0,"Ornamental Fan":11,"Bag of Marbles":26,"Membership Card":19,"FossilizedHelix":37,"Toy Ornithopter":10},{"TwistedFunnel":47,"Ice Cream":121,"Gremlin Horn":28,"Nilry\u0027s Codex":63,"Vajra":39,"Ginger":89,"Whetstone":176,"Boot":46,"Sling":145,"Blood Vial":46,"Centennial Puzzle":113,"HornCleat":126,"DollysMirror":31,"Sundial":98,"Strawberry":165,"Philosopher\u0027s Stone":9,"MealTicket":131,"Kunai":65,"Toxic Egg 2":77,"Happy Flower":65,"Dead Branch":19,"Oddly Smooth Stone":28,"Eternal Feather":59,"Pen Nib":130,"Paper Crane":68,"War Paint":113,"Question Card":72,"SlaversCollar":17,"Bottled Flame":177,"Shuriken":73,"Bronze Scales":59,"Bird Faced Urn":81,"Molten Egg 2":161,"Black Star":69,"Ring of the Serpent":34,"Meat on the Bone":32,"Pocketwatch":87,"Darkstone Periapt":82,"Regal Pillow":10,"Lantern":40,"Singing Bowl":60,"Torii":113,"StoneCalendar":183,"Snake Skull":48,"Juzu Bracelet":12,"Bag of Preparation":196,"Smiling Mask":10,"Empty Cage":49,"Ancient Tea Set":99,"Cursed Key":136,"ClockworkSouvenir":77,"Nunchaku":14,"Dream Catcher":31,"Shovel":43,"WristBlade":129,"Mummified Hand":32,"Ninja Scroll":43,"Gambling Chip":130,"Toolbox":60,"Tiny Chest":13,"Red Mask":152,"InkBottle":25,"Ring of the Snake":0,"Potion Belt":93,"Lee\u0027s Waffle":110,"NeowsBlessing":0,"The Specimen":28,"Thread and Needle":106,"PreservedInsect":33,"Omamori":25,"Orichalcum":7,"White Beast Statue":106,"Calling Bell":28,"Peace Pipe":120,"Anchor":72,"CaptainsWheel":122,"Ornamental Fan":7,"Bag of Marbles":167,"Membership Card":50,"FossilizedHelix":138,"Toy Ornithopter":147},{"TwistedFunnel":194,"Ice Cream":587,"Gremlin Horn":127,"Nilry\u0027s Codex":265,"Vajra":171,"Ginger":395,"Whetstone":860,"Boot":193,"Sling":725,"Blood Vial":193,"Centennial Puzzle":534,"HornCleat":615,"DollysMirror":141,"Sundial":452,"Strawberry":816,"Philosopher\u0027s Stone":26,"MealTicket":638,"Kunai":276,"Toxic Egg 2":346,"Happy Flower":276,"Dead Branch":83,"Oddly Smooth Stone":127,"Eternal Feather":243,"Pen Nib":634,"Paper Crane":294,"War Paint":534,"Question Card":326,"SlaversCollar":67,"Bottled Flame":863,"Shuriken":332,"Bronze Scales":243,"Bird Faced Urn":358,"Molten Egg 2":794,"Black Star":303,"Ring of the Serpent":154,"Meat on the Bone":143,"Pocketwatch":389,"Darkstone Periapt":363,"Regal Pillow":27,"Lantern":173,"Singing Bowl":247,"Torii":534,"StoneCalendar":892,"Snake Skull":195,"Juzu Bracelet":36,"Bag of Preparation":950,"Smiling Mask":27,"Empty Cage":204,"Ancient Tea Set":456,"Cursed Key":672,"ClockworkSouvenir":346,"Nunchaku":47,"Dream Catcher":141,"Shovel":188,"WristBlade":629,"Mummified Hand":143,"Ninja Scroll":188,"Gambling Chip":634,"Toolbox":247,"Tiny Chest":41,"Red Mask":756,"InkBottle":109,"Ring of the Snake":0,"Potion Belt":417,"Lee\u0027s Waffle":516,"NeowsBlessing":0,"The Specimen":127,"Thread and Needle":492,"PreservedInsect":146,"Omamori":109,"Orichalcum":15,"White Beast Statue":492,"Calling Bell":127,"Peace Pipe":582,"Anchor":326,"CaptainsWheel":602,"Ornamental Fan":15,"Bag of Marbles":824,"Membership Card":205,"FossilizedHelix":683,"Toy Ornithopter":734}],"Toy Ornithopter":20,"Ring of the Snake":[58]},"card_choices":[{"not_picked":["Dagger Throw","Flying Knee"],"picked":"Blade Dance","floor":1.0},{"not_picked":["Acrobatics","Eviscerate"],"picked":"Escape Plan","floor":3.0},{"not_picked":["Expertise","Escape Plan"],"picked":"Flying Knee","floor":5.0},{"not_picked":["Catalyst","Flying Knee"],"picked":"Dodge and Roll","floor":7.0},{"not_picked":["Dodge and Roll","Dagger Throw"],"picked":"Quick Slash","floor":11.0},{"not_picked":["Die Die Die","Outmaneuver"],"picked":"Blade Dance","floor":12.0},{"not_picked":["Adrenaline","Grand Finale"],"picked":"A Thousand Cuts","floor":16.0},{"not_picked":["Acrobatics","Bouncing Flask"],"picked":"PiercingWail","floor":18.0},{"not_picked":["Sucker Punch","Prepared"],"picked":"Masterful Stab+1","floor":19.0},{"not_picked":["Well Laid Plans","Dagger Spray"],"picked":"Infinite Blades","floor":21.0},{"not_picked":["Flying Knee","Bane"],"picked":"Accuracy","floor":28.0},{"not_picked":["Escape Plan+1","Bane"],"picked":"Dagger Spray","floor":29}],"player_experience":407247,"relics_obtained":[{"floor":6.0,"key":"StoneCalendar"},{"floor":9.0,"key":"Shuriken"},{"floor":11.0,"key":"Toy Ornithopter"},{"floor":14.0,"key":"MealTicket"},{"floor":23.0,"key":"Bag of Preparation"},{"floor":25.0,"key":"Snake Skull"},{"floor":26.0,"key":"Eternal Feather"},{"floor":29,"key":"PreservedInsect"},{"floor":32,"key":"Peace Pipe"}],"event_choices":[{"damage_healed":0.0,"max_hp_gain":0.0,"max_hp_loss":0.0,"gold_gain":0.0,"event_name":"Transmorgrifier","player_choice":"Ignored","floor":2.0,"gold_loss":0.0,"damage_taken":0.0},{"damage_healed":0.0,"max_hp_gain":0.0,"max_hp_loss":0.0,"gold_gain":0.0,"event_name":"The Woman in Blue","player_choice":"Bought 0 Potions","floor":4.0,"gold_loss":0.0,"damage_taken":0.0},{"cards_removed":["Strike_G"],"damage_healed":0.0,"max_hp_gain":0.0,"max_hp_loss":0.0,"gold_gain":0.0,"event_name":"Bonfire Elementals","player_choice":"Offered Basic","floor":8.0,"gold_loss":0.0,"damage_taken":0.0},{"damage_healed":0.0,"max_hp_gain":0.0,"max_hp_loss":0.0,"gold_gain":30.0,"event_name":"Dead Adventurer","player_choice":"Searched \u00271\u0027 times","floor":13.0,"gold_loss":0.0,"damage_taken":0.0},{"damage_healed":0.0,"max_hp_gain":0.0,"max_hp_loss":0.0,"gold_gain":0.0,"event_name":"Lab","player_choice":"Got Potions","floor":22.0,"gold_loss":0.0,"damage_taken":0.0},{"damage_healed":0,"gold_gain":0,"player_choice":"Ignored","damage_taken":0,"max_hp_gain":0,"max_hp_loss":0,"event_name":"Transmorgrifier","floor":30,"gold_loss":0}],"is_beta":false,"boss_relics":[{"not_picked":["Pandora\u0027s Box","SacredBark"],"picked":"Cursed Key"}],"items_purged_floors":[27],"is_endless":false,"potions_floor_spawned":[3,7,11,18,28],"killed_by":"Automaton","ascension_level":14}}