{"host":"iblpanoclcg2giwu","time":1612401146,"event":{"mods":["BaseMod","Better Third Choice","BetterRewards","Colored Map","Downfall","Gold Saver","Googly Eyes","Highlight Path","Minty Spire (QoL Compilation)","Relic Filter Mod","Remove Card Discount Mod","StSLib"],"gold_per_floor":[319,337,350,350,350,378,401,415,425,444,444,464,449,465,483,582,582,582,597,597,614,614,624,624,624,651,663,693,738,776,807,836,848,848,848],"floor_reached":33,"language":"ENG","playtime":3230,"items_purged":[],"score":343,"play_id":"2c5d72b0-4ade-4dad-b636-3c33e2efad92","local_time":"20210203171226","is_ascension_mode":false,"campfire_choices":[{"data":"Guardian:TwinSlam","floor":1,"key":"SMITH"},{"data":"Guardian:CurlUp","floor":11,"key":"SMITH"},{"data":"Guardian:BaubleBeam","floor":18,"key":"SMITH"},{"data":"Guardian:RollAttack","floor":25,"key":"SMITH"}],"circlet_count":0,"master_deck":["Guardian:Strike_Guardian","Guardian:Strike_Guardian","Guardian:Strike_Guardian","Guardian:Defend_Guardian","Guardian:Defend_Guardian+1","Guardian:Defend_Guardian+1","Guardian:CurlUp+1","Guardian:TwinSlam+1","Guardian:RollAttack+1","Guardian:Planning","Guardian:PrismaticBeam","Guardian:ShieldSpikes","Guardian:PiercingHide","Guardian:BaubleBeam+1","Guardian:PrimingBeam","Necronomicurse","Guardian:RollAttack","Guardian:Gem_Green","Guardian:Gem_Blue","Guardian:Planning+1","Guardian:Gem_Blue","Guardian:ArmoredProtocol"],"relics":["Guardian:ModeShifter","Potion Belt","Strawberry","Black Star","Necronomicon","Sundial","MawBank","Guardian:PickAxe","Lantern","Eternal Feather","War Paint"],"acts_visited":["Exordium","TheCity"],"potions_floor_usage":[6,6,16,21,23,23,29,33],"damage_taken":[{"damage":1,"enemies":"Jaw Worm","floor":2,"turns":4},{"damage":8,"enemies":"Small Slimes","floor":3,"turns":3},{"damage":5,"enemies":"Lagavulin","floor":6,"turns":6},{"damage":0,"enemies":"Cultist","floor":8,"turns":2},{"damage":0,"enemies":"2 Fungi Beasts","floor":9,"turns":3},{"damage":7,"enemies":"Red Slaver","floor":10,"turns":3},{"damage":5,"enemies":"Exordium Wildlife","floor":12,"turns":4},{"damage":0,"enemies":"downfall:FleeingMerchant","floor":13,"turns":4},{"damage":4,"enemies":"Gremlin Gang","floor":14,"turns":4},{"damage":0,"enemies":"2 Fungi Beasts","floor":15,"turns":4},{"damage":45,"enemies":"WA_ARCHETYPE_RETAIN","floor":16,"turns":11},{"damage":5,"enemies":"3 Byrds","floor":19,"turns":2},{"damage":7,"enemies":"Chosen","floor":21,"turns":6},{"damage":12,"enemies":"3 Cultists","floor":23,"turns":7},{"damage":12,"enemies":"Slavers","floor":26,"turns":4},{"damage":17,"enemies":"Cultist and Chosen","floor":28,"turns":5},{"damage":0,"enemies":"Book of Stabbing","floor":29,"turns":4},{"damage":0,"enemies":"Sentry and Sphere","floor":31,"turns":4},{"damage":0,"enemies":"Centurion and Healer","floor":32,"turns":3},{"damage":84,"enemies":"DF_ARCHETYPE_CLAW","floor":33,"turns":10}],"seed_played":"6970076750752035255","potions_obtained":[{"floor":2,"key":"BlessingOfTheForge"},{"floor":3,"key":"FearPotion"},{"floor":6,"key":"Dexterity Potion"},{"floor":12,"key":"Weak Potion"},{"floor":14,"key":"FairyPotion"},{"floor":15,"key":"DistilledChaos"},{"floor":19,"key":"PowerPotion"},{"floor":21,"key":"DistilledChaos"},{"floor":28,"key":"champ:CounterPotion"}],"is_trial":false,"path_per_floor":["R","M","M","?","?","E","T","M","M","M","R","M","$","M","M","B",null,"R","M","?","M","?","M","T","R","E","R","M","E","T","M","M","B"],"character_chosen":"GUARDIAN","items_purchased":[],"campfire_rested":0,"item_purchase_floors":[],"current_hp_per_floor":[88,87,79,79,79,74,81,81,81,74,74,69,69,65,65,20,95,95,90,90,83,67,55,55,55,43,43,26,26,26,26,26,0,0,0],"gold":848,"neow_bonus":"TEN_PERCENT_HP_BONUS","is_daily":false,"chose_seed":false,"campfire_upgraded":4,"win_rate":0.0,"timestamp":1612401146,"path_taken":["R","M","M","?","?","E","T","?","M","M","R","M","?","M","M","BOSS","R","M","?","?","?","M","T","R","E","R","M","E","?","M","M","BOSS"],"items_purchased_type":[],"build_version":"2020-12-22","purchased_purges":0,"victory":false,"max_hp_per_floor":[88,88,88,88,88,88,95,95,95,95,95,95,95,95,95,95,95,95,95,95,95,95,95,95,95,95,95,95,95,95,95,95,95,95,95],"card_choices":[{"not_picked":["Guardian:TimeCapacitor","Guardian:SentryBeam"],"picked":"Guardian:Gem_White","floor":2},{"not_picked":["Guardian:Gem_Cyan","Guardian:ChargeCore"],"picked":"Guardian:Gem_Crimson","floor":3},{"not_picked":["Guardian:Gem_Cyan","Guardian:ArmoredProtocol"],"picked":"Guardian:RollAttack","floor":6},{"not_picked":["Guardian:Incinerate","Guardian:TemporalStrike"],"picked":"Guardian:Gem_Lightblue","floor":8},{"not_picked":["Guardian:Gem_Yellow","Guardian:Recover"],"picked":"Guardian:Planning","floor":9},{"not_picked":["Guardian:TimeCapacitor","Guardian:VentSteam"],"picked":"Guardian:Gem_Orange","floor":10},{"not_picked":["Guardian:Reroute","Guardian:Harden"],"picked":"Guardian:PrismaticBeam","floor":12},{"not_picked":["Guardian:Incinerate","Guardian:Suspension"],"picked":"Guardian:Gem_Orange","floor":13},{"not_picked":["Guardian:WalkerClaw","Guardian:Recover"],"picked":"Guardian:ShieldSpikes","floor":14},{"not_picked":["Guardian:PrismaticBarrier","Guardian:TemporalShield"],"picked":"Guardian:PiercingHide","floor":15},{"not_picked":["Guardian:TimeSifter","Guardian:StasisStrike"],"picked":"Guardian:BaubleBeam","floor":16},{"not_picked":["Guardian:Planning","Guardian:Repulse"],"picked":"Guardian:PrimingBeam","floor":19},{"not_picked":["Guardian:Gem_Cyan","Guardian:Gem_Crimson"],"picked":"Guardian:Gem_Red","floor":21},{"not_picked":["Guardian:Reroute","Guardian:ChargeCore","Guardian:Gem_Yellow"],"picked":"SKIP","floor":23},{"not_picked":["Guardian:Recover","Guardian:ShieldSpikes+1"],"picked":"Guardian:RollAttack","floor":26},{"not_picked":["Guardian:Gem_Yellow","Guardian:Gem_Lightblue","Guardian:GuardianWhirl"],"picked":"SKIP","floor":28},{"not_picked":["Guardian:HyperBeam_Guardian","Guardian:Harden"],"picked":"Guardian:Planning+1","floor":29},{"not_picked":["Guardian:Gem_Green","Guardian:DecasProtection"],"picked":"Guardian:Gem_Blue","floor":31},{"not_picked":["Guardian:TemporalShield+1","Guardian:VentSteam"],"picked":"Guardian:ArmoredProtocol","floor":32}],"player_experience":125443,"relics_obtained":[{"floor":6,"key":"Potion Belt"},{"floor":7,"key":"Strawberry"},{"floor":22,"key":"Necronomicon"},{"floor":24,"key":"Sundial"},{"floor":26,"key":"MawBank"},{"floor":26,"key":"Guardian:PickAxe"},{"floor":29,"key":"Lantern"},{"floor":29,"key":"Eternal Feather"},{"floor":30,"key":"War Paint"}],"event_choices":[{"damage_healed":0,"gold_gain":0,"player_choice":"Ignored","damage_taken":0,"max_hp_gain":0,"max_hp_loss":0,"event_name":"NoteForYourself","floor":20,"gold_loss":0}],"is_beta":false,"boss_relics":[{"not_picked":["Astrolabe","Sozu"],"picked":"Black Star"}],"items_purged_floors":[],"is_endless":false,"potions_floor_spawned":[2,3,6,12,14,15,19,21,28],"killed_by":"DF_ARCHETYPE_CLAW","ascension_level":0}}