{"host":"7rmsgc3rayi00cdt","time":1612461731,"event":{"mods":["BaseMod","Minty Spire (QoL Compilation)"],"gold_per_floor":[211,223,223,239,179,210,210,244,244,260,287,303,303,303],"floor_reached":13,"language":"ENG","playtime":504,"items_purged":[],"score":163,"play_id":"ef9a6d82-255a-4b43-a70e-391a519bac6e","local_time":"20210204180211","is_ascension_mode":true,"campfire_choices":[{"floor":7,"key":"REST"}],"circlet_count":0,"master_deck":["AscendersBane","Strike_P","Strike_P","Strike_P","Strike_P","Defend_P","Defend_P","Defend_P","Defend_P","Eruption","Vigilance","FearNoEvil","EmptyFist+1","Consecrate","JustLucky","SandsOfTime","SashWhip","FlurryOfBlows"],"relics":["PureWater","Kunai","Boot","Strawberry","Singing Bowl","Omamori"],"acts_visited":["Exordium"],"potions_floor_usage":[6,6,12,13],"damage_taken":[{"damage":4,"enemies":"Jaw Worm","floor":1,"turns":5},{"damage":5,"enemies":"2 Louse","floor":2,"turns":3},{"damage":0,"enemies":"Cultist","floor":4,"turns":2},{"damage":32,"enemies":"Gremlin Nob","floor":6,"turns":4},{"damage":19,"enemies":"3 Sentries","floor":8,"turns":8},{"damage":8,"enemies":"Blue Slaver","floor":10,"turns":2},{"damage":22,"enemies":"Gremlin Nob","floor":11,"turns":5},{"damage":6,"enemies":"Exordium Thugs","floor":12,"turns":3},{"damage":8,"enemies":"Lagavulin","floor":13,"turns":3}],"seed_played":"-9093297536488088872","potions_obtained":[{"floor":2,"key":"Fruit Juice"},{"floor":4,"key":"LiquidBronze"},{"floor":8,"key":"Dexterity Potion"},{"floor":12,"key":"GamblersBrew"}],"is_trial":false,"path_per_floor":["M","M","?","M","?","E","R","E","T","M","E","M","E"],"character_chosen":"WATCHER","items_purchased":[],"campfire_rested":1,"item_purchase_floors":[],"current_hp_per_floor":[61,56,56,56,56,29,52,40,40,32,10,6,0,0],"gold":303,"neow_bonus":"HUNDRED_GOLD","is_daily":false,"chose_seed":false,"campfire_upgraded":0,"win_rate":0.0,"timestamp":1612461731,"path_taken":["M","M","?","M","?","E","R","E","T","M","E","?","E"],"items_purchased_type":[],"build_version":"2020-12-22","purchased_purges":0,"victory":false,"max_hp_per_floor":[72,72,72,72,72,77,77,84,84,84,84,86,86,86],"card_choices":[{"not_picked":["ThirdEye","CutThroughFate"],"picked":"FearNoEvil","floor":1},{"not_picked":["Swivel","Study"],"picked":"EmptyFist","floor":2},{"not_picked":["CutThroughFate","Protect"],"picked":"Consecrate","floor":4},{"not_picked":["Omniscience","SashWhip"],"picked":"JustLucky","floor":6},{"not_picked":["EmptyFist","CrushJoints"],"picked":"SandsOfTime","floor":8},{"not_picked":["Protect","LikeWater"],"picked":"SashWhip","floor":10},{"not_picked":["Crescendo","EmptyBody"],"picked":"FlurryOfBlows","floor":11},{"not_picked":["Conclude","ThirdEye","FlurryOfBlows"],"picked":"Singing Bowl","floor":12}],"player_experience":797244,"relics_obtained":[{"floor":6,"key":"Boot"},{"floor":8,"key":"Strawberry"},{"floor":9,"key":"Singing Bowl"},{"floor":11,"key":"Omamori"}],"event_choices":[{"damage_healed":0,"gold_gain":0,"player_choice":"Grow","damage_taken":0,"max_hp_gain":0,"max_hp_loss":0,"event_name":"Living Wall","floor":3,"gold_loss":0,"cards_upgraded":["EmptyFist"]},{"damage_healed":0,"gold_gain":0,"player_choice":"Paid Gold","damage_taken":0,"relics_obtained":["Kunai"],"max_hp_gain":0,"max_hp_loss":0,"event_name":"WeMeetAgain","floor":5,"gold_loss":60}],"is_beta":false,"boss_relics":[],"items_purged_floors":[],"is_endless":false,"potions_floor_spawned":[2,4,8,12],"killed_by":"Lagavulin","ascension_level":11}}