{"host":"djoj10dqzzvtkauc","time":1612472917,"event":{"mods":["2.2 Compatiblity","BaseMod","Colored Map","DeckTracker","Highlight Path","Keyboard Shortcuts","Marisa£¨Ùöéë¡¡Øª×âÞÞ£©","Minty Spire (QoL Compilation)","Permanent Neow","Quick Restart","Random Character Button","StSLib","SuperFastMode","everything is the same but u backflip on backflip"],"gold_per_floor":[110,120,131,35,46,77,89,89,89,103,278,254,254,264,264,368,368,368,368,224,224,224,224,224,224,224,224,224,224,224,224,224,224,224],"floor_reached":33,"language":"KOR","playtime":1058,"items_purged":["Doubt"],"score":251,"play_id":"e88e7fba-34e0-4a40-96a4-c95d2596105d","local_time":"20210205060837","is_ascension_mode":false,"campfire_choices":[{"floor":8,"key":"REST"},{"floor":13,"key":"REST"},{"data":"Tactician","floor":15,"key":"SMITH"},{"data":"Calculated Gamble","floor":23,"key":"SMITH"},{"data":"Acrobatics","floor":25,"key":"SMITH"},{"data":"Skewer","floor":27,"key":"SMITH"},{"floor":32,"key":"REST"}],"circlet_count":0,"master_deck":["Strike_G","Strike_G","Strike_G","Strike_G","Strike_G","Defend_G","Defend_G","Defend_G","Defend_G","Defend_G","Survivor","Neutralize","Slice","Poisoned Stab","Tactician+1","Eviscerate","Dagger Throw","Backflip","Dagger Spray","Terror","Poisoned Stab+1","Calculated Gamble+1","Acrobatics+1","Outmaneuver+1","Skewer+1","Backstab","Tactician+1"],"relics":["Ring of the Snake","Orichalcum","Tough Bandages","Ectoplasm","Happy Flower"],"acts_visited":["Exordium","TheCity"],"potions_floor_usage":[16,24,33,33,33],"damage_taken":[{"damage":0,"enemies":"Cultist","floor":1,"turns":4},{"damage":0,"enemies":"Jaw Worm","floor":2,"turns":4},{"damage":0,"enemies":"2 Louse","floor":3,"turns":2},{"damage":1,"enemies":"Exordium Wildlife","floor":5,"turns":4},{"damage":49,"enemies":"Lagavulin","floor":6,"turns":11},{"damage":16,"enemies":"Exordium Thugs","floor":7,"turns":5},{"damage":0,"enemies":"Looter","floor":10,"turns":3},{"damage":0,"enemies":"2 Fungi Beasts","floor":14,"turns":3},{"damage":40,"enemies":"Hexaghost","floor":16,"turns":12},{"damage":0,"enemies":"3 Byrds","floor":18,"turns":6},{"damage":9,"enemies":"Chosen","floor":21,"turns":5},{"damage":23,"enemies":"Sentry and Sphere","floor":22,"turns":8},{"damage":2,"enemies":"Snecko","floor":24,"turns":5},{"damage":1,"enemies":"3 Cultists","floor":29,"turns":6},{"damage":14,"enemies":"Sentry and Sphere","floor":30,"turns":5},{"damage":45,"enemies":"Collector","floor":33,"turns":8}],"seed_played":"1917509931112564952","potions_obtained":[{"floor":2,"key":"Explosive Potion"},{"floor":3,"key":"SmokeBomb"},{"floor":7,"key":"BlessingOfTheForge"},{"floor":16,"key":"EssenceOfSteel"},{"floor":19,"key":"Dexterity Potion"},{"floor":22,"key":"Block Potion"},{"floor":29,"key":"ColorlessPotion"}],"is_trial":false,"path_per_floor":["M","M","M","$","M","E","M","R","T","M","?","?","R","M","R","B",null,"M","?","$","M","M","R","M","R","T","R","?","M","M","?","R","B"],"character_chosen":"THE_SILENT","items_purchased":["Dagger Throw","Backflip","Calculated Gamble"],"campfire_rested":3,"item_purchase_floors":[4,4,20],"current_hp_per_floor":[70,70,70,70,69,20,4,25,25,25,25,25,46,46,46,6,70,70,70,70,61,38,38,36,36,36,36,36,35,21,21,42,0,0],"gold":224,"neow_bonus":"THREE_CARDS","is_daily":false,"chose_seed":false,"campfire_upgraded":4,"win_rate":0.0,"timestamp":1612472917,"path_taken":["M","?","?","$","M","E","M","R","T","M","?","?","R","M","R","BOSS","M","?","?","M","M","R","M","R","T","R","?","M","M","?","R","BOSS"],"items_purchased_type":["Card","Card","Card"],"build_version":"2020-12-22","purchased_purges":1,"victory":false,"max_hp_per_floor":[70,70,70,70,70,70,70,70,70,70,70,70,70,70,70,70,70,70,70,70,70,70,70,70,70,70,70,70,70,70,70,70,70,70],"card_choices":[{"not_picked":["Endless Agony","Dodge and Roll"],"picked":"Slice","floor":0},{"not_picked":["Prepared","Blur"],"picked":"Poisoned Stab","floor":1},{"not_picked":["Dodge and Roll","Blade Dance"],"picked":"Tactician","floor":2},{"not_picked":["Blade Dance","Slice"],"picked":"Eviscerate","floor":3},{"not_picked":["Flying Knee","Skewer"],"picked":"Dagger Spray","floor":5},{"not_picked":["Quick Slash","Dagger Throw"],"picked":"Terror","floor":6},{"not_picked":["Sucker Punch","Blade Dance","Deflect"],"picked":"SKIP","floor":7},{"not_picked":["Finisher","All Out Attack","Endless Agony"],"picked":"SKIP","floor":10},{"not_picked":["Blade Dance","All Out Attack","Poisoned Stab"],"picked":"SKIP","floor":14},{"not_picked":["Slice","Terror"],"picked":"Poisoned Stab+1","floor":18},{"not_picked":["Skewer","Prepared"],"picked":"Acrobatics","floor":21},{"not_picked":["Quick Slash","Terror"],"picked":"Outmaneuver+1","floor":22},{"not_picked":["Distraction","Bane"],"picked":"Skewer","floor":24},{"not_picked":["Glass Knife","Poisoned Stab"],"picked":"Backstab","floor":29},{"not_picked":["Leg Sweep+1","Choke"],"picked":"Tactician+1","floor":30}],"player_experience":170855,"relics_obtained":[{"floor":6,"key":"Orichalcum"},{"floor":9,"key":"Tough Bandages"},{"floor":26,"key":"Happy Flower"}],"event_choices":[{"damage_healed":0,"gold_gain":175,"player_choice":"AGREE","damage_taken":0,"max_hp_gain":0,"max_hp_loss":0,"event_name":"Liars Game","floor":11,"gold_loss":0,"cards_obtained":["Doubt"]},{"damage_healed":0,"gold_gain":0,"player_choice":"Left Gold","damage_taken":0,"max_hp_gain":0,"max_hp_loss":0,"event_name":"World of Goop","floor":12,"gold_loss":24},{"damage_healed":0,"gold_gain":0,"player_choice":"Got Potions","damage_taken":0,"max_hp_gain":0,"max_hp_loss":0,"event_name":"Lab","floor":19,"gold_loss":0},{"damage_healed":0,"gold_gain":0,"player_choice":"Ignored","damage_taken":0,"max_hp_gain":0,"max_hp_loss":0,"event_name":"Vampires","floor":28,"gold_loss":0},{"damage_healed":0,"gold_gain":99,"player_choice":"Stole From Cult","damage_taken":0,"max_hp_gain":0,"max_hp_loss":0,"event_name":"Nest","floor":31,"gold_loss":0}],"is_beta":false,"boss_relics":[{"not_picked":["Ring of the Serpent","Calling Bell"],"picked":"Ectoplasm"}],"items_purged_floors":[20],"is_endless":false,"potions_floor_spawned":[2,3,7,16,21,22,29,30],"killed_by":"Collector","ascension_level":0}}