{"host":"56xwnffi6e9z5l58","time":1612434574,"event":{"mods":["Aspiration","BaseMod","Better Match","Better Note","Better Sensory Stone","BetterRewards","Colored Map","Colored Powertips","Conspire","Downfall","GifTheSpireLib","Hermit","Highlight Path","Hubris","Infinite Spire","Key Reminder","Minty Spire (QoL Compilation)","Permanent Neow","Quick Restart","Rare Cards Sparkle","Replay The Spire","StSLib","Stuff the Spire","SuperFastMode","Unceasing Turn Reminder"],"gold_per_floor":[112,112,123,139,154,154,154,154,181,194,194,214,214,225,225,225,225],"floor_reached":16,"language":"ENG","playtime":319,"items_purged":[],"score":94,"play_id":"9619cfe1-d773-4b98-b1ef-dc8943ee4436","local_time":"20210204182934","is_ascension_mode":false,"campfire_choices":[{"data":"hermit:CursedWeapon","floor":6,"key":"SMITH"},{"data":"hermit:Snapshot","floor":8,"key":"SMITH"},{"data":"hermit:SprayPray","floor":11,"key":"SMITH"},{"data":"hermit:Vantage","floor":13,"key":"SMITH"},{"data":"hermit:Deadeye","floor":15,"key":"SMITH"}],"circlet_count":0,"master_deck":["hermit:Strike_Hermit","hermit:Strike_Hermit","hermit:Strike_Hermit","hermit:Defend_Hermit","hermit:Defend_Hermit","hermit:Defend_Hermit","hermit:Defend_Hermit","hermit:Snapshot+1","hermit:Covet","hermit:EternalForm+1","hermit:CursedWeapon+1","hermit:Determination","hermit:Deadeye+1","hermit:SprayPray+1","hermit:Vantage+1","hermit:TakeCover"],"relics":["hermit:Momento","Nunchaku"],"acts_visited":["Exordium"],"potions_floor_usage":[],"damage_taken":[{"damage":0,"enemies":"Cultist","floor":1,"turns":3},{"damage":10,"enemies":"Small Slimes","floor":3,"turns":3},{"damage":4,"enemies":"2 Louse","floor":4,"turns":2},{"damage":10,"enemies":"Exordium Wildlife","floor":5,"turns":4},{"damage":10,"enemies":"Gremlin Gang","floor":10,"turns":6},{"damage":9,"enemies":"3 Louse","floor":12,"turns":2},{"damage":2,"enemies":"Looter","floor":14,"turns":2},{"damage":34,"enemies":"The Guardian","floor":16,"turns":6}],"seed_played":"2463153193461787863","potions_obtained":[{"floor":1,"key":"SkillPotion"},{"floor":12,"key":"ColorlessPotion"}],"is_trial":false,"path_per_floor":["M","?","M","M","M","R","?","R","T","M","R","M","R","M","R","B"],"character_chosen":"HERMIT","items_purchased":[],"campfire_rested":0,"item_purchase_floors":[],"current_hp_per_floor":[75,75,65,61,51,51,51,51,51,41,41,32,32,30,30,0,0],"gold":225,"neow_bonus":"ONE_RANDOM_RARE_CARD","is_daily":false,"chose_seed":false,"campfire_upgraded":5,"win_rate":0.0,"timestamp":1612434574,"path_taken":["M","?","?","M","M","R","?","R","T","M","R","M","R","M","R","BOSS"],"items_purchased_type":[],"build_version":"2020-12-22","purchased_purges":0,"victory":false,"max_hp_per_floor":[75,75,75,75,75,75,75,75,75,75,75,75,75,75,75,75,75],"card_choices":[{"not_picked":["hermit:PistolWhip","hermit:SprayPray"],"picked":"hermit:CursedWeapon","floor":1},{"not_picked":["hermit:Midnight","hermit:Feint"],"picked":"hermit:Determination","floor":3},{"not_picked":["hermit:LoneWolf","hermit:Malice"],"picked":"hermit:Deadeye","floor":4},{"not_picked":["hermit:CursedWeapon","hermit:HighCaliber","hermit:Desperado"],"picked":"SKIP","floor":5},{"not_picked":["hermit:Ricochet","hermit:CalledShot"],"picked":"hermit:SprayPray","floor":10},{"not_picked":["hermit:DeadMansHand","hermit:Glare"],"picked":"hermit:Vantage","floor":12},{"not_picked":["hermit:Ricochet","hermit:Desperado"],"picked":"hermit:TakeCover","floor":14}],"player_experience":1011741,"relics_obtained":[{"floor":9,"key":"Nunchaku"}],"event_choices":[{"damage_healed":0,"gold_gain":0,"player_choice":"Upgraded","damage_taken":0,"max_hp_gain":0,"max_hp_loss":0,"event_name":"Upgrade Shrine","floor":2,"gold_loss":0,"cards_upgraded":["hermit:EternalForm"]}],"is_beta":false,"boss_relics":[],"items_purged_floors":[],"is_endless":false,"potions_floor_spawned":[1,12],"killed_by":"The Guardian","ascension_level":0}}