{"host":"hjajo0rafoe1e6c4","time":1612454097,"event":{"mods":["AchievementEnabler","BaseMod","Bestiary","Colored Map","Colored Powertips","Downfall","Highlight Path","Minty Spire (QoL Compilation)","Relic Stats","StSLib"],"gold_per_floor":[199,213,10,23,38,38,61,90,108,127,145,45,57,70,80,182,182,82,101,111,111,130,149,149,89,101,136,36,46,46,64,77,177,177,177,196,196,196,35,35,35,53,14,28,38,49,49,49,62,62,62,62,62,62],"floor_reached":52,"language":"ENG","playtime":5315,"items_purged":["champ:Strike"],"score":761,"play_id":"cbc6f76d-b28e-4599-adb7-f775fdc525ac","local_time":"20210204105457","is_ascension_mode":false,"campfire_choices":[{"floor":1,"key":"RECALL"},{"data":"champ:Taunt","floor":6,"key":"SMITH"},{"floor":12,"key":"REST"},{"data":"champ:FaceSlap","floor":18,"key":"SMITH"},{"data":"champ:SteelEdge","floor":28,"key":"SMITH"},{"data":"champ:EnragedBash","floor":30,"key":"SMITH"},{"data":"champ:FanOfKnives","floor":35,"key":"SMITH"},{"data":"champ:Lariat","floor":40,"key":"SMITH"},{"floor":47,"key":"REST"}],"circlet_count":0,"master_deck":["champ:Strike","champ:Strike","champ:Strike","champ:Defend","champ:Defend","champ:Defend","champ:Defend","champ:Execute","champ:Taunt+1","champ:FanOfKnives+1","champ:EnragedBash+1","champ:Lariat+1","champ:FanOfKnives","champ:PreciseThrust","champ:AdrenalArmor","champ:CrownThrow","champ:ShieldSlam","champ:Devastate","champ:EnGarde","champ:BerserkersShout","champ:FaceSlap+1","champ:VampiricStrike","champ:Endure","champ:BringItOn","champ:StanceDance","champ:EnGarde","champ:PreciseThrust","champ:FanOfKnives+1","champ:SteelEdge+1","champ:Devastate","champ:BringItOn+1","champ:LastStand","champ:AdrenalArmor","champ:FocusedBerserking+1","champ:MurderStrike+1","champ:StanceDance","champ:Duel+1","champ:Lariat+1","champ:CalledShot+1","champ:FaceSlap+1","champ:StanceDance+1"],"relics":["champ:ChampionCrownUpgraded","CaptainsWheel","downfall:HeartBlessingGreen","bronze:MakeshiftBattery","downfall:HeartBlessingRed","Gremlin Horn","Kunai","downfall:HeartBlessingBlue","Molten Egg 2","Bottled Lightning","Calipers"],"acts_visited":["Exordium","TheCity","TheBeyond","TheEnding"],"potions_floor_usage":[16,16,33,33,46,52],"damage_taken":[{"damage":11,"enemies":"Cultist","floor":2,"turns":3},{"damage":25,"enemies":"downfall:FleeingMerchant","floor":3,"turns":4},{"damage":5,"enemies":"2 Louse","floor":4,"turns":2},{"damage":38,"enemies":"Jaw Worm","floor":5,"turns":5},{"damage":114,"enemies":"Lagavulin","floor":8,"turns":8},{"damage":33,"enemies":"3 Louse","floor":9,"turns":3},{"damage":15,"enemies":"2 Fungi Beasts","floor":10,"turns":4},{"damage":46,"enemies":"Large Slime","floor":11,"turns":4},{"damage":29,"enemies":"Exordium Thugs","floor":13,"turns":4},{"damage":15,"enemies":"2 Fungi Beasts","floor":14,"turns":4},{"damage":25,"enemies":"Large Slime","floor":15,"turns":6},{"damage":81,"enemies":"DF_ARCHETYPE_STREAMLINE","floor":16,"turns":11},{"damage":22,"enemies":"Shell Parasite","floor":19,"turns":3},{"damage":35,"enemies":"Chosen","floor":20,"turns":3},{"damage":44,"enemies":"Centurion and Healer","floor":22,"turns":5},{"damage":45,"enemies":"Cultist and Chosen","floor":23,"turns":6},{"damage":51,"enemies":"downfall:FleeingMerchant","floor":25,"turns":4},{"damage":43,"enemies":"Snake Plant","floor":26,"turns":4},{"damage":20,"enemies":"Gremlin Leader","floor":27,"turns":5},{"damage":38,"enemies":"Shelled Parasite and Fungi","floor":29,"turns":4},{"damage":5,"enemies":"Centurion and Healer","floor":31,"turns":4},{"damage":20,"enemies":"Sentry and Sphere","floor":32,"turns":4},{"damage":25,"enemies":"IC_MUSHROOM_ARCHETYPE","floor":33,"turns":4},{"damage":34,"enemies":"3 Darklings","floor":36,"turns":4},{"damage":30,"enemies":"downfall:FleeingMerchant","floor":39,"turns":4},{"damage":36,"enemies":"Orb Walker","floor":42,"turns":3},{"damage":11,"enemies":"downfall:FleeingMerchant","floor":43,"turns":4},{"damage":28,"enemies":"4 Shapes","floor":44,"turns":1},{"damage":40,"enemies":"3 Darklings","floor":45,"turns":3},{"damage":65,"enemies":"Transient","floor":46,"turns":5},{"damage":30,"enemies":"Writhing Mass","floor":49,"turns":4},{"damage":171,"enemies":"WA_ARCHETYPE_DIVINITY","floor":50,"turns":11},{"damage":175,"enemies":"downfall:CharBossMerchant","floor":52,"turns":8}],"seed_played":"-3953839511540197639","potions_obtained":[{"floor":2,"key":"SneckoOil"},{"floor":8,"key":"Guardian:BlockOnCardUsePotion"},{"floor":10,"key":"bronze:BurnAndBuffPotion"},{"floor":15,"key":"Swift Potion"},{"floor":23,"key":"BlessingOfTheForge"},{"floor":26,"key":"FearPotion"},{"floor":27,"key":"DuplicationPotion"},{"floor":36,"key":"Dexterity Potion"},{"floor":45,"key":"ColorlessPotion"}],"is_trial":false,"path_per_floor":["R","M","$","M","M","R","T","E","M","M","M","R","M","M","M","B",null,"R","M","M","?","M","M","T","$","M","E","R","M","R","M","M","B",null,"R","M","T","?","$","R","T","M","$","M","M","M","R","?","M","B",null,"E"],"character_chosen":"THE_CHAMP","items_purchased":["champ:EnragedBash","champ:Lariat","champ:PreciseThrust","champ:MurderStrike+1","Calipers","champ:Duel+1"],"campfire_rested":2,"item_purchase_floors":[3,3,25,39,43,43],"current_hp_per_floor":[90,89,84,84,81,81,81,47,44,44,28,55,51,51,51,30,90,90,78,78,78,69,69,69,63,60,60,70,67,67,67,67,67,100,100,81,81,81,81,81,81,70,69,51,51,51,81,87,87,26,87,0,0,0],"gold":62,"neow_bonus":"HUNDRED_GOLD","is_daily":false,"chose_seed":false,"campfire_upgraded":6,"win_rate":0.0,"timestamp":1612454097,"path_taken":["R","M","?","?","M","R","T","E","M","?","M","R","M","M","M","BOSS","R","M","?","?","M","M","T","$","?","E","R","M","R","M","M","BOSS","R","M","?","?","$","R","T","M","$","?","M","M","R","?","M","BOSS","E"],"items_purchased_type":["Card","Card","Card","Card","Relic","Card"],"build_version":"2020-12-22","purchased_purges":1,"victory":false,"max_hp_per_floor":[90,90,90,90,90,90,90,90,90,90,90,90,90,90,90,90,90,90,90,90,90,90,90,90,90,90,90,100,100,100,100,100,100,100,100,100,100,100,100,100,100,100,100,100,100,100,100,87,87,87,87,87,87,87],"relic_stats":{"Gremlin Horn":[17,17],"counters":[33,151],"Kunai":[26],"obtain_stats":[{"CaptainsWheel":8,"Calipers":43,"downfall:HeartBlessingRed":18,"Gremlin Horn":24,"downfall:HeartBlessingBlue":28,"champ:ChampionCrown":0,"downfall:HeartBlessingGreen":12,"Molten Egg 2":37,"champ:ChampionCrownUpgraded":34,"Kunai":27,"Bottled Lightning":41,"bronze:MakeshiftBattery":17},{"CaptainsWheel":5,"Calipers":27,"downfall:HeartBlessingRed":12,"Gremlin Horn":16,"downfall:HeartBlessingBlue":19,"champ:ChampionCrown":0,"downfall:HeartBlessingGreen":8,"Molten Egg 2":24,"champ:ChampionCrownUpgraded":23,"Kunai":19,"Bottled Lightning":25,"bronze:MakeshiftBattery":12},{"CaptainsWheel":22,"Calipers":119,"downfall:HeartBlessingRed":58,"Gremlin Horn":75,"downfall:HeartBlessingBlue":88,"champ:ChampionCrown":0,"downfall:HeartBlessingGreen":33,"Molten Egg 2":108,"champ:ChampionCrownUpgraded":104,"Kunai":88,"Bottled Lightning":112,"bronze:MakeshiftBattery":58}]},"card_choices":[{"not_picked":["champ:PreemptiveStrike","champ:TornadoPunch"],"picked":"champ:FanOfKnives","floor":2},{"not_picked":["champ:PerfectedStrike","champ:Backstep","champ:DefensiveShout"],"picked":"SKIP","floor":3},{"not_picked":["champ:CrownThrow","champ:Backstep"],"picked":"champ:FanOfKnives","floor":4},{"not_picked":["champ:Haymaker","champ:Shatter"],"picked":"champ:PreciseThrust","floor":5},{"not_picked":["champ:FocusedBerserking","champ:VampiricStrike"],"picked":"champ:AdrenalArmor","floor":8},{"not_picked":["champ:Parry","champ:FalseCounter"],"picked":"champ:CrownThrow","floor":9},{"not_picked":["champ:GutPunch","champ:Lariat"],"picked":"champ:ShieldSlam","floor":10},{"not_picked":["champ:BerserkersShout","champ:TornadoPunch"],"picked":"champ:Devastate","floor":11},{"not_picked":["champ:DefensiveShout","champ:TornadoPunch"],"picked":"champ:EnGarde","floor":13},{"not_picked":["champ:DefensiveShout","champ:FlashCut"],"picked":"champ:BerserkersShout","floor":14},{"not_picked":["champ:FancyFootwork","champ:FalseCounter"],"picked":"champ:FaceSlap","floor":15},{"not_picked":["champ:UltimateStance","champ:HoldFirm"],"picked":"champ:VampiricStrike","floor":16},{"not_picked":["champ:CrownThrow","champ:Backstep"],"picked":"champ:Endure","floor":19},{"not_picked":["champ:PreciseThrust","champ:ShieldSlam"],"picked":"champ:BringItOn","floor":20},{"not_picked":["champ:Haymaker","champ:Backstep"],"picked":"champ:StanceDance","floor":22},{"not_picked":["champ:IgnorePain","champ:CalledShot","champ:PreemptiveStrike+1"],"picked":"SKIP","floor":23},{"not_picked":["champ:IgnorePain","champ:CalledShot","champ:PreemptiveStrike+1"],"picked":"SKIP","floor":23},{"not_picked":["champ:SetATrap","champ:TornadoPunch"],"picked":"champ:EnGarde","floor":25},{"not_picked":["champ:PreciseThrust+1","champ:CrookedStrike"],"picked":"champ:FanOfKnives+1","floor":26},{"not_picked":["champ:ShieldSlam","champ:Backstep"],"picked":"champ:SteelEdge","floor":27},{"not_picked":["champ:EnGarde","champ:PreciseThrust","champ:DeathBlow"],"picked":"SKIP","floor":29},{"not_picked":["champ:DefensiveShout+1","champ:GutPunch"],"picked":"champ:Devastate","floor":31},{"not_picked":["champ:Backstep","champ:CrookedStrike"],"picked":"champ:BringItOn+1","floor":32},{"not_picked":["champ:CheapShot","champ:GladiatorForm"],"picked":"champ:LastStand","floor":33},{"not_picked":["champ:DeathBlow+1","champ:Circumvent"],"picked":"champ:AdrenalArmor","floor":36},{"not_picked":["champ:PerfectedStrike+1","champ:EnGarde"],"picked":"champ:FocusedBerserking+1","floor":39},{"not_picked":["champ:Circumvent+1","champ:BringItOn+1","champ:Haymaker+1"],"picked":"SKIP","floor":42},{"not_picked":["champ:ShieldThrow+1","champ:FlashCut+1"],"picked":"champ:StanceDance","floor":43},{"not_picked":["champ:Duel+1","champ:FaceSlap+1"],"picked":"champ:Lariat+1","floor":44},{"not_picked":["champ:EnragedBash+1","champ:CrookedStrike+1"],"picked":"champ:CalledShot+1","floor":45},{"not_picked":["champ:GladiatorStyle+1","champ:FocusedBerserking+1"],"picked":"champ:FaceSlap+1","floor":46},{"not_picked":["champ:BringItOn+1","champ:PerfectedStrike+1"],"picked":"champ:StanceDance+1","floor":49}],"player_experience":229779,"relics_obtained":[{"floor":8,"key":"CaptainsWheel"},{"floor":24,"key":"Gremlin Horn"},{"floor":27,"key":"Kunai"},{"floor":37,"key":"Molten Egg 2"},{"floor":41,"key":"Bottled Lightning"}],"event_choices":[],"is_beta":false,"boss_relics":[{"not_picked":["Tiny House","Pandora\u0027s Box"],"picked":"bronze:MakeshiftBattery"},{"not_picked":["SacredBark","Busted Crown"],"picked":"champ:ChampionCrownUpgraded"}],"items_purged_floors":[3],"is_endless":false,"potions_floor_spawned":[2,8,10,11,15,23,26,27,29,31,36,45],"killed_by":"downfall:CharBossMerchant","ascension_level":0}}