{"host":"6r762osam2bvfm66","time":1612405061,"event":{"mods":["BaseMod","Colored Map","Minty Spire (QoL Compilation)"],"gold_per_floor":[111,211,221,234,11,38,38,54,125,158,170,170,180,180,180,279,279,290,19,31,31,31,66,78,100,112,44,76,76,87,0,0,97,97,107,107,107,7,7,7,42,59,59,91,106,106,120,120,120,120],"floor_reached":51,"language":"ENG","playtime":2419,"items_purged":["Strike_R","Perfected Strike+1"],"score":851,"play_id":"a1c37718-d65d-4161-b3e7-8ee7d3de7462","local_time":"20210203201741","is_ascension_mode":true,"campfire_choices":[{"data":"Perfected Strike","floor":12,"key":"SMITH"},{"data":"Spot Weakness","floor":15,"key":"SMITH"},{"data":"Limit Break","floor":24,"key":"SMITH"},{"data":"Iron Wave","floor":32,"key":"SMITH"},{"data":"Madness","floor":40,"key":"SMITH"},{"floor":49,"key":"REST"}],"circlet_count":0,"master_deck":["Strike_R+1","Strike_R+1","Strike_R+1","Defend_R+1","Defend_R+1","Defend_R+1","Defend_R+1","Bash+1","Sword Boomerang+1","Headbutt+1","Cleave+1","Spot Weakness+1","Iron Wave+1","Pummel+1","Battle Trance+1","Limit Break+1","Shrug It Off+1","Perfected Strike+1","Shrug It Off+1","Pummel+1","Shockwave+1","Shockwave+1","Offering+1","Ghostly Armor+1","Intimidate+1","Madness+1","Enlightenment+1","True Grit+1","Flame Barrier+1"],"relics":["Black Blood","Anchor","Pocketwatch","Mercury Hourglass","Bag of Preparation","Runic Pyramid","DollysMirror","Du-Vu Doll","MutagenicStrength","MawBank","Juzu Bracelet","Red Skull","MealTicket","White Beast Statue","Pen Nib","Mark of the Bloom"],"acts_visited":["Exordium","TheCity","TheBeyond"],"potions_floor_usage":[16,20,23,44,47,47,50,50],"damage_taken":[{"damage":9,"enemies":"2 Louse","floor":1,"turns":3},{"damage":0,"enemies":"Cultist","floor":3,"turns":2},{"damage":3,"enemies":"Small Slimes","floor":4,"turns":3},{"damage":22,"enemies":"3 Sentries","floor":6,"turns":5},{"damage":0,"enemies":"2 Fungi Beasts","floor":8,"turns":2},{"damage":36,"enemies":"Lagavulin","floor":10,"turns":5},{"damage":20,"enemies":"Exordium Thugs","floor":11,"turns":3},{"damage":0,"enemies":"Looter","floor":13,"turns":2},{"damage":6,"enemies":"Hexaghost","floor":16,"turns":7},{"damage":2,"enemies":"Chosen","floor":18,"turns":2},{"damage":0,"enemies":"Spheric Guardian","floor":20,"turns":3},{"damage":25,"enemies":"Slavers","floor":23,"turns":3},{"damage":12,"enemies":"Centurion and Healer","floor":25,"turns":5},{"damage":25,"enemies":"Gremlin Leader","floor":28,"turns":4},{"damage":0,"enemies":"Cultist and Chosen","floor":30,"turns":3},{"damage":22,"enemies":"Champ","floor":33,"turns":5},{"damage":11,"enemies":"3 Shapes","floor":35,"turns":2},{"damage":6,"enemies":"Nemesis","floor":41,"turns":5},{"damage":5,"enemies":"3 Darklings","floor":42,"turns":3},{"damage":60,"enemies":"Giant Head","floor":44,"turns":8},{"damage":0,"enemies":"Transient","floor":45,"turns":5},{"damage":25,"enemies":"Jaw Worm Horde","floor":47,"turns":6},{"damage":29,"enemies":"Donu and Deca","floor":50,"turns":5}],"seed_played":"6433538353452972229","potions_obtained":[{"floor":4,"key":"BlessingOfTheForge"},{"floor":8,"key":"BlessingOfTheForge"},{"floor":11,"key":"SmokeBomb"},{"floor":13,"key":"FearPotion"},{"floor":16,"key":"Energy Potion"},{"floor":23,"key":"GamblersBrew"},{"floor":28,"key":"SpeedPotion"},{"floor":30,"key":"SpeedPotion"},{"floor":42,"key":"DuplicationPotion"},{"floor":44,"key":"PowerPotion"},{"floor":45,"key":"CultistPotion"},{"floor":47,"key":"SteroidPotion"}],"is_trial":false,"path_per_floor":["M","?","M","M","$","E","$","M","T","E","M","R","M","?","R","B",null,"M","$","M","T","?","E","R","M","T","$","E","?","M","?","R","B",null,"M","?","?","$","?","R","E","M","T","E","M","$","M","?","R","B",null],"character_chosen":"IRONCLAD","items_purchased":["Spot Weakness","Anchor","DollysMirror","Shrug It Off","Offering"],"campfire_rested":1,"item_purchase_floors":[5,5,19,19,27],"current_hp_per_floor":[77,77,80,80,80,64,64,70,70,40,26,26,32,32,32,32,80,80,80,80,80,80,61,61,55,55,55,36,36,42,42,42,26,80,80,76,76,76,66,66,72,76,76,28,40,55,42,42,42,13],"gold":120,"neow_bonus":"THREE_CARDS","is_daily":false,"chose_seed":false,"campfire_upgraded":5,"win_rate":0.0,"timestamp":1612405061,"path_taken":["M","?","M","M","?","E","$","M","T","E","M","R","M","?","R","BOSS","M","$","?","?","?","E","R","M","T","$","E","?","M","?","R","BOSS","M","?","?","$","?","R","E","M","T","E","M","$","M","?","R","BOSS"],"items_purchased_type":["Card","Relic","Relic","Card","Card"],"build_version":"2020-12-22","purchased_purges":2,"victory":true,"max_hp_per_floor":[80,80,80,80,80,80,80,80,80,80,80,80,80,80,80,80,80,80,80,80,80,80,80,80,80,80,80,80,80,80,80,80,80,80,80,76,76,76,76,76,76,76,76,76,76,76,76,76,76,76],"card_choices":[{"not_picked":["Flex","Burning Pact"],"picked":"Sword Boomerang","floor":0},{"not_picked":["Metallicize","Disarm"],"picked":"Perfected Strike","floor":1},{"not_picked":["Fire Breathing","Flex"],"picked":"Headbutt","floor":3},{"not_picked":["Blood for Blood","Armaments"],"picked":"Cleave","floor":4},{"not_picked":["Reckless Charge","Sword Boomerang","Pommel Strike"],"picked":"SKIP","floor":6},{"not_picked":["Pommel Strike","Headbutt","Fire Breathing"],"picked":"SKIP","floor":8},{"not_picked":["Whirlwind","Clash"],"picked":"Iron Wave","floor":10},{"not_picked":["Feel No Pain","Iron Wave"],"picked":"Pummel","floor":11},{"not_picked":["Anger","Headbutt"],"picked":"Battle Trance","floor":13},{"not_picked":["Bludgeon","Brutality"],"picked":"Limit Break","floor":16},{"not_picked":["Body Slam","Spot Weakness"],"picked":"Shrug It Off","floor":18},{"not_picked":["Body Slam","Sword Boomerang"],"picked":"Pummel","floor":20},{"not_picked":["Infernal Blade","Dropkick"],"picked":"Shockwave","floor":23},{"not_picked":["Intimidate","Anger"],"picked":"Shockwave+1","floor":25},{"not_picked":["Rampage","Flex"],"picked":"Ghostly Armor+1","floor":28},{"not_picked":["Fire Breathing","Headbutt+1","Anger+1"],"picked":"SKIP","floor":30},{"not_picked":["Clash","Perfected Strike"],"picked":"Intimidate+1","floor":35},{"not_picked":["Forethought","Mind Blast"],"picked":"Madness","floor":39},{"not_picked":["Dark Shackles","The Bomb"],"picked":"Enlightenment","floor":39},{"not_picked":["Thunderclap+1","Flex+1","Bludgeon"],"picked":"SKIP","floor":41},{"not_picked":["Headbutt","Feel No Pain+1","Clothesline+1"],"picked":"SKIP","floor":42},{"not_picked":["Bloodletting","Shockwave","Perfected Strike"],"picked":"SKIP","floor":44},{"not_picked":["Warcry","Power Through"],"picked":"True Grit+1","floor":45},{"not_picked":["Body Slam","Offering"],"picked":"Flame Barrier+1","floor":47}],"player_experience":33658,"relics_obtained":[{"floor":6,"key":"Pocketwatch"},{"floor":9,"key":"Mercury Hourglass"},{"floor":10,"key":"Bag of Preparation"},{"floor":21,"key":"Du-Vu Doll"},{"floor":23,"key":"MawBank"},{"floor":26,"key":"Juzu Bracelet"},{"floor":28,"key":"Red Skull"},{"floor":41,"key":"MealTicket"},{"floor":43,"key":"White Beast Statue"},{"floor":44,"key":"Pen Nib"}],"event_choices":[{"damage_healed":0,"gold_gain":100,"player_choice":"Pray","damage_taken":0,"max_hp_gain":0,"max_hp_loss":0,"event_name":"Golden Shrine","floor":2,"gold_loss":0},{"cards_removed":["Strike_R"],"damage_healed":0,"gold_gain":0,"player_choice":"Offered Basic","damage_taken":0,"max_hp_gain":0,"max_hp_loss":0,"event_name":"Bonfire Elementals","floor":14,"gold_loss":0},{"damage_healed":0,"gold_gain":0,"player_choice":"Inject Mutagens","damage_taken":0,"relics_obtained":["MutagenicStrength"],"max_hp_gain":0,"max_hp_loss":0,"event_name":"Drug Dealer","floor":22,"gold_loss":0},{"damage_healed":0,"gold_gain":0,"player_choice":"Bought 0 Potions","damage_taken":0,"max_hp_gain":0,"max_hp_loss":0,"event_name":"The Woman in Blue","floor":29,"gold_loss":0},{"damage_healed":0,"gold_gain":0,"player_choice":"Paid Fearfully","damage_taken":0,"max_hp_gain":0,"max_hp_loss":0,"event_name":"Masked Bandits","floor":31,"gold_loss":87},{"damage_healed":0,"gold_gain":0,"player_choice":"Max HP","damage_taken":0,"max_hp_gain":0,"max_hp_loss":4,"event_name":"Winding Halls","floor":36,"gold_loss":0},{"damage_healed":0,"gold_gain":0,"player_choice":"Upgraded","damage_taken":0,"max_hp_gain":0,"max_hp_loss":0,"event_name":"Upgrade Shrine","floor":37,"gold_loss":0,"cards_upgraded":["Pummel"]},{"damage_healed":0,"gold_gain":0,"player_choice":"Memory 3","damage_taken":10,"max_hp_gain":0,"max_hp_loss":0,"event_name":"SensoryStone","floor":39,"gold_loss":0},{"damage_healed":0,"gold_gain":0,"player_choice":"Upgrade","damage_taken":0,"relics_obtained":["Mark of the Bloom"],"max_hp_gain":0,"max_hp_loss":0,"event_name":"MindBloom","floor":48,"gold_loss":0,"cards_upgraded":["Strike_R","Strike_R","Strike_R","Defend_R","Defend_R","Defend_R","Defend_R","Bash","Sword Boomerang","Headbutt","Cleave","Pummel","Battle Trance","Shrug It Off","Shrug It Off","Shockwave","Offering","Enlightenment"]}],"is_beta":false,"boss_relics":[{"not_picked":["Cursed Key","Busted Crown"],"picked":"Runic Pyramid"},{"not_picked":["Philosopher\u0027s Stone","Tiny House"],"picked":"Black Blood"}],"items_purged_floors":[19,38],"is_endless":false,"potions_floor_spawned":[4,8,11,13,16,23,28,30,42,44,45,47],"ascension_level":2}}