{"host":"wuernuywc9gl215o","time":1612461223,"event":{"mods":["AchievementEnabler","BaseMod","Block Reminder","Highlight Path","Key Reminder","Minty Spire (QoL Compilation)","Permanent Neow","Potion Indicator Mod","Quick Restart","Relic Stats"],"gold_per_floor":[118,118,128,140,415,446,466,476,551,551,551,551,598,33,33,33,33],"floor_reached":16,"language":"ENG","playtime":552,"items_purged":["Regret"],"score":200,"play_id":"b1ea46ee-5d13-4bd9-95c3-1749980cb627","local_time":"20210204175343","is_ascension_mode":true,"campfire_choices":[{"data":"Carnage","floor":11,"key":"SMITH"},{"data":"Body Slam","floor":15,"key":"SMITH"}],"circlet_count":0,"master_deck":["AscendersBane","Strike_R","Strike_R","Strike_R+1","Strike_R","Strike_R+1","Defend_R","Defend_R","Defend_R","Defend_R","Bash","Inflame","Seeing Red","Carnage+1","Anger","Disarm","Feed","Body Slam+1"],"relics":["Coffee Dripper","Mango","Letter Opener","Ginger","Whetstone","Potion Belt"],"acts_visited":["Exordium"],"potions_floor_usage":[8,16,16],"damage_taken":[{"damage":2.0,"enemies":"2 Louse","floor":1.0,"turns":3.0},{"damage":0,"enemies":"Small Slimes","floor":3,"turns":3},{"damage":0,"enemies":"Cultist","floor":4,"turns":2},{"damage":34,"enemies":"Gremlin Nob","floor":6,"turns":4},{"damage":7,"enemies":"3 Louse","floor":7,"turns":5},{"damage":13,"enemies":"Blue Slaver","floor":8,"turns":2},{"damage":9,"enemies":"Slime Boss","floor":16,"turns":5}],"seed_played":"-7767139853282311229","potions_obtained":[{"floor":3,"key":"Energy Potion"},{"floor":4,"key":"Energy Potion"},{"floor":7,"key":"AttackPotion"},{"floor":8,"key":"SteroidPotion"}],"is_trial":false,"path_per_floor":["M","?","M","M","?","E","M","M","T","?","R","?","T","$","R","B"],"character_chosen":"IRONCLAD","items_purchased":["Feed","Potion Belt","HeartOfIron","Body Slam"],"campfire_rested":0,"item_purchase_floors":[14,14,14,14],"current_hp_per_floor":[66,66,66,66,66,46,39,26,26,26,26,8,8,8,8,0,0],"gold":33,"neow_bonus":"BOSS_RELIC","is_daily":false,"chose_seed":false,"campfire_upgraded":2,"win_rate":0.0,"timestamp":1612461223,"path_taken":["M","?","M","M","?","E","?","M","T","?","R","?","?","$","R","BOSS"],"items_purchased_type":["Card","Relic","Potion","Card"],"build_version":"2020-12-22","purchased_purges":1,"victory":false,"max_hp_per_floor":[75,75,75,75,75,89,89,89,89,89,89,89,89,89,89,89,89],"relic_stats":{"counters":[7,24],"Letter Opener":[0],"Ginger":[0],"Whetstone":["Strike_R","Strike_R"],"obtain_stats":[{"Potion Belt":14,"Mango":6,"Coffee Dripper":0,"Letter Opener":9,"Ginger":12,"Whetstone":13,"Burning Blood":0},{"Potion Belt":6,"Mango":4,"Coffee Dripper":0,"Letter Opener":6,"Ginger":6,"Whetstone":6,"Burning Blood":0},{"Potion Belt":19,"Mango":12,"Coffee Dripper":0,"Letter Opener":19,"Ginger":19,"Whetstone":19,"Burning Blood":0}]},"card_choices":[{"not_picked":["Thunderclap","Uppercut"],"picked":"Inflame","floor":1.0},{"not_picked":["Pommel Strike","Body Slam"],"picked":"Seeing Red","floor":3},{"not_picked":["Warcry","Disarm"],"picked":"Carnage","floor":4},{"not_picked":["Havoc","Seeing Red","Heavy Blade"],"picked":"SKIP","floor":6},{"not_picked":["Flex","Dropkick"],"picked":"Anger","floor":7},{"not_picked":["Havoc","Flex"],"picked":"Disarm","floor":8}],"player_experience":816685,"relics_obtained":[{"floor":6,"key":"Mango"},{"floor":9,"key":"Letter Opener"},{"floor":13,"key":"Whetstone"}],"event_choices":[{"damage_healed":0.0,"max_hp_gain":0.0,"max_hp_loss":0.0,"gold_gain":0.0,"event_name":"Shining Light","player_choice":"Ignored","floor":2.0,"gold_loss":0.0,"damage_taken":0.0},{"damage_healed":0,"gold_gain":275,"player_choice":"Desecrate","damage_taken":0,"max_hp_gain":0,"max_hp_loss":0,"event_name":"Golden Shrine","floor":5,"gold_loss":0,"cards_obtained":["Regret"]},{"damage_healed":0,"gold_gain":0,"player_choice":"Ignored","damage_taken":0,"max_hp_gain":0,"max_hp_loss":0,"event_name":"Liars Game","floor":10,"gold_loss":0},{"damage_healed":0,"gold_gain":0,"player_choice":"Success","damage_taken":18,"relics_obtained":["Ginger"],"max_hp_gain":0,"max_hp_loss":0,"event_name":"Scrap Ooze","floor":12,"gold_loss":0}],"is_beta":false,"boss_relics":[],"items_purged_floors":[14],"is_endless":false,"potions_floor_spawned":[3,4,7,8],"killed_by":"Slime Boss","ascension_level":20}}