{"host":"cgwysqtmt736mr58","time":1612408491,"event":{"mods":["2.2 Compatiblity","Aspiration","BaseMod","Beaked The Cultist","BetterRewards","Colored Map","Colored Powertips","Downfall","Duelist Mod","GifTheSpireLib","Googly Eyes","Halation","Hermit","Hubris","Infinite Spire","Lobotomy","LobotomyExtend","Marisa????????","Minty Spire (QoL Compilation)","Relic Stats","Replay The Spire","Shade Mod","Shop Mod","StSLib","The Construct","The Cursed","The Disciple","The Exalted","The Jungle","The Necromancer","The Runesmith","The Wild Card","Waifu the Spire","Yuri Mod"],"gold_per_floor":[99,110,125,141,155,155,155,92,92,124,124,124,124,124,139,234,234,234,234,253,266,266,266,266,266,266,297,307,307,307,317,337,442,442,442,453,312,312,312,327,327,327,342,342,342,375,385,334,349,349,349],"floor_reached":52,"language":"ENG","playtime":3773,"items_purged":["Pain"],"score":865,"play_id":"2983ece3-9ce4-432a-82e6-3c36379e5d11","local_time":"20210204141451","is_ascension_mode":true,"campfire_choices":[{"data":"Slimebound:SplitSpecialist","floor":13,"key":"SMITH"},{"data":"Slimebound:RallyTheTroops","floor":18,"key":"SMITH"},{"data":"Slimebound:PressTheAttack","floor":23,"key":"SMITH"},{"data":"Slimebound:SplitMire","floor":25,"key":"SMITH"},{"data":"Slimebound:Gluttony","floor":35,"key":"SMITH"},{"floor":45,"key":"REST"}],"circlet_count":0,"master_deck":["Slimebound:Strike_Slimebound","Slimebound:Strike_Slimebound","Slimebound:Strike_Slimebound","Slimebound:Tackle","Slimebound:Defend_Slimebound","Slimebound:Defend_Slimebound","Slimebound:Defend_Slimebound+1","Slimebound:Defend_Slimebound+1","Slimebound:Split","Slimebound:CorrosiveSpit","Slimebound:PressTheAttack+1","Slimebound:HauntingLick+1","Slimebound:ItLooksTasty","Slimebound:SplitSpecialist+1","Slimebound:ItLooksTasty","Slimebound:GrowthPunch","Slimebound:Schlurp","Slimebound:RallyTheTroops+1","Slimebound:LeechEnergy","Slimebound:SplitAcid","Slimebound:MegaLick","Slimebound:RejuvenatingLick","Slimebound:Repurpose","Slimebound:Gluttony+1","Slimebound:LeechingTouch+1","Slimebound:GoopSpray","Slimebound:TongueLash","Slimebound:Recycling","Slimebound:SpikyOuterGoop","Slimebound:Gluttony+1","Slimebound:TongueLash+1","Slimebound:SpikyOuterGoop","Slimebound:DuplicatedForm","Slimebound:SamplingLick+1","Slimebound:AcidTongue","Slimebound:SamplingLick+1","Slimebound:LeadByExample","Slimebound:RejuvenatingLick+1"],"relics":["Slimebound:AbsorbEndCombatUpgraded","aspiration:ArtOfWarUpgrade","LetterFromLob","Replay:Towering Pillar of Hats","construct:FoamFinger","Empty Cage","yuri:PortableGlitches","Prayer Wheel","OrangePellets","WarpedTongs","Shuriken","halation:PinkSoulGem","Slimebound:PreparedRelic","Ancient Tea Set","infinitespire:CursedDice"],"acts_visited":["Exordium","TheCity","TheBeyond"],"potions_floor_usage":[5,21,33,33,46],"damage_taken":[{"damage":12,"enemies":"Jaw Worm","floor":2,"turns":5},{"damage":1,"enemies":"Cultist","floor":3,"turns":4},{"damage":9,"enemies":"Small Slimes","floor":4,"turns":4},{"damage":7,"enemies":"3 Louse","floor":5,"turns":3},{"damage":0,"enemies":"downfall:FleeingMerchant","floor":8,"turns":4},{"damage":6,"enemies":"Replay:BlueRogue","floor":10,"turns":2},{"damage":0,"enemies":"2 Fungi Beasts","floor":15,"turns":2},{"damage":17,"enemies":"WA_ARCHETYPE_RETAIN","floor":16,"turns":6},{"damage":1,"enemies":"Shell Parasite","floor":20,"turns":2},{"damage":0,"enemies":"Snecko","floor":21,"turns":3},{"damage":41,"enemies":"Book of Stabbing","floor":27,"turns":5},{"damage":6,"enemies":"3 Cultists","floor":28,"turns":4},{"damage":14,"enemies":"Chosen and Byrds","floor":31,"turns":5},{"damage":23,"enemies":"Snake Plant","floor":32,"turns":3},{"damage":15,"enemies":"IC_MUSHROOM_ARCHETYPE","floor":33,"turns":6},{"damage":16,"enemies":"3 Darklings","floor":36,"turns":4},{"damage":6,"enemies":"downfall:FleeingMerchant","floor":37,"turns":4},{"damage":10,"enemies":"Orb Walker","floor":40,"turns":2},{"damage":28,"enemies":"Maw","floor":43,"turns":6},{"damage":17,"enemies":"beaked:SuperParasite","floor":46,"turns":5},{"damage":37,"enemies":"Sphere and 2 Shapes","floor":47,"turns":5},{"damage":0,"enemies":"downfall:FleeingMerchant","floor":48,"turns":3},{"damage":9,"enemies":"4 Shapes","floor":49,"turns":4},{"damage":38,"enemies":"SI_POISON_ARCHETYPE","floor":50,"turns":8}],"seed_played":"3626843705859623497","potions_obtained":[{"floor":4,"key":"Swift Potion"},{"floor":10,"key":"ColorlessPotion"},{"floor":15,"key":"sneckomod:MuddlingPotion"},{"floor":21,"key":"Elixir"},{"floor":27,"key":"bronze:BurnAndBuffPotion"},{"floor":36,"key":"Toxic Potion"},{"floor":40,"key":"Elixir"},{"floor":46,"key":"Milkshake"}],"is_trial":false,"path_per_floor":["R_BF","M","M","M","M","R","T","$","R","E","?","?","R","?","M","B",null,"R","M","M","M","?","R","T","R","?","E","M","AVR","?","M","M","B",null,"R","M","$","?","?","M","T","?","M","T","R","E","M","$","M","B",null,null],"character_chosen":"SLIMEBOUND","items_purchased":["Slimebound:SplitMire","Slimebound:TongueLash+1","Slimebound:LeadByExample","infinitespire:CursedDice"],"campfire_rested":1,"item_purchase_floors":[8,37,48,48],"current_hp_per_floor":[71,63,70,65,66,66,66,70,70,71,71,71,71,71,71,58,71,71,71,71,71,71,71,71,71,71,38,40,40,40,34,19,12,71,71,67,71,71,71,64,64,64,51,51,71,71,49,58,61,53,53],"gold":349,"neow_bonus":"TEN_PERCENT_HP_BONUS","is_daily":false,"chose_seed":false,"campfire_upgraded":5,"win_rate":0.0,"timestamp":1612408491,"path_taken":["R_BF","M","M","M","M","R","T","$","R","E","?","?","R","?","M","BOSS","R","M","M","M","?","R","T","R","?","E","M","AVR","?","?","M","BOSS","R","M","$","?","?","M","T","?","M","?","R","E","?","$","M","BOSS"],"items_purchased_type":["Card","Card","Card","Relic"],"build_version":"2020-12-22","purchased_purges":1,"victory":true,"max_hp_per_floor":[71,71,71,71,71,71,71,71,71,71,71,71,71,71,71,71,71,71,71,71,71,71,71,71,71,71,71,71,71,71,71,71,71,71,71,71,71,71,71,71,71,71,71,71,71,71,71,71,71,71,71],"relic_stats":{"OrangePellets":[8],"counters":[24,99],"Shuriken":[9],"Prayer Wheel":8,"obtain_stats":[{"construct:FoamFinger":10,"Replay:Towering Pillar of Hats":7,"infinitespire:CursedDice":48,"Empty Cage":17,"halation:StarCompass":22,"Ancient Tea Set":46,"WarpedTongs":30,"OrangePellets":29,"Shuriken":41,"aspiration:ArtOfWarUpgrade":9,"Prayer Wheel":27,"Slimebound:PreparedRelic":44,"Slimebound:AbsorbEndCombat":0,"Art of War":1,"LetterFromLob":2,"yuri:PortableGlitches":24,"Slimebound:AbsorbEndCombatUpgraded":34,"halation:PinkSoulGem":42},{"construct:FoamFinger":6,"Replay:Towering Pillar of Hats":4,"infinitespire:CursedDice":22,"Empty Cage":8,"halation:StarCompass":10,"Ancient Tea Set":20,"WarpedTongs":12,"OrangePellets":12,"Shuriken":18,"aspiration:ArtOfWarUpgrade":5,"Prayer Wheel":11,"Slimebound:PreparedRelic":19,"Slimebound:AbsorbEndCombat":0,"Art of War":0,"LetterFromLob":1,"yuri:PortableGlitches":10,"Slimebound:AbsorbEndCombatUpgraded":15,"halation:PinkSoulGem":18},{"construct:FoamFinger":22,"Replay:Towering Pillar of Hats":16,"infinitespire:CursedDice":87,"Empty Cage":30,"halation:StarCompass":35,"Ancient Tea Set":79,"WarpedTongs":44,"OrangePellets":44,"Shuriken":68,"aspiration:ArtOfWarUpgrade":20,"Prayer Wheel":40,"Slimebound:PreparedRelic":74,"Slimebound:AbsorbEndCombat":0,"Art of War":0,"LetterFromLob":5,"yuri:PortableGlitches":35,"Slimebound:AbsorbEndCombatUpgraded":58,"halation:PinkSoulGem":68}],"WarpedTongs":[55]},"card_choices":[{"not_picked":["Slimebound:SplitMire","Slimebound:DivideAndConquer"],"picked":"Slimebound:PressTheAttack","floor":2},{"not_picked":["Slimebound:SlimeSpikes","Slimebound:Recycling"],"picked":"Slimebound:HauntingLick","floor":3},{"not_picked":["Slimebound:GoopTackle","Slimebound:Chomp"],"picked":"Slimebound:ItLooksTasty","floor":4},{"not_picked":["Slimebound:SplitAcid","Slimebound:SlimeSpikes"],"picked":"Slimebound:SplitSpecialist","floor":5},{"not_picked":["Slimebound:FlameTackle","Slimebound:BestDefense"],"picked":"Slimebound:ItLooksTasty","floor":8},{"not_picked":["Slimebound:BestDefense","Slimebound:LeechEnergy"],"picked":"Slimebound:GrowthPunch","floor":10},{"not_picked":["Slimebound:ServeAndProtect","Slimebound:Replication"],"picked":"Slimebound:DisruptingSlam","floor":15},{"not_picked":["Slimebound:Teamwork","Slimebound:MassRepurpose"],"picked":"Slimebound:RallyTheTroops","floor":16},{"not_picked":["Slimebound:RollThrough","Slimebound:GoopTackle"],"picked":"Slimebound:LeechEnergy","floor":20},{"not_picked":["Slimebound:LeechEnergy","Slimebound:ComboTackle"],"picked":"Slimebound:SplitAcid","floor":21},{"not_picked":["Slimebound:SlimeBarrage","Slimebound:SlimeSlap"],"picked":"Slimebound:MegaLick","floor":27},{"not_picked":["Slimebound:SlimeSpikes","Slimebound:RollThrough"],"picked":"Slimebound:RejuvenatingLick","floor":28},{"not_picked":["Slimebound:HungryTackle","Slimebound:SplitLeeching"],"picked":"Slimebound:Repurpose","floor":28},{"not_picked":["Slimebound:PrepareCrush","Slimebound:ProtectTheBoss"],"picked":"Slimebound:Gluttony","floor":31},{"not_picked":["Slimebound:ServeAndProtect","Slimebound:DivideAndConquer"],"picked":"Slimebound:LeechingTouch+1","floor":31},{"not_picked":["Slimebound:LivingWall","Slimebound:RollThrough"],"picked":"Slimebound:GoopSpray","floor":32},{"not_picked":["Slimebound:FormOfPuddle","Slimebound:Schlurp"],"picked":"Slimebound:TongueLash","floor":32},{"not_picked":["Slimebound:DouseInSlime","Slimebound:FirmFortitude"],"picked":"Slimebound:Recycling","floor":33},{"not_picked":["Slimebound:Schlurp","Slimebound:LeechingTouch+1"],"picked":"Slimebound:SpikyOuterGoop","floor":36},{"not_picked":["Slimebound:RollThrough+1","Slimebound:SlimeBarrage","Slimebound:SplitAcid"],"picked":"SKIP","floor":36},{"not_picked":["Slimebound:FormOfPuddle+1","Slimebound:SlimeSpikes"],"picked":"Slimebound:Gluttony+1","floor":37},{"not_picked":["Slimebound:SlimeTap+1","Slimebound:ServeAndProtect"],"picked":"Slimebound:SpikyOuterGoop","floor":40},{"not_picked":["Slimebound:SplitBruiser+1","Slimebound:Dissolve+1","Slimebound:RollThrough+1"],"picked":"SKIP","floor":40},{"not_picked":["Slimebound:Schlurp","Slimebound:ProtectTheBoss"],"picked":"Slimebound:DuplicatedForm","floor":43},{"not_picked":["Slimebound:ViciousTackle+1","Slimebound:MegaLick+1"],"picked":"Slimebound:SamplingLick+1","floor":43},{"not_picked":["Slimebound:FormOfPuddle+1","Slimebound:Dissolve"],"picked":"Slimebound:AcidTongue","floor":46},{"not_picked":["Slimebound:SplitBruiser+1","Slimebound:Prepare+1"],"picked":"Slimebound:SamplingLick+1","floor":47},{"not_picked":["Slimebound:AcidTongue","Slimebound:RainOfGoop+1","Slimebound:SplitLeeching+1"],"picked":"SKIP","floor":47},{"not_picked":["Slimebound:SplitAcid+1","Slimebound:GoopTackle+1","Slimebound:GoopSpray+1"],"picked":"SKIP","floor":48},{"not_picked":["Slimebound:GoopSpray+1","Slimebound:LeechingTouch+1"],"picked":"Slimebound:RejuvenatingLick+1","floor":49},{"not_picked":["Slimebound:PrepareCrush","Slimebound:Schlurp","Slimebound:AcidTongue+1"],"picked":"SKIP","floor":49}],"player_experience":1087313,"relics_obtained":[{"floor":1,"key":"Art of War"},{"floor":2,"key":"LetterFromLob"},{"floor":7,"key":"Replay:Towering Pillar of Hats"},{"floor":10,"key":"construct:FoamFinger"},{"floor":24,"key":"yuri:PortableGlitches"},{"floor":27,"key":"Prayer Wheel"},{"floor":41,"key":"Shuriken"},{"floor":44,"key":"Slimebound:PreparedRelic"},{"floor":46,"key":"Ancient Tea Set"}],"event_choices":[{"damage_healed":0,"gold_gain":0,"player_choice":"Rummage","damage_taken":0,"relics_obtained":["WarpedTongs"],"max_hp_gain":0,"max_hp_loss":0,"event_name":"Accursed Blacksmith","floor":30,"gold_loss":0,"cards_obtained":["Pain"]},{"cards_removed":["Slimebound:SplitMire"],"damage_healed":0,"gold_gain":0,"player_choice":"Removed Skill","damage_taken":0,"max_hp_gain":0,"max_hp_loss":0,"event_name":"Falling","floor":38,"gold_loss":0}],"is_beta":false,"boss_relics":[{"not_picked":["aspiration:FutureDiary","Replay:Drink Me"],"picked":"Empty Cage"},{"not_picked":["aspiration:WatcherSkillbook","hubris:RunicObelisk"],"picked":"Slimebound:AbsorbEndCombatUpgraded"}],"items_purged_floors":[37],"is_endless":false,"potions_floor_spawned":[4,10,15,21,27,36,40,46],"ascension_level":4}}