{"host":"5h6e4l6hpn0p5lap","time":1612402519,"event":{"mods":["AchievementEnabler","BaseMod","Better Altar","Better Match","Better Sensory Stone","Better Skull","Better Third Choice","Colored Map","Filter the Spire","Minty Spire (QoL Compilation)","StSLib"],"gold_per_floor":[117,131,131,96,96,96,140,140,140,140,166,166,195,217,217,328,328,345,345,354,377,400,91,91,117,149,149,149,158,184,204,204,315,315,340,349,367,367,111,138,147,147,156,186,186,207,207,230,230,230,230,230,38,80,80,80],"floor_reached":55,"language":"ENG","playtime":2583,"items_purged":["Shame","Regret","Regret"],"score":743,"play_id":"d8d60339-a605-4df1-a54e-a71a47973aca","local_time":"20210203203519","is_ascension_mode":false,"campfire_choices":[{"data":"Eruption","floor":6,"key":"SMITH"},{"data":"Blasphemy","floor":8,"key":"SMITH"},{"data":"WheelKick","floor":12,"key":"SMITH"},{"data":"Fasting2","floor":15,"key":"SMITH"},{"data":"BowlingBash","floor":24,"key":"SMITH"},{"data":"EmptyBody","floor":28,"key":"SMITH"},{"data":"Perseverance","floor":32,"key":"SMITH"},{"floor":42,"key":"RECALL"},{"floor":45,"key":"REST"},{"floor":47,"key":"REST"},{"floor":49,"key":"REST"},{"floor":52,"key":"REST"}],"circlet_count":0,"master_deck":["Strike_P+1","Strike_P+1","Strike_P+1","Strike_P+1","Defend_P+1","Defend_P+1","Defend_P+1","Defend_P+1","Eruption+1","Vigilance+1","FlurryOfBlows+1","Sanctity+1","Blasphemy+1","WheelKick+1","Fasting2+1","Halt+1","LessonLearned+1","BowlingBash+1","Consecrate+1","EmptyBody+1","Dark Shackles+1","BattleHymn+1","Decay","Perseverance+1","Vault+1","Perseverance+1","Magnetism+1","Clumsy","Wallop","Wireheading+1","DeceiveReality","Wallop+1"],"relics":["PureWater","Tiny Chest","CeramicFish","Yang","Blue Candle","Cursed Key","Bag of Marbles","Bronze Scales","Juzu Bracelet","MealTicket","Dead Branch","Fusion Hammer","Vajra","Toy Ornithopter","Pen Nib","Sundial","Boot"],"acts_visited":["Exordium","TheCity","TheBeyond","TheEnding"],"potions_floor_usage":[7,21,30,30,40,40,40,44,50],"damage_taken":[{"damage":6,"enemies":"2 Louse","floor":1,"turns":4},{"damage":2,"enemies":"Small Slimes","floor":2,"turns":5},{"damage":6,"enemies":"Gremlin Nob","floor":7,"turns":3},{"damage":1,"enemies":"Jaw Worm","floor":11,"turns":3},{"damage":5,"enemies":"Large Slime","floor":13,"turns":4},{"damage":0,"enemies":"2 Fungi Beasts","floor":14,"turns":3},{"damage":15,"enemies":"The Guardian","floor":16,"turns":11},{"damage":0,"enemies":"Shell Parasite","floor":18,"turns":3},{"damage":3,"enemies":"3 Byrds","floor":21,"turns":5},{"damage":4,"enemies":"Snecko","floor":22,"turns":5},{"damage":0,"enemies":"Centurion and Healer","floor":25,"turns":4},{"damage":8,"enemies":"Slavers","floor":30,"turns":3},{"damage":0,"enemies":"Snake Plant","floor":31,"turns":3},{"damage":10,"enemies":"Collector","floor":33,"turns":5},{"damage":1,"enemies":"3 Darklings","floor":35,"turns":3},{"damage":2,"enemies":"3 Shapes","floor":37,"turns":3},{"damage":14,"enemies":"Nemesis","floor":40,"turns":3},{"damage":3,"enemies":"Reptomancer","floor":44,"turns":5},{"damage":2,"enemies":"Transient","floor":46,"turns":5},{"damage":7,"enemies":"Sphere and 2 Shapes","floor":48,"turns":3},{"damage":28,"enemies":"Time Eater","floor":50,"turns":6},{"damage":28,"enemies":"Shield and Spear","floor":54,"turns":5},{"damage":70,"enemies":"The Heart","floor":55,"turns":3}],"seed_played":"-4125481109602713906","potions_obtained":[{"floor":1,"key":"PowerPotion"},{"floor":11,"key":"LiquidMemories"},{"floor":14,"key":"SpeedPotion"},{"floor":18,"key":"FearPotion"},{"floor":25,"key":"Fire Potion"},{"floor":33,"key":"Block Potion"},{"floor":37,"key":"EssenceOfSteel"},{"floor":40,"key":"BottledMiracle"},{"floor":46,"key":"Strength Potion"},{"floor":48,"key":"Ancient Potion"}],"is_trial":false,"path_per_floor":["M","M","?","?","?","R","E","R","T","T","M","R","M","M","R","B",null,"M","?","T","M","M","$","R","M","T","?","R","T","E","M","R","B",null,"M","T","M","?","$","E","?","R","T","E","R","M","R","M","R","B",null,"R","$","E","B"],"character_chosen":"WATCHER","items_purchased":["EmptyBody","Dark Shackles","Bronze Scales","Vajra","DeceiveReality"],"campfire_rested":4,"item_purchase_floors":[23,23,23,39,53],"current_hp_per_floor":[66,64,50,68,73,73,67,67,67,67,66,66,61,61,61,46,77,77,77,77,74,70,70,70,70,70,70,70,70,62,62,62,52,77,76,76,74,74,77,63,63,63,63,65,77,75,77,70,77,50,77,77,77,49,0,0],"gold":80,"neow_bonus":"RANDOM_COMMON_RELIC","is_daily":false,"chose_seed":false,"campfire_upgraded":7,"win_rate":0.0,"timestamp":1612402519,"path_taken":["M","M","?","?","?","R","E","R","T","?","?","R","?","M","R","BOSS","M","?","?","M","M","?","R","M","T","?","R","?","E","M","R","BOSS","M","?","M","?","$","E","?","R","T","E","R","M","R","M","R","BOSS","R","$","E","BOSS"],"items_purchased_type":["Card","Card","Relic","Relic","Card"],"build_version":"2020-12-22","purchased_purges":3,"victory":false,"max_hp_per_floor":[72,72,72,72,77,77,77,77,77,77,77,77,77,77,77,77,77,77,77,77,77,77,77,77,77,77,77,77,77,77,77,77,77,77,77,77,77,77,77,77,77,77,77,77,77,77,77,77,77,77,77,77,77,77,77,77],"card_choices":[{"not_picked":["Swivel","EmptyBody"],"picked":"FlurryOfBlows","floor":1},{"not_picked":["InnerPeace","LikeWater"],"picked":"Sanctity","floor":2},{"not_picked":["EmptyBody","CutThroughFate"],"picked":"Blasphemy","floor":7},{"not_picked":["FollowUp","EmptyBody"],"picked":"WheelKick","floor":11},{"not_picked":["Pray","CrushJoints"],"picked":"Fasting2","floor":13},{"not_picked":["Adaptation","SandsOfTime"],"picked":"Halt","floor":14},{"not_picked":["Establishment","MasterReality"],"picked":"LessonLearned","floor":16},{"not_picked":["Protect","CrushJoints","WheelKick"],"picked":"SKIP","floor":18},{"not_picked":["Crescendo","Prostrate"],"picked":"BowlingBash","floor":21},{"not_picked":["Prostrate","Indignation"],"picked":"Consecrate+1","floor":22},{"not_picked":["FlurryOfBlows","PathToVictory"],"picked":"BattleHymn","floor":25},{"not_picked":["SashWhip","FlyingSleeves","LikeWater"],"picked":"SKIP","floor":30},{"not_picked":["InnerPeace","LikeWater"],"picked":"Perseverance","floor":31},{"not_picked":["Alpha","Ragnarok"],"picked":"Vault","floor":33},{"not_picked":["ClearTheMind","EmptyBody+1"],"picked":"Perseverance+1","floor":35},{"not_picked":["ThirdEye","Nirvana+1","Collect+1"],"picked":"SKIP","floor":37},{"not_picked":["SignatureMove+1","FlyingSleeves","Adaptation"],"picked":"SKIP","floor":40},{"not_picked":["Impatience","Good Instincts"],"picked":"Magnetism","floor":41},{"not_picked":["Evaluate+1","SignatureMove","SandsOfTime"],"picked":"SKIP","floor":44},{"not_picked":["Adaptation","Consecrate+1"],"picked":"Wallop","floor":46},{"not_picked":["Conclude","Consecrate"],"picked":"Wireheading+1","floor":48},{"not_picked":["WheelKick","CutThroughFate"],"picked":"Wallop+1","floor":54}],"player_experience":1060385,"relics_obtained":[{"floor":7,"key":"CeramicFish"},{"floor":9,"key":"Yang"},{"floor":10,"key":"Blue Candle"},{"floor":20,"key":"Bag of Marbles"},{"floor":26,"key":"Juzu Bracelet"},{"floor":29,"key":"MealTicket"},{"floor":30,"key":"Dead Branch"},{"floor":40,"key":"Toy Ornithopter"},{"floor":43,"key":"Pen Nib"},{"floor":44,"key":"Sundial"},{"floor":54,"key":"Boot"}],"event_choices":[{"damage_healed":64,"gold_gain":0,"player_choice":"Upgrade","damage_taken":14,"max_hp_gain":0,"max_hp_loss":72,"event_name":"betterThird:BetterShining","floor":3,"gold_loss":0,"cards_upgraded":["Strike_P","Vigilance"]},{"damage_healed":18,"gold_gain":0,"player_choice":"Healed","damage_taken":0,"max_hp_gain":0,"max_hp_loss":0,"event_name":"The Cleric","floor":4,"gold_loss":35},{"damage_healed":0,"gold_gain":0,"player_choice":"Donut","damage_taken":0,"max_hp_gain":5,"max_hp_loss":0,"event_name":"Big Fish","floor":5,"gold_loss":0},{"damage_healed":0,"gold_gain":0,"player_choice":"Simplicity","damage_taken":0,"max_hp_gain":0,"max_hp_loss":7,"event_name":"betterThird:BetterWriting","floor":19,"gold_loss":0},{"damage_healed":0,"gold_gain":0,"player_choice":"Upgraded","damage_taken":0,"max_hp_gain":0,"max_hp_loss":0,"event_name":"Upgrade Shrine","floor":27,"gold_loss":0,"cards_upgraded":["BattleHymn"]},{"damage_healed":0,"gold_gain":0,"player_choice":"Ignored","damage_taken":0,"max_hp_gain":0,"max_hp_loss":0,"event_name":"Tomb of Lord Red Mask","floor":38,"gold_loss":0},{"damage_healed":0,"gold_gain":3,"player_choice":"1","damage_taken":0,"max_hp_gain":0,"max_hp_loss":0,"event_name":"betterStone:BetterStone","floor":41,"gold_loss":0}],"is_beta":false,"boss_relics":[{"not_picked":["Black Star","SlaversCollar"],"picked":"Cursed Key"},{"not_picked":["Coffee Dripper","Runic Pyramid"],"picked":"Fusion Hammer"}],"items_purged_floors":[23,39,53],"is_endless":false,"potions_floor_spawned":[1,11,14,18,25,33,37,40,46,48],"killed_by":"The Heart","ascension_level":0}}