{"host":"d9m9v0h6vo0edadb","time":1612458193,"event":{"mods":["BaseMod","Hermit","Keyboard Shortcuts","Minty Spire (QoL Compilation)","StSLib","SuperFastMode","The Cursed"],"gold_per_floor":[116,116,266,29,104,104,137,137,137,137,165,183,215,225,225,304,304,323,323,333,353,372,402,402,430,430,450,482,502,417,49,49,126,126,138,148,163,163,83,114,114,114,114,139,154,183,183,196,196,196,196],"floor_reached":52,"language":"KOR","playtime":1173,"items_purged":["Doubt","Strike_G+1"],"score":2336,"play_id":"d1c29d7b-8fe4-49f7-84a3-b6c620f92973","local_time":"20210205020313","is_ascension_mode":true,"campfire_choices":[{"data":"Neutralize","floor":6.0,"key":"SMITH"},{"data":"Blade Dance","floor":8.0,"key":"SMITH"},{"data":"Survivor","floor":10.0,"key":"SMITH"},{"data":"Blade Dance","floor":15.0,"key":"SMITH"},{"data":"Venomology","floor":24.0,"key":"SMITH"},{"floor":32.0,"key":"REST"},{"floor":42.0,"key":"REST"},{"data":"After Image","floor":49.0,"key":"SMITH"}],"circlet_count":0,"master_deck":["AscendersBane","Strike_G+1","Strike_G+1","Strike_G+1","Strike_G+1","Defend_G+1","Defend_G+1","Defend_G+1","Defend_G+1","Defend_G+1","Survivor+1","Neutralize+1","Blade Dance+1","Choke+1","After Image+1","Blade Dance+1","Venomology+1","Accuracy","Acrobatics","Endless Agony+1","Blur","Prepared+1","PiercingWail+1","Footwork","Regret","Calculated Gamble+1"],"relics":["Ring of the Snake","NeowsBlessing","Potion Belt","Ornamental Fan","Molten Egg 2","PreservedInsect","Nunchaku","WristBlade","Whetstone","Prayer Wheel","Lizard Tail","TungstenRod","Dead Branch","Paper Crane","Cursed Key","InkBottle","Bag of Preparation","White Beast Statue","Torii"],"acts_visited":["Exordium","TheCity","TheBeyond"],"potions_floor_usage":[50,50,51,51],"damage_taken":[{"damage":0.0,"enemies":"2 Louse","floor":1.0,"turns":1.0},{"damage":0.0,"enemies":"Lagavulin","floor":7.0,"turns":1.0},{"damage":0.0,"enemies":"3 Sentries","floor":11.0,"turns":1.0},{"damage":0.0,"enemies":"Small Slimes","floor":12.0,"turns":3.0},{"damage":10.0,"enemies":"Lagavulin","floor":13.0,"turns":7.0},{"damage":1.0,"enemies":"Jaw Worm","floor":14.0,"turns":4.0},{"damage":6.0,"enemies":"Hexaghost","floor":16.0,"turns":7.0},{"damage":11.0,"enemies":"Spheric Guardian","floor":18.0,"turns":4.0},{"damage":0.0,"enemies":"Chosen","floor":20.0,"turns":4.0},{"damage":0.0,"enemies":"Snake Plant","floor":21.0,"turns":1.0},{"damage":2.0,"enemies":"Shelled Parasite and Fungi","floor":22.0,"turns":3.0},{"damage":18.0,"enemies":"Slavers","floor":23.0,"turns":5.0},{"damage":0.0,"enemies":"Book of Stabbing","floor":25.0,"turns":2.0},{"damage":0.0,"enemies":"Snecko","floor":27.0,"turns":1.0},{"damage":3.0,"enemies":"Slavers","floor":28.0,"turns":3.0},{"damage":3.0,"enemies":"Centurion and Healer","floor":29.0,"turns":4.0},{"damage":10.0,"enemies":"Champ","floor":33.0,"turns":5.0},{"damage":0.0,"enemies":"3 Darklings","floor":35.0,"turns":5.0},{"damage":16.0,"enemies":"3 Shapes","floor":36.0,"turns":6.0},{"damage":4.0,"enemies":"Sphere and 2 Shapes","floor":37.0,"turns":2.0},{"damage":0.0,"enemies":"Reptomancer","floor":40.0,"turns":3.0},{"damage":0.0,"enemies":"Nemesis","floor":44.0,"turns":3.0},{"damage":0.0,"enemies":"Jaw Worm Horde","floor":45.0,"turns":2.0},{"damage":0.0,"enemies":"Reptomancer","floor":46.0,"turns":1.0},{"damage":0.0,"enemies":"Transient","floor":48.0,"turns":6.0},{"damage":27,"enemies":"Awakened One","floor":50,"turns":16},{"damage":21,"enemies":"Donu and Deca","floor":51,"turns":8}],"seed_played":"-3230206525755758126","potions_obtained":[{"floor":1.0,"key":"BlessingOfTheForge"},{"floor":14.0,"key":"Strength Potion"},{"floor":18.0,"key":"Strength Potion"},{"floor":21.0,"key":"DuplicationPotion"},{"floor":22.0,"key":"Weak Potion"},{"floor":23.0,"key":"BlessingOfTheForge"},{"floor":28.0,"key":"Energy Potion"},{"floor":29.0,"key":"Block Potion"},{"floor":35.0,"key":"GamblersBrew"},{"floor":48.0,"key":"Regen Potion"}],"is_trial":false,"path_per_floor":["M","?","?","$","?","R","E","R","T","R","E","M","E","M","R","B",null,"M","?","M","M","M","E","R","E","T","M","E","M","?","$","R","B",null,"M","M","M","?","$","E","$","R","T","E","M","E","?","M","R","B","B",null],"character_chosen":"THE_SILENT","items_purchased":["Potion Belt","Paper Crane","Footwork"],"campfire_rested":2,"item_purchase_floors":[4,31,39],"current_hp_per_floor":[59,64,64,64,53,53,53,53,53,53,53,53,43,42,42,36,62,51,51,51,51,49,31,31,31,31,31,28,25,25,25,46,36,62,62,46,42,42,42,42,42,63,63,63,63,63,63,63,63,36,30],"gold":196,"neow_bonus":"THREE_ENEMY_KILL","is_daily":false,"chose_seed":false,"campfire_upgraded":6,"win_rate":0.0,"timestamp":1612458193,"path_taken":["M","?","?","$","?","R","E","R","T","R","E","M","E","M","R","BOSS","M","?","M","M","M","E","R","E","T","M","E","M","?","$","R","BOSS","M","M","M","?","$","E","$","R","T","E","?","E","?","M","R","BOSS","BOSS"],"items_purchased_type":["Relic","Relic","Card"],"build_version":"2020-12-22","purchased_purges":2,"victory":true,"max_hp_per_floor":[66,71,71,71,71,71,71,71,71,71,71,71,71,71,71,71,71,71,71,71,71,71,71,71,71,71,71,71,71,71,71,71,71,71,71,71,71,71,71,71,71,71,71,71,71,71,71,71,71,71,71],"card_choices":[{"not_picked":["Caltrops","Concentrate","Flying Knee"],"picked":"SKIP","floor":1.0},{"not_picked":["Expertise","Heel Hook"],"picked":"Blade Dance","floor":7.0},{"not_picked":["Endless Agony+1","Slice+1"],"picked":"Choke+1","floor":11.0},{"not_picked":["Outmaneuver","Dagger Spray+1","Sucker Punch+1"],"picked":"SKIP","floor":12.0},{"not_picked":["Dagger Spray+1","Poisoned Stab+1"],"picked":"After Image","floor":13.0},{"not_picked":["Skewer+1","Calculated Gamble"],"picked":"Blade Dance","floor":14.0},{"not_picked":["Doppelganger","Envenom"],"picked":"Venomology","floor":16.0},{"not_picked":["Deadly Poison","Dodge and Roll","Heel Hook+1"],"picked":"SKIP","floor":18.0},{"not_picked":["Backflip","Noxious Fumes","Predator+1"],"picked":"SKIP","floor":20.0},{"not_picked":["Poisoned Stab+1","Skewer+1","Quick Slash+1"],"picked":"SKIP","floor":21.0},{"not_picked":["Infinite Blades","Deadly Poison"],"picked":"Accuracy","floor":22.0},{"not_picked":["Die Die Die+1","Cloak And Dagger","Flying Knee+1"],"picked":"SKIP","floor":23.0},{"not_picked":["Dodge and Roll","Backflip","Poisoned Stab+1"],"picked":"SKIP","floor":25.0},{"not_picked":["Bane+1","Backflip+1"],"picked":"Acrobatics","floor":27.0},{"not_picked":["Backflip","Dodge and Roll"],"picked":"Endless Agony+1","floor":27.0},{"not_picked":["Doppelganger","Backstab+1","Deadly Poison"],"picked":"SKIP","floor":28.0},{"not_picked":["Cloak And Dagger","Masterful Stab+1","Poisoned Stab+1"],"picked":"SKIP","floor":29.0},{"not_picked":["Wraith Form v2","Acrobatics","Flying Knee+1"],"picked":"SKIP","floor":29.0},{"not_picked":["Setup+1","PiercingWail"],"picked":"Blur","floor":35.0},{"not_picked":["Flying Knee+1","PiercingWail"],"picked":"Blade Dance+1","floor":35.0},{"not_picked":["Slice+1","Underhanded Strike+1","Noxious Fumes"],"picked":"SKIP","floor":36.0},{"not_picked":["Crippling Poison","Expertise","Noxious Fumes+1"],"picked":"SKIP","floor":36.0},{"not_picked":["Heel Hook+1","Footwork"],"picked":"Prepared+1","floor":37.0},{"not_picked":["Bane+1","Outmaneuver"],"picked":"PiercingWail+1","floor":37.0},{"not_picked":["Terror+1","Outmaneuver","Night Terror"],"picked":"SKIP","floor":40.0},{"not_picked":["Choke+1","Deflect","Deadly Poison"],"picked":"SKIP","floor":44.0},{"not_picked":["Quick Slash+1","Deadly Poison","Dodge and Roll"],"picked":"SKIP","floor":45.0},{"not_picked":["Eviscerate+1","PiercingWail+1","Dagger Throw+1"],"picked":"SKIP","floor":45.0},{"not_picked":["Dash+1","Distraction"],"picked":"Calculated Gamble+1","floor":46.0},{"not_picked":["Concentrate","Poisoned Stab+1","Backflip"],"picked":"SKIP","floor":48.0},{"not_picked":["Sucker Punch+1","Poisoned Stab+1","Night Terror"],"picked":"SKIP","floor":48.0}],"player_experience":1004834,"relics_obtained":[{"floor":7.0,"key":"Ornamental Fan"},{"floor":9.0,"key":"Molten Egg 2"},{"floor":11.0,"key":"PreservedInsect"},{"floor":13.0,"key":"Nunchaku"},{"floor":23.0,"key":"Whetstone"},{"floor":25.0,"key":"Prayer Wheel"},{"floor":26.0,"key":"Lizard Tail"},{"floor":28.0,"key":"TungstenRod"},{"floor":40.0,"key":"Bag of Preparation"},{"floor":44.0,"key":"White Beast Statue"},{"floor":46.0,"key":"Torii"}],"event_choices":[{"damage_healed":0.0,"max_hp_gain":5.0,"max_hp_loss":0.0,"gold_gain":0.0,"event_name":"Big Fish","player_choice":"Donut","floor":2.0,"gold_loss":0.0,"damage_taken":0.0},{"damage_healed":0.0,"max_hp_gain":0.0,"max_hp_loss":0.0,"gold_gain":150.0,"event_name":"Liars Game","player_choice":"AGREE","floor":3.0,"gold_loss":0.0,"damage_taken":0.0,"cards_obtained":["Doubt"]},{"damage_healed":0.0,"max_hp_gain":0.0,"max_hp_loss":0.0,"gold_gain":75.0,"event_name":"World of Goop","player_choice":"Gather Gold","floor":5.0,"gold_loss":0.0,"damage_taken":11.0},{"damage_healed":0.0,"max_hp_gain":0.0,"max_hp_loss":0.0,"gold_gain":0.0,"event_name":"Back to Basics","player_choice":"Simplicity","floor":19.0,"gold_loss":0.0,"damage_taken":0.0,"cards_upgraded":["Strike_G","Strike_G","Strike_G","Strike_G","Strike_G","Defend_G","Defend_G","Defend_G","Defend_G","Defend_G"]},{"damage_healed":0.0,"max_hp_gain":0.0,"max_hp_loss":0.0,"gold_gain":0.0,"event_name":"Addict","player_choice":"Obtained Relic","floor":30.0,"gold_loss":85.0,"damage_taken":0.0,"relics_obtained":["Dead Branch"]},{"damage_healed":0.0,"max_hp_gain":0.0,"max_hp_loss":0.0,"gold_gain":0.0,"event_name":"WeMeetAgain","player_choice":"Gave Potion","floor":38.0,"gold_loss":0.0,"damage_taken":0.0,"relics_obtained":["InkBottle"]},{"cards_removed":["Blade Dance"],"damage_healed":0.0,"max_hp_gain":0.0,"max_hp_loss":0.0,"gold_gain":0.0,"event_name":"Falling","player_choice":"Removed Skill","floor":47.0,"gold_loss":0.0,"damage_taken":0.0}],"is_beta":false,"boss_relics":[{"not_picked":["Snecko Eye","Calling Bell"],"picked":"WristBlade"},{"not_picked":["Empty Cage","SlaversCollar"],"picked":"Cursed Key"}],"items_purged_floors":[4,31],"is_endless":false,"potions_floor_spawned":[1,14,18,21,22,23,28,29,35,45,46,48],"ascension_level":20}}