{"host":"jbmvtpvel2a8rbg6","time":1612475728,"event":{"mods":["Aspiration","BaseMod","Better Match","Better Sensory Stone","Better Skull","Conspire","Downfall","Energized Spire","GungeonMod","Hubris","Infinite Spire","Minty Spire (QoL Compilation)","RRrroohrrRGHHhhh!!","Reliquary","Replay The Spire","StSLib","Wandering Minibosses"],"gold_per_floor":[113,131,8,8,8,40,40,51,51,51,85,99,99,113,113,218,218,238,249,264,279,348,380,406,406,406,406,425,225,245,245,245,370,370,386,386,433,490,490,490,549,564,591,608,608,608,608,533,533,535],"floor_reached":51,"language":"ENG","playtime":2157,"items_purged":["infinitespire:DeathsTouch"],"score":1055,"play_id":"e7814548-980f-4eb2-8a72-9ff8dc99d984","local_time":"20210204135528","is_ascension_mode":false,"campfire_choices":[{"data":"DemoMod:MegaHand","floor":7,"key":"SMITH"},{"data":"DemoMod:AWP","floor":10,"key":"SMITH"},{"data":"Delirium","floor":15,"key":"PURGE"},{"data":"DemoMod:AWP","floor":25,"key":"SMITH"},{"data":"DemoMod:SniperShot","floor":27,"key":"SMITH"},{"data":"hubris:Fate","floor":32,"key":"SMITH"},{"data":"DemoMod:FortunesFavor","floor":40,"key":"SMITH"},{"data":"DemoMod:CrossBow","floor":47,"key":"SMITH"},{"data":"DemoMod:BattleInHaste","floor":49,"key":"SMITH"}],"circlet_count":0,"master_deck":["DemoMod:Strike_Huntress","DemoMod:Strike_Huntress","DemoMod:Defend_Huntress","DemoMod:Roll","DemoMod:ManualReload","DemoMod:RustySidearm","DemoMod:CrossBow+1","ReplayTheSpireMod:Private Reserves","DemoMod:LifeOrb","DemoMod:MegaHand+1","DemoMod:TripleGun+1","DemoMod:AWP+1","DemoMod:BattleInHaste+1","Backflip","DemoMod:FullFirepower","DemoMod:Eureka","DemoMod:SniperShot+1","DemoMod:FortunesFavor+1","DemoMod:PotionOfGunFriendShip+1","DemoMod:ProbeStrike","DemoMod:AWP+1","conspire:SpireCoStock","conspire:SpireCoStock","conspire:SpireCoStock","conspire:SpireCoStock","DemoMod:Unity","hubris:Fate+1","DemoMod:BSG","Storm of Steel","Cloak And Dagger","Eviscerate"],"relics":["DemoMod:Dog","Ring of Fury","Ring of Misfortune","DemoMod:StrengthOfFortune","DemoMod:GlassGuonStoneRelic","infinitespire:Midas Blood","Lantern","hubris:AstralHammer","reliquary:TatteredRug","hubris:HollowSoul","reliquary:SilkGlove","aspiration:Stabinomicon","Toy Ornithopter","aspiration:StickyExplosives_weak","hubris:Stopwatch","hubris:Towel","Bronze Scales","hubris:Icosahedron","Orichalcum","DemoMod:Plus1Bullets"],"acts_visited":["Exordium","TheCity","TheBeyond"],"potions_floor_usage":[16,16,23,23,41,50,50,50],"damage_taken":[{"damage":2,"enemies":"Small Slimes","floor":1,"turns":4},{"damage":0,"enemies":"2 Louse","floor":2,"turns":2},{"damage":0,"enemies":"Gremlin Nob","floor":6,"turns":1},{"damage":0,"enemies":"Cultist","floor":8,"turns":1},{"damage":0,"enemies":"Lagavulin","floor":11,"turns":1},{"damage":0,"enemies":"Large Slime","floor":12,"turns":1},{"damage":0,"enemies":"Blue Slaver","floor":14,"turns":1},{"damage":0,"enemies":"The Guardian","floor":16,"turns":3},{"damage":0,"enemies":"Chosen","floor":18,"turns":1},{"damage":0,"enemies":"Spheric Guardian","floor":19,"turns":1},{"damage":0,"enemies":"Snake Plant","floor":20,"turns":2},{"damage":0,"enemies":"Chosen and Byrds","floor":21,"turns":2},{"damage":0,"enemies":"Book of Stabbing","floor":23,"turns":1},{"damage":0,"enemies":"Shelled Parasite and Fungi","floor":28,"turns":1},{"damage":0,"enemies":"Sentry and Sphere","floor":30,"turns":2},{"damage":0,"enemies":"conspire:MysteriousRune","floor":33,"turns":1},{"damage":0,"enemies":"3 Darklings","floor":35,"turns":1},{"damage":0,"enemies":"3 Shapes","floor":38,"turns":1},{"damage":0,"enemies":"Nemesis","floor":41,"turns":2},{"damage":0,"enemies":"Transient","floor":42,"turns":4},{"damage":0,"enemies":"3 Darklings","floor":44,"turns":2},{"damage":0,"enemies":"hubris:GrandSnecko","floor":50,"turns":4}],"seed_played":"6313290477656576320","potions_obtained":[{"floor":6,"key":"GamblersBrew"},{"floor":11,"key":"Block Potion"},{"floor":12,"key":"SpeedPotion"},{"floor":20,"key":"Weak Potion"},{"floor":22,"key":"LiquidBronze"},{"floor":23,"key":"FearPotion"},{"floor":33,"key":"bronze:BurnAndBuffPotion"},{"floor":38,"key":"Block Potion"},{"floor":42,"key":"Swift Potion"},{"floor":44,"key":"Fire Potion"}],"is_trial":false,"path_per_floor":["M","M","$","?","?","E","R","M","T","R","E","M","?","M","R","B",null,"M","M","M","M","?","E","T","R","T","R","M","?","M","AVR","R","B",null,"M","?","T","M","?","R","E","M","T","M","?","AVR","R","$","R","B",null],"character_chosen":"HUNTRESS","items_purchased":["DemoMod:TripleGun+1","DemoMod:AWP"],"campfire_rested":0,"item_purchase_floors":[3,3],"current_hp_per_floor":[68,68,68,68,1,1,1,1,1,1,1,1,1,1,1,1,1,1,1,1,1,1,1,1,1,1,1,1,1,1,1,1,1,1,1,1,1,1,1,1,1,1,1,1,1,1,1,1,1,1],"gold":535,"neow_bonus":"RANDOM_COLORLESS","is_daily":false,"chose_seed":false,"campfire_upgraded":8,"win_rate":0.0,"timestamp":1612475728,"path_taken":["M","M","$","?","?","E","R","M","T","R","E","M","?","?","R","BOSS","M","M","M","M","?","E","?","R","T","R","M","?","M","AVR","R","BOSS","M","?","?","M","?","R","E","M","T","M","?","AVR","R","$","R","BOSS"],"items_purchased_type":["Card","Card"],"build_version":"2020-12-22","purchased_purges":1,"victory":true,"max_hp_per_floor":[70,70,70,70,1,1,1,1,1,1,1,1,1,1,1,1,1,1,1,1,1,1,1,1,1,1,1,1,1,1,1,1,1,1,1,1,1,1,1,1,1,1,1,1,1,1,1,1,1,1],"card_choices":[{"not_picked":["Bandage Up","Trip"],"picked":"ReplayTheSpireMod:Private Reserves","floor":0},{"not_picked":["DemoMod:HardPowerCard","DemoMod:BattleInHaste"],"picked":"DemoMod:LifeOrb","floor":1},{"not_picked":["DemoMod:BattleInHaste","DemoMod:HardPowerCard"],"picked":"DemoMod:MegaHand","floor":2},{"not_picked":["DemoMod:DoubleSwitch","DemoMod:Eureka","DemoMod:FastSwitch"],"picked":"SKIP","floor":6},{"not_picked":["DemoMod:Ejector","DemoMod:Purify","DemoMod:HungryBullets"],"picked":"SKIP","floor":8},{"not_picked":["DemoMod:Camera","DemoMod:BalloonGun","DemoMod:Ejector"],"picked":"SKIP","floor":11},{"not_picked":["DemoMod:TableSutra","DemoMod:GunShield"],"picked":"DemoMod:BattleInHaste","floor":12},{"not_picked":["DemoMod:BattleInHaste","DemoMod:FastSwitch","DemoMod:RadGun"],"picked":"SKIP","floor":12},{"not_picked":["DemoMod:Ejector","DemoMod:HungryBullets"],"picked":"DemoMod:FullFirepower","floor":14},{"not_picked":["DemoMod:ThirdPartyController","DemoMod:Elimentaler"],"picked":"DemoMod:Eureka","floor":16},{"not_picked":["DemoMod:ShadowBullets","DemoMod:HardPowerCard+1","DemoMod:SAA"],"picked":"SKIP","floor":18},{"not_picked":["DemoMod:Camera+1","DemoMod:HuntsMan"],"picked":"DemoMod:SniperShot","floor":19},{"not_picked":["DemoMod:DirectionalPad","DemoMod:ZorGun"],"picked":"DemoMod:FortunesFavor","floor":20},{"not_picked":["DemoMod:HardPowerCard","DemoMod:Unmoved+1"],"picked":"DemoMod:PotionOfGunFriendShip+1","floor":21},{"not_picked":["DemoMod:PotionOfGunFriendShip","DemoMod:ZorGun"],"picked":"DemoMod:ProbeStrike","floor":22},{"not_picked":["DemoMod:DoubleSwitch","DemoMod:ShadowBullets"],"picked":"DemoMod:AWP","floor":23},{"not_picked":["DemoMod:SAA","DemoMod:MachoBrace","DemoMod:JK47+1"],"picked":"SKIP","floor":28},{"not_picked":["DemoMod:JK47+1","DemoMod:StickyCrossBow+1","DemoMod:ThirdPartyController"],"picked":"SKIP","floor":28},{"not_picked":["DemoMod:MachoBrace","DemoMod:HardPowerCard"],"picked":"DemoMod:Unity","floor":30},{"not_picked":["DemoMod:GunstockTap","DemoMod:BattleInHaste+1"],"picked":"DemoMod:BSG","floor":35},{"not_picked":["DemoMod:MegaHand","DemoMod:Polaris","DemoMod:StickyCrossBow+1"],"picked":"SKIP","floor":35},{"not_picked":["DemoMod:JK47+1","DemoMod:HardPowerCard+1","DemoMod:HungryBullets+1"],"picked":"SKIP","floor":38},{"not_picked":["DemoMod:HungryBullets+1","DemoMod:MachoBrace","DemoMod:AC15+1"],"picked":"SKIP","floor":41},{"not_picked":["DemoMod:SkilledReload+1","DemoMod:DoubleSwitch+1","DemoMod:RadGun"],"picked":"SKIP","floor":42},{"not_picked":["DemoMod:FastSwitch","DemoMod:HuntsMan","DemoMod:GunstockTap+1"],"picked":"SKIP","floor":44},{"not_picked":["DemoMod:FastSwitch","DemoMod:HuntsMan","DemoMod:GunstockTap+1"],"picked":"SKIP","floor":44}],"player_experience":835650,"relics_obtained":[{"floor":4,"key":"Ring of Fury"},{"floor":4,"key":"Ring of Misfortune"},{"floor":6,"key":"infinitespire:Midas Blood"},{"floor":9,"key":"Lantern"},{"floor":11,"key":"hubris:AstralHammer"},{"floor":11,"key":"reliquary:TatteredRug"},{"floor":22,"key":"reliquary:SilkGlove"},{"floor":23,"key":"aspiration:Stabinomicon"},{"floor":24,"key":"Toy Ornithopter"},{"floor":26,"key":"aspiration:StickyExplosives_weak"},{"floor":37,"key":"Bronze Scales"},{"floor":41,"key":"Orichalcum"},{"floor":43,"key":"DemoMod:Plus1Bullets"}],"event_choices":[{"damage_healed":0,"gold_gain":0,"player_choice":"Invest 4","damage_taken":0,"max_hp_gain":0,"max_hp_loss":0,"event_name":"conspire:Investor","floor":29,"gold_loss":0}],"is_beta":false,"boss_relics":[{"not_picked":["energizedSpire:DeadBattery","Replay:Ancient Bell"],"picked":"hubris:HollowSoul"},{"not_picked":["conspire:SeveredTorchhead","Replay:Bronze Core"],"picked":"hubris:Stopwatch"}],"items_purged_floors":[48],"is_endless":false,"potions_floor_spawned":[6,11,12,20,23,33,38,42,44],"ascension_level":0}}