{"host":"w5aax206trqkckez","time":1612478491,"event":{"mods":["AchievementEnabler","BaseMod","Colored Map","Colored Powertips","DeckTracker","Minty Spire (QoL Compilation)","StSLib"],"gold_per_floor":[117,134,151,326,345,345,345,345,392,408,508,287,300,320,320,320,320],"floor_reached":16,"language":"ENG","playtime":1147,"items_purged":["Doubt"],"score":103,"play_id":"1e5ab67d-c5f0-47af-8f47-799a63528a2f","local_time":"20210204154131","is_ascension_mode":true,"campfire_choices":[{"data":"Wild Strike","floor":6,"key":"SMITH"},{"floor":8,"key":"REST"},{"floor":15,"key":"REST"}],"circlet_count":0,"master_deck":["Strike_R","Strike_R","Strike_R","Strike_R","Strike_R","Defend_R","Defend_R","Defend_R","Defend_R","Bash","Wild Strike+1","Shrug It Off","Twin Strike","Warcry","Intimidate","Carnage","Sentinel"],"relics":["Burning Blood","Ancient Tea Set","Juzu Bracelet","HandDrill"],"acts_visited":["Exordium"],"potions_floor_usage":[5,16],"damage_taken":[{"damage":5,"enemies":"Small Slimes","floor":1,"turns":3},{"damage":1,"enemies":"Cultist","floor":2,"turns":3},{"damage":0,"enemies":"Jaw Worm","floor":3,"turns":3},{"damage":26,"enemies":"Exordium Thugs","floor":5,"turns":4},{"damage":18,"enemies":"Exordium Wildlife","floor":10,"turns":4},{"damage":7,"enemies":"2 Fungi Beasts","floor":13,"turns":4},{"damage":14,"enemies":"Red Slaver","floor":14,"turns":2},{"damage":82,"enemies":"Slime Boss","floor":16,"turns":9}],"seed_played":"-3483784768934935790","potions_obtained":[{"floor":2,"key":"Dexterity Potion"},{"floor":3,"key":"Explosive Potion"},{"floor":5,"key":"LiquidBronze"},{"floor":10,"key":"Weak Potion"}],"is_trial":false,"path_per_floor":["M","M","M","?","M","R","?","R","T","M","?","$","M","M","R","B"],"character_chosen":"IRONCLAD","items_purchased":["HandDrill"],"campfire_rested":2,"item_purchase_floors":[12],"current_hp_per_floor":[80,80,80,80,60,60,52,76,76,64,64,64,63,55,79,0,0],"gold":320,"neow_bonus":"RANDOM_COMMON_RELIC","is_daily":false,"chose_seed":false,"campfire_upgraded":1,"win_rate":0.0,"timestamp":1612478491,"path_taken":["M","M","M","?","M","R","?","R","T","M","?","$","M","M","R","BOSS"],"items_purchased_type":["Relic"],"build_version":"2020-12-22","purchased_purges":1,"victory":false,"max_hp_per_floor":[80,80,80,80,80,80,80,80,80,80,80,80,80,80,80,80,80],"card_choices":[{"not_picked":["Flex","Cleave"],"picked":"Wild Strike","floor":1},{"not_picked":["Sever Soul","Twin Strike"],"picked":"Shrug It Off","floor":2},{"not_picked":["Havoc","Perfected Strike"],"picked":"Twin Strike","floor":3},{"not_picked":["Second Wind","Flame Barrier"],"picked":"Warcry","floor":5},{"not_picked":["Seeing Red","Clash"],"picked":"Intimidate","floor":10},{"not_picked":["Intimidate","Disarm"],"picked":"Carnage","floor":13},{"not_picked":["Body Slam","Heavy Blade"],"picked":"Sentinel","floor":14}],"player_experience":44951,"relics_obtained":[{"floor":9,"key":"Juzu Bracelet"}],"event_choices":[{"damage_healed":0,"gold_gain":175,"player_choice":"AGREE","damage_taken":0,"max_hp_gain":0,"max_hp_loss":0,"event_name":"Liars Game","floor":4,"gold_loss":0,"cards_obtained":["Doubt"]},{"damage_healed":0,"gold_gain":0,"player_choice":"Damaged","damage_taken":8,"max_hp_gain":0,"max_hp_loss":0,"event_name":"Wheel of Change","floor":7,"gold_loss":0},{"damage_healed":0,"gold_gain":100,"player_choice":"Pray","damage_taken":0,"max_hp_gain":0,"max_hp_loss":0,"event_name":"Golden Shrine","floor":11,"gold_loss":0}],"is_beta":false,"boss_relics":[],"items_purged_floors":[12],"is_endless":false,"potions_floor_spawned":[2,3,5,10],"killed_by":"Slime Boss","ascension_level":2}}