{"host":"og21o26alpnbwmz8","time":1612475525,"event":{"mods":["Act Like it!","Aspiration","BaseMod","Conspire","Downfall","Halation","Hallownest","Hubris","Jedi Mod","Mimic Mod","Minty Spire (QoL Compilation)","Pale of the Ancients","Reliquary","Replay The Spire","Shop Mod","Spikes Relics","StSLib","The Alterego","The Blackbeard","The Blue Laboratory","The Death Knight","The Runesmith","Waifu the Spire"],"gold_per_floor":[99,99,99,99,18,18,18,18,34,34,64,64,82,82,98,193,193,193,30,40,40,53,66,66,166,183,183,236,264,64,74,90,90,90,90],"floor_reached":33,"language":"ENG","playtime":1550,"items_purged":["jedi:frostbite"],"score":288,"play_id":"d482ca20-72e6-4c05-b2de-b9b896c1f482","local_time":"20210204165205","is_ascension_mode":false,"campfire_choices":[{"floor":1,"key":"RECALL"},{"data":"bronze:BugBarrage","floor":10,"key":"SMITH"},{"data":"bronze:ShipIt","floor":12,"key":"SMITH"},{"data":"bronze:AlphaBuild","floor":18,"key":"SMITH"},{"data":"bronze:ItsAFeature","floor":30,"key":"SMITH"}],"circlet_count":0,"master_deck":["bronze:Strike","bronze:Defend","bronze:Defend","bronze:Defend","bronze:Defend","bronze:BugBarrage+1","bronze:ShipIt+1","bronze:Turbo","bronze:MaxOutput","bronze:Shield","bronze:Return","bronze:WildBeam","bronze:AlphaBuild+1","bronze:ItsAFeature+1","bronze:Safeguard+1","bronze:BuggyMess","bronze:WildBeam","bronze:BugBarrage"],"relics":["bronze:BronzeCore","downfall:HeartsMalice","hubris:Towel","reliquary:Knoch","ReplayTheSpireMod:Shallot","Turnip","jedi:paperlyon","Letter Opener","reliquary:FeatherDuster","downfall:HeartBlessingBlue","downfall:HeartBlessingGreen"],"acts_visited":["Exordium","TheCity"],"potions_floor_usage":[29,31],"damage_taken":[{"damage":0,"enemies":"Small Slimes","floor":3,"turns":1},{"damage":0,"enemies":"Cultist","floor":4,"turns":1},{"damage":0,"enemies":"downfall:FleeingMerchant","floor":5,"turns":1},{"damage":0,"enemies":"2 Louse","floor":9,"turns":3},{"damage":13,"enemies":"3 Sentries","floor":11,"turns":5},{"damage":0,"enemies":"Large Slime","floor":13,"turns":6},{"damage":2,"enemies":"2 Fungi Beasts","floor":15,"turns":4},{"damage":22,"enemies":"IC_STATUS_ARCHETYPE","floor":16,"turns":8},{"damage":1,"enemies":"downfall:FleeingMerchant","floor":19,"turns":4},{"damage":2,"enemies":"3 Byrds","floor":20,"turns":4},{"damage":0,"enemies":"Chosen","floor":22,"turns":4},{"damage":11,"enemies":"Shelled Parasite and Fungi","floor":23,"turns":5},{"damage":11,"enemies":"Snake Plant","floor":26,"turns":6},{"damage":21,"enemies":"Slavers","floor":29,"turns":6},{"damage":0,"enemies":"Centurion and Healer","floor":31,"turns":7},{"damage":18,"enemies":"3 Cultists","floor":32,"turns":4},{"damage":31,"enemies":"WA_ARCHETYPE_CALM","floor":33,"turns":6}],"seed_played":"-5434138997814609379","potions_obtained":[{"floor":9,"key":"blueLaboratory:PhilterOfMotion"},{"floor":11,"key":"Block Potion"},{"floor":15,"key":"blueLaboratory:AbyssPotion"},{"floor":23,"key":"Adrenaline Potion"},{"floor":26,"key":"bronze:FreeFunctionsPotion"}],"is_trial":false,"path_per_floor":["R","?","M","M","$","?","T","?","M","R","E","R","M","?","M","B",null,"R","$","M","?","M","M","T","?","M","?","T","E","R","M","M","B"],"character_chosen":"THE_AUTOMATON","items_purchased":["bronze:MaxOutput","bronze:ItsAFeature"],"campfire_rested":0,"item_purchase_floors":[5,19],"current_hp_per_floor":[70,70,70,70,70,70,70,63,63,63,50,50,50,80,78,56,80,80,79,77,77,77,66,66,66,55,55,55,34,44,44,26,0,0,0],"gold":90,"neow_bonus":"THREE_ENEMY_KILL","is_daily":false,"chose_seed":false,"campfire_upgraded":4,"win_rate":0.0,"timestamp":1612475525,"path_taken":["R","?","M","?","$","?","T","?","M","R","E","R","M","?","M","BOSS","R","$","M","?","M","M","T","?","M","?","?","E","R","?","M","BOSS"],"items_purchased_type":["Card","Card"],"build_version":"2020-12-22","purchased_purges":1,"victory":false,"max_hp_per_floor":[70,70,70,70,70,70,70,70,70,70,70,70,70,80,80,80,80,80,80,80,80,80,80,80,80,80,80,80,80,90,90,90,90,90,90],"card_choices":[{"not_picked":["bronze:Overheat","bronze:Frontload"],"picked":"bronze:Turbo","floor":3},{"not_picked":["bronze:BitShift","bronze:Turbo"],"picked":"bronze:FineTuning","floor":4},{"not_picked":["bronze:Philosophize","bronze:Turbo"],"picked":"bronze:FineTuning","floor":5},{"not_picked":["bronze:BitShift","bronze:Return"],"picked":"bronze:Shield","floor":9},{"not_picked":["bronze:ClassDefault","bronze:Repair","bronze:Shell"],"picked":"SKIP","floor":11},{"not_picked":["bronze:Frontload","bronze:Iterate"],"picked":"bronze:Return","floor":13},{"not_picked":["bronze:BuggyMess","bronze:BronzeOrb"],"picked":"bronze:WildBeam","floor":15},{"not_picked":["bronze:ThunderWave","bronze:SpaghettiCode"],"picked":"bronze:AlphaBuild","floor":16},{"not_picked":["bronze:Return+1","bronze:CutThrough","bronze:BitShift"],"picked":"SKIP","floor":19},{"not_picked":["bronze:Fortify","bronze:ForLoop"],"picked":"bronze:Safeguard+1","floor":20},{"not_picked":["bronze:Backtrace","bronze:Overheat","bronze:SpaghettiCode"],"picked":"SKIP","floor":22},{"not_picked":["bronze:WhirlingStrike","bronze:Repair"],"picked":"bronze:BuggyMess","floor":23},{"not_picked":["bronze:WhirlingStrike+1","bronze:Deprecate","bronze:FineTuning"],"picked":"SKIP","floor":26},{"not_picked":["bronze:DigitalCarnage","bronze:GetLatest"],"picked":"bronze:WildBeam","floor":29},{"not_picked":["bronze:Deprecate","bronze:ForceShield+1","bronze:Philosophize"],"picked":"SKIP","floor":31},{"not_picked":["bronze:Iterate","bronze:ForceShield"],"picked":"bronze:BugBarrage","floor":32}],"player_experience":219328,"relics_obtained":[{"floor":7,"key":"reliquary:Knoch"},{"floor":11,"key":"Turnip"},{"floor":24,"key":"Letter Opener"},{"floor":29,"key":"reliquary:FeatherDuster"}],"event_choices":[{"damage_healed":0,"gold_gain":0,"player_choice":"Success","damage_taken":7,"relics_obtained":["ReplayTheSpireMod:Shallot"],"max_hp_gain":0,"max_hp_loss":0,"event_name":"Scrap Ooze","floor":8,"gold_loss":0}],"is_beta":false,"boss_relics":[{"not_picked":["hubris:VirtuousBlindfold","Abe\u0027s Treasure"],"picked":"jedi:paperlyon"}],"items_purged_floors":[19],"is_endless":false,"potions_floor_spawned":[9,11,15,20,23,26],"killed_by":"WA_ARCHETYPE_CALM","ascension_level":0}}