{"host":"6q94iy5iz6612v89","time":1612411677,"event":{"mods":["2.2 Compatiblity","AchievementEnabler","BaseMod","Colored Map","DeckTracker","Keyboard Shortcuts","Marisa£¨Ùöéë¡¡Øª×âÞÞ£©","Minty Spire (QoL Compilation)","Permanent Neow","StSLib","SuperFastMode"],"gold_per_floor":[112,112,135,154,171,171,50,75,102,114,127,146,146,162,162,238,238,253,153,165,165,165],"floor_reached":21,"language":"KOR","playtime":421,"items_purged":["Strike_MRS","Strike_MRS"],"score":396,"play_id":"00c5d48a-27b7-417d-ac3e-674733cb276f","local_time":"20210204130757","is_ascension_mode":true,"campfire_choices":[{"data":"ShootingEcho","floor":6,"key":"SMITH"},{"data":"MilkyWay","floor":13,"key":"SMITH"},{"data":"MilkyWay","floor":15,"key":"SMITH"}],"circlet_count":0,"master_deck":["AscendersBane","Strike_MRS","Strike_MRS","Defend_MRS","Defend_MRS","Defend_MRS","Defend_MRS","MasterSpark","UpSweep","ShootingEcho+1","MachineGunSpark","MilkyWay+1","MilkyWay+1","PowerUp","NonDirectionalLaser","StarBarrage","EscapeVelocity","GalacticHalo"],"relics":["MiniHakkero","Ice Cream","Nunchaku","Regal Pillow","Omamori","Philosopher\u0027s Stone"],"acts_visited":["Exordium","TheCity"],"potions_floor_usage":[10,11,16],"damage_taken":[{"damage":0,"enemies":"2 Louse","floor":1,"turns":3},{"damage":7,"enemies":"Jaw Worm","floor":4,"turns":3},{"damage":1,"enemies":"Cultist","floor":5,"turns":3},{"damage":20,"enemies":"Lagavulin","floor":8,"turns":7},{"damage":4,"enemies":"Red Slaver","floor":10,"turns":2},{"damage":0,"enemies":"Lots of Slimes","floor":11,"turns":2},{"damage":25,"enemies":"Gremlin Gang","floor":12,"turns":4},{"damage":5,"enemies":"2 Fungi Beasts","floor":14,"turns":3},{"damage":0,"enemies":"Slime Boss","floor":16,"turns":6},{"damage":8,"enemies":"Shell Parasite","floor":18,"turns":2},{"damage":27,"enemies":"3 Byrds","floor":20,"turns":4},{"damage":18,"enemies":"Snake Plant","floor":21,"turns":2}],"seed_played":"-943631612687721695","potions_obtained":[{"floor":1,"key":"AttackPotion"},{"floor":4,"key":"Explosive Potion"},{"floor":12,"key":"LiquidMemories"}],"is_trial":false,"path_per_floor":["M","?","T","M","M","R","$","E","T","M","M","M","R","M","R","B",null,"M","$","M","M"],"character_chosen":"MARISA","items_purchased":["MilkyWay"],"campfire_rested":0,"item_purchase_floors":[7],"current_hp_per_floor":[63,68,68,61,60,60,60,40,40,36,36,11,11,6,6,6,53,45,45,18,0,0],"gold":165,"neow_bonus":"ONE_RARE_RELIC","is_daily":false,"chose_seed":false,"campfire_upgraded":3,"win_rate":0.0,"timestamp":1612411677,"path_taken":["M","?","?","M","M","R","$","E","T","?","M","M","R","M","R","BOSS","M","$","M","M"],"items_purchased_type":["Card"],"build_version":"2020-12-22","purchased_purges":2,"victory":false,"max_hp_per_floor":[63,68,68,68,68,68,68,68,68,68,68,68,68,68,68,68,68,68,68,68,68,68],"card_choices":[{"not_picked":["BlazeAway","AsteroidBelt"],"picked":"ShootingEcho","floor":1},{"not_picked":["GravityBeat","DarkMatter","OneTimeOff"],"picked":"SKIP","floor":4},{"not_picked":["MysteriousBeam","Singularity"],"picked":"MachineGunSpark","floor":5},{"not_picked":["PulseMagic","LuminesStrike"],"picked":"MilkyWay","floor":8},{"not_picked":["ChargeUpSpray","EnergyFlow"],"picked":"PowerUp","floor":10},{"not_picked":["DoubleSpark","WitchLeyline","DarkMatter"],"picked":"SKIP","floor":11},{"not_picked":["SporeBomb","MysteriousBeam"],"picked":"NonDirectionalLaser","floor":12},{"not_picked":["GalacticHalo","Singularity"],"picked":"StarBarrage","floor":14},{"not_picked":["StarDustReverie","JA"],"picked":"EscapeVelocity","floor":16},{"not_picked":["StarlightTyphoon+1","PowerUp","Orbital"],"picked":"SKIP","floor":18},{"not_picked":["DarkMatter","ShootingEcho"],"picked":"GalacticHalo","floor":20}],"player_experience":1530029,"relics_obtained":[{"floor":3,"key":"Nunchaku"},{"floor":8,"key":"Regal Pillow"},{"floor":9,"key":"Omamori"}],"event_choices":[{"damage_healed":0,"gold_gain":0,"player_choice":"Donut","damage_taken":0,"max_hp_gain":5,"max_hp_loss":0,"event_name":"Big Fish","floor":2,"gold_loss":0}],"is_beta":false,"boss_relics":[{"not_picked":["BewitchedHakkero","Tiny House"],"picked":"Philosopher\u0027s Stone"}],"items_purged_floors":[7,19],"is_endless":false,"potions_floor_spawned":[1,4,8,12],"killed_by":"Snake Plant","ascension_level":14}}