{"host":"8d3fefv2347kqkpz","time":1612439488,"event":{"mods":["AchievementEnabler","Act Like it!","Aspiration","BaseMod","Better Vampires","Colored Map","Colored Powertips","Conspire","GifTheSpireLib","Highlight Path","Hubris","Mimic Mod","Minty Spire (QoL Compilation)","Quick Restart","Rare Cards Sparkle","Relic Stats","Replay The Spire","Spicy Shops","StSLib","The Jungle","Waifu the Spire"],"gold_per_floor":[110,123,123,138,197,230,230,255,255,269,269,302,365,440,440,542,542,556,576,576,125,145,145,158,158,158],"floor_reached":25,"language":"ZHS","playtime":827,"items_purged":["hubris:Wrath"],"score":232,"play_id":"721c8932-b57e-48c5-a9bb-c74a705eeb19","local_time":"20210204195128","is_ascension_mode":true,"campfire_choices":[{"data":"Perfected Strike","floor":7,"key":"SMITH"},{"floor":11,"key":"REST"},{"floor":15,"key":"REST"},{"data":"Berserk","floor":23,"key":"SMITH"}],"circlet_count":0,"master_deck":["Strike_R","Strike_R","Strike_R","Strike_R","Strike_R+1","Bash+1","Perfected Strike+1","Metallicize","Berserk+1","Doubt","hubris:SharpeningStone"],"relics":["Burning Blood","Replay:PocketPolymizer","Blood Vial","Toy Ornithopter","hubris:BottledRain","Kintsugi","hubris:PeanutButter","conspire:DeflatedDodgeball"],"acts_visited":["Exordium","TheCity"],"potions_floor_usage":[16,18,22],"damage_taken":[{"damage":2.0,"enemies":"2 Louse","floor":1.0,"turns":4.0},{"damage":0.0,"enemies":"Small Slimes","floor":2.0,"turns":2.0},{"damage":0,"enemies":"Cultist","floor":4,"turns":3},{"damage":28,"enemies":"Lagavulin","floor":6,"turns":6},{"damage":19,"enemies":"3 Sentries","floor":8,"turns":8},{"damage":6,"enemies":"Large Slime","floor":10,"turns":4},{"damage":12,"enemies":"Gremlin Nob","floor":12,"turns":4},{"damage":26,"enemies":"Lagavulin Event","floor":13,"turns":5},{"damage":48,"enemies":"Slime Boss","floor":16,"turns":13},{"damage":19,"enemies":"Chosen","floor":18,"turns":4},{"damage":34,"enemies":"Spheric Guardian","floor":19,"turns":4},{"damage":23,"enemies":"Centurion and Healer","floor":22,"turns":7},{"damage":20,"enemies":"Snecko","floor":24,"turns":4},{"damage":40,"enemies":"conspire:SneckoGhost","floor":25,"turns":5}],"seed_played":"-2360407095366344206","potions_obtained":[{"floor":4,"key":"Elixir"},{"floor":8,"key":"PowerPotion"},{"floor":12,"key":"SkillPotion"},{"floor":13,"key":"AttackPotion"},{"floor":18,"key":"Dexterity Potion"}],"is_trial":false,"path_per_floor":["M","M","?","M","?","E","R","E","T","M","R","E","?","?","R","B",null,"M","M","?","$","M","R","M","E"],"character_chosen":"IRONCLAD","items_purchased":["hubris:PeanutButter","conspire:DeflatedDodgeball"],"campfire_rested":2,"item_purchase_floors":[21,21],"current_hp_per_floor":[88,88,70,76,76,54,54,41,41,43,69,65,47,36,62,27,88,80,54,54,54,44,44,32,0,0],"gold":158,"neow_bonus":"TEN_PERCENT_HP_BONUS","is_daily":false,"chose_seed":false,"campfire_upgraded":2,"win_rate":0.0,"timestamp":1612439488,"path_taken":["M","M","?","M","?","E","R","E","T","M","R","E","?","?","R","BOSS","M","M","?","$","?","R","M","E"],"items_purchased_type":["Relic","Relic"],"build_version":"2020-12-22","purchased_purges":1,"victory":false,"max_hp_per_floor":[88,88,88,88,88,88,88,88,88,88,88,88,88,88,88,88,88,88,88,88,88,88,88,88,88,88],"relic_stats":{"Blood Vial":16,"counters":[14,73],"obtain_stats":[{"Blood Vial":8,"Replay:PocketPolymizer":6,"hubris:PeanutButter":21,"Kintsugi":17,"conspire:DeflatedDodgeball":21,"Burning Blood":0,"Toy Ornithopter":12,"hubris:BottledRain":13},{"Blood Vial":5,"Replay:PocketPolymizer":4,"hubris:PeanutButter":11,"Kintsugi":9,"conspire:DeflatedDodgeball":11,"Burning Blood":0,"Toy Ornithopter":7,"hubris:BottledRain":7},{"Blood Vial":23,"Replay:PocketPolymizer":15,"hubris:PeanutButter":57,"Kintsugi":49,"conspire:DeflatedDodgeball":57,"Burning Blood":0,"Toy Ornithopter":31,"hubris:BottledRain":31}],"Burning Blood":68,"Toy Ornithopter":15},"card_choices":[{"not_picked":["Warcry","Spot Weakness"],"picked":"Perfected Strike","floor":1.0},{"not_picked":["Clash","True Grit"],"picked":"Metallicize","floor":2.0},{"not_picked":["Thunderclap","Life Link","Whirlwind"],"picked":"SKIP","floor":4},{"not_picked":["Clash","Replay:Undeath\u0027s Touch","Feel No Pain"],"picked":"SKIP","floor":6},{"not_picked":["Reaper","Feed"],"picked":"hubris:ReadiedAction","floor":8},{"not_picked":["Warcry","Dark Embrace","True Grit"],"picked":"SKIP","floor":10},{"not_picked":["Flex","hubris:ReadiedAction","Dual Wield"],"picked":"SKIP","floor":12},{"not_picked":["Pommel Strike","Iron Wave"],"picked":"Seeing Red","floor":13},{"not_picked":["Bludgeon","Eclipse"],"picked":"Berserk","floor":16},{"not_picked":["Clothesline","Warcry","Battle Trance"],"picked":"SKIP","floor":18},{"not_picked":["Infernal Blade","Cleave","ReplayTheSpireMod:Strike From Hell"],"picked":"SKIP","floor":19},{"not_picked":["Clothesline","hubris:ReadiedAction","Flex+1"],"picked":"SKIP","floor":22},{"not_picked":["Heavy Blade","Cleave","Clash"],"picked":"SKIP","floor":24}],"player_experience":248221,"relics_obtained":[{"floor":6,"key":"Replay:PocketPolymizer"},{"floor":8,"key":"Blood Vial"},{"floor":12,"key":"Toy Ornithopter"}],"event_choices":[{"damage_healed":0.0,"max_hp_gain":0.0,"max_hp_loss":0.0,"gold_gain":0.0,"event_name":"Shining Light","player_choice":"Entered Light","floor":3.0,"gold_loss":0.0,"damage_taken":18.0,"cards_upgraded":["Strike_R","Bash"]},{"damage_healed":0,"gold_gain":59,"player_choice":"Gained Gold","damage_taken":0,"max_hp_gain":0,"max_hp_loss":0,"event_name":"Golden Wing","floor":5,"gold_loss":0},{"damage_healed":0,"gold_gain":0,"player_choice":"Searched \u00272\u0027 times","damage_taken":0,"relics_obtained":["hubris:BottledRain"],"max_hp_gain":0,"max_hp_loss":0,"event_name":"Dead Adventurer","floor":13,"gold_loss":0},{"damage_healed":0,"gold_gain":75,"player_choice":"Gather Gold","damage_taken":11,"max_hp_gain":0,"max_hp_loss":0,"event_name":"World of Goop","floor":14,"gold_loss":0},{"damage_healed":0,"gold_gain":0,"cards_transformed":["hubris:ReadiedAction"],"player_choice":"Transformed","damage_taken":0,"max_hp_gain":0,"max_hp_loss":0,"event_name":"Transmorgrifier","floor":20,"gold_loss":0,"cards_obtained":["hubris:SharpeningStone"]}],"is_beta":false,"boss_relics":[{"not_picked":["Ring of Chaos","Replay:Wanted Poster"],"picked":"Kintsugi"}],"items_purged_floors":[21],"is_endless":false,"potions_floor_spawned":[4,8,12,13,18],"killed_by":"conspire:SneckoGhost","ascension_level":1}}