{"host":"7j2n82b2zha9fuyn","time":1612416851,"event":{"mods":["BaseMod","Block Reminder","Minty Spire (QoL Compilation)","StSLib"],"gold_per_floor":[112,112,130,0,10,10,37,37,37,68,33,43,54,66,66,137,137,150,150,181,181,181,218,242,266,278,290,302,302],"floor_reached":28,"language":"ENG","playtime":4173,"items_purged":["Strike_B"],"score":519,"play_id":"c997d248-c406-4209-8e59-2e7a8f0d068d","local_time":"20210203223411","is_ascension_mode":true,"campfire_choices":[{"data":"Zap","floor":6.0,"key":"SMITH"},{"data":"Ball Lightning","floor":8.0,"key":"SMITH"},{"floor":15.0,"key":"REST"},{"data":"Beam Cell","floor":27,"key":"SMITH"}],"circlet_count":0,"master_deck":["AscendersBane","Strike_B+1","Strike_B+1","Strike_B+1","Defend_B+1","Defend_B+1","Defend_B+1","Defend_B+1","Zap+1","Dualcast","Rebound","Ball Lightning+1","Leap","Compile Driver","Beam Cell+1","Ball Lightning","Hologram","All For One","Compile Driver","J.A.X.","Aggregate","Steam","Gash","Aggregate"],"relics":["Cracked Core","StrikeDummy","CaptainsWheel","Strawberry","Coffee Dripper","Red Mask","MawBank","Anchor","StoneCalendar"],"acts_visited":["Exordium","TheCity"],"potions_floor_usage":[],"damage_taken":[{"damage":0.0,"enemies":"2 Louse","floor":1.0,"turns":3.0},{"damage":1.0,"enemies":"Cultist","floor":3.0,"turns":4.0},{"damage":7.0,"enemies":"Jaw Worm","floor":5.0,"turns":3.0},{"damage":25.0,"enemies":"3 Sentries","floor":7.0,"turns":8.0},{"damage":17.0,"enemies":"Lagavulin","floor":10.0,"turns":6.0},{"damage":7.0,"enemies":"3 Louse","floor":12.0,"turns":4.0},{"damage":7.0,"enemies":"2 Fungi Beasts","floor":13.0,"turns":3.0},{"damage":6.0,"enemies":"Looter","floor":14.0,"turns":2.0},{"damage":35.0,"enemies":"The Guardian","floor":16.0,"turns":11.0},{"damage":1.0,"enemies":"Chosen","floor":18.0,"turns":4.0},{"damage":30.0,"enemies":"Masked Bandits","floor":20.0,"turns":3.0},{"damage":3,"enemies":"Gremlin Leader","floor":23,"turns":4},{"damage":12,"enemies":"3 Byrds","floor":24,"turns":5},{"damage":6,"enemies":"Cultist and Chosen","floor":25,"turns":5},{"damage":16,"enemies":"Snake Plant","floor":28,"turns":2}],"seed_played":"7224043132166550817","potions_obtained":[{"floor":0.0,"key":"FocusPotion"},{"floor":0.0,"key":"FairyPotion"},{"floor":0.0,"key":"Block Potion"},{"floor":7.0,"key":"SmokeBomb"},{"floor":12.0,"key":"EssenceOfDarkness"},{"floor":25,"key":"Ancient Potion"}],"is_trial":false,"path_per_floor":["M","?","M","$","M","R","E","R","T","E","?","M","M","M","R","B",null,"M","?","?","?","T","E","M","M","T","R","M"],"character_chosen":"DEFECT","items_purchased":["Ball Lightning"],"campfire_rested":1,"item_purchase_floors":[4],"current_hp_per_floor":[64,64,63,63,56,56,31,31,31,21,40,33,26,20,43,8,61,60,60,30,30,30,27,15,9,9,9,0,0],"gold":302,"neow_bonus":"THREE_SMALL_POTIONS","is_daily":false,"chose_seed":false,"campfire_upgraded":3,"win_rate":0.0,"timestamp":1612416851,"path_taken":["M","?","?","$","M","R","E","R","T","E","?","M","M","M","R","BOSS","M","?","?","?","?","E","M","M","T","R","M"],"items_purchased_type":["Card"],"build_version":"2020-12-22","purchased_purges":1,"victory":false,"max_hp_per_floor":[71,71,71,71,71,71,71,71,71,78,78,78,78,78,78,78,78,78,78,78,78,78,78,78,78,78,78,78,78],"card_choices":[{"not_picked":["Auto Shields","Turbo"],"picked":"Rebound","floor":1.0},{"not_picked":["Fusion","Stack","Redo"],"picked":"SKIP","floor":3.0},{"not_picked":["Coolheaded","Storm"],"picked":"Leap","floor":5.0},{"not_picked":["Force Field","Go for the Eyes"],"picked":"Compile Driver","floor":7.0},{"not_picked":["Steam","White Noise"],"picked":"Beam Cell","floor":10.0},{"not_picked":["Fusion","Melter"],"picked":"Ball Lightning","floor":12.0},{"not_picked":["Multi-Cast","Turbo","Coolheaded"],"picked":"SKIP","floor":13.0},{"not_picked":["Turbo","Coolheaded"],"picked":"Hologram","floor":14.0},{"not_picked":["Hyperbeam","Buffer"],"picked":"All For One","floor":16.0},{"not_picked":["Steam","Leap"],"picked":"Compile Driver","floor":18.0},{"not_picked":["Turbo","Barrage"],"picked":"Aggregate","floor":20},{"not_picked":["Melter","Beam Cell"],"picked":"Steam","floor":23},{"not_picked":["Steam Power","Defragment"],"picked":"Gash","floor":24},{"not_picked":["Streamline","Sunder"],"picked":"Aggregate","floor":25}],"player_experience":1974660,"relics_obtained":[{"floor":7.0,"key":"StrikeDummy"},{"floor":9.0,"key":"CaptainsWheel"},{"floor":10.0,"key":"Strawberry"},{"floor":20,"key":"Red Mask"},{"floor":22,"key":"MawBank"},{"floor":23,"key":"Anchor"},{"floor":26,"key":"StoneCalendar"}],"event_choices":[{"damage_healed":0.0,"max_hp_gain":0.0,"max_hp_loss":0.0,"gold_gain":0.0,"event_name":"Lab","player_choice":"Got Potions","floor":2.0,"gold_loss":0.0,"damage_taken":0.0},{"damage_healed":19.0,"max_hp_gain":0.0,"max_hp_loss":0.0,"gold_gain":0.0,"event_name":"The Cleric","player_choice":"Healed","floor":11.0,"gold_loss":35.0,"damage_taken":0.0},{"damage_healed":0.0,"max_hp_gain":0.0,"max_hp_loss":0.0,"gold_gain":0.0,"event_name":"Drug Dealer","player_choice":"Obtain J.A.X.","floor":19.0,"gold_loss":0.0,"damage_taken":0.0,"cards_obtained":["J.A.X."]},{"damage_healed":0.0,"max_hp_gain":0.0,"max_hp_loss":0.0,"gold_gain":0.0,"event_name":"Masked Bandits","player_choice":"Fought Bandits","floor":20.0,"gold_loss":0.0,"damage_taken":0.0},{"damage_healed":0,"gold_gain":0,"player_choice":"Simplicity","damage_taken":0,"max_hp_gain":0,"max_hp_loss":0,"event_name":"Back to Basics","floor":21,"gold_loss":0,"cards_upgraded":["Strike_B","Strike_B","Strike_B","Defend_B","Defend_B","Defend_B","Defend_B"]}],"is_beta":false,"boss_relics":[{"not_picked":["Runic Dome","Pandora\u0027s Box"],"picked":"Coffee Dripper"}],"items_purged_floors":[4],"is_endless":false,"potions_floor_spawned":[3,7,12,14,24,25],"killed_by":"Snake Plant","ascension_level":18}}