{"host":"LaserWall","time":1612396830,"event":{"mods":["BaseMod","Minty Spire (QoL Compilation)","Relic Stats","Weighted Paths"],"gold_per_floor":[110,129,146,24,40,40,75,75,98,113,141,152,6,6,6,108,108,127,127,116,16,29,29,58,58,84,95,95,113,148,167,167,266,266,286,303,320,365,384,411,411,431,483,483,493,511,523,542,542,542,542],"floor_reached":50,"language":"ENG","playtime":5675,"items_purged":["Strike_P","Strike_P"],"score":723,"play_id":"2812308f-0d9c-483a-b4d0-91c40fe70bda","local_time":"20210203190030","is_ascension_mode":true,"campfire_choices":[{"data":"Omniscience","floor":6.0,"key":"SMITH"},{"data":"Eruption","floor":8.0,"key":"SMITH"},{"data":"WheelKick","floor":15.0,"key":"SMITH"},{"data":"LessonLearned","floor":23.0,"key":"SMITH"},{"floor":28.0,"key":"REST"},{"data":"TalkToTheHand","floor":32.0,"key":"SMITH"},{"data":"Ghostly","floor":41.0,"key":"SMITH"},{"floor":44.0,"key":"RECALL"},{"data":"Ghostly","floor":49,"key":"SMITH"}],"circlet_count":0,"master_deck":["Strike_P+1","Defend_P+1","Defend_P+1","Defend_P+1","Defend_P","Eruption+1","Vigilance","EmptyFist","Halt","CutThroughFate+1","FlurryOfBlows","FlurryOfBlows+1","Meditate+1","WheelKick+1","Halt+1","LessonLearned+1","Prostrate","Ghostly+1","Ghostly+1","Ghostly+1","Ghostly+1","Ghostly+1","CutThroughFate+1","FearNoEvil+1","Prostrate+1","EmptyMind+1","Sanctity+1","Crescendo+1","FollowUp","TalkToTheHand+1","Scrawl+1","ThirdEye+1","ClearTheMind+1","FollowUp+1"],"relics":["PureWater","Anchor","Juzu Bracelet","Potion Belt","Strawberry","Art of War","Black Star","Happy Flower","Regal Pillow","Omamori","Ornamental Fan","Whetstone","Busted Crown","Thread and Needle","Ice Cream","Boot"],"acts_visited":["Exordium","TheCity","TheBeyond"],"potions_floor_usage":[47,50,50],"damage_taken":[{"damage":0.0,"enemies":"Jaw Worm","floor":1.0,"turns":3.0},{"damage":0.0,"enemies":"Cultist","floor":2.0,"turns":2.0},{"damage":0.0,"enemies":"Small Slimes","floor":3.0,"turns":2.0},{"damage":0.0,"enemies":"3 Louse","floor":5.0,"turns":3.0},{"damage":27.0,"enemies":"Lagavulin","floor":7.0,"turns":6.0},{"damage":1.0,"enemies":"Exordium Wildlife","floor":10.0,"turns":3.0},{"damage":10.0,"enemies":"Gremlin Nob","floor":11.0,"turns":3.0},{"damage":2.0,"enemies":"Gremlin Gang","floor":12.0,"turns":4.0},{"damage":10.0,"enemies":"The Guardian","floor":16.0,"turns":5.0},{"damage":0.0,"enemies":"Spheric Guardian","floor":18.0,"turns":2.0},{"damage":0.0,"enemies":"2 Thieves","floor":20.0,"turns":4.0},{"damage":0.0,"enemies":"Snake Plant","floor":22.0,"turns":6.0},{"damage":16.0,"enemies":"Book of Stabbing","floor":24.0,"turns":7.0},{"damage":1.0,"enemies":"Shelled Parasite and Fungi","floor":27.0,"turns":6.0},{"damage":4.0,"enemies":"3 Cultists","floor":29.0,"turns":6.0},{"damage":0.0,"enemies":"Slavers","floor":30.0,"turns":5.0},{"damage":0.0,"enemies":"Snake Plant","floor":31.0,"turns":5.0},{"damage":9.0,"enemies":"Collector","floor":33.0,"turns":7.0},{"damage":0.0,"enemies":"3 Darklings","floor":35.0,"turns":7.0},{"damage":0.0,"enemies":"Orb Walker","floor":36.0,"turns":3.0},{"damage":0.0,"enemies":"3 Darklings","floor":37.0,"turns":3.0},{"damage":0.0,"enemies":"2 Orb Walkers","floor":38.0,"turns":5.0},{"damage":0.0,"enemies":"Writhing Mass","floor":39.0,"turns":6.0},{"damage":0.0,"enemies":"Reptomancer","floor":40.0,"turns":5.0},{"damage":0.0,"enemies":"Jaw Worm Horde","floor":42.0,"turns":5.0},{"damage":0.0,"enemies":"Sphere and 2 Shapes","floor":45.0,"turns":5.0},{"damage":0.0,"enemies":"Writhing Mass","floor":46.0,"turns":5.0},{"damage":0,"enemies":"3 Darklings","floor":47,"turns":7},{"damage":0,"enemies":"Jaw Worm Horde","floor":48,"turns":6},{"damage":47,"enemies":"Time Eater","floor":50,"turns":10}],"seed_played":"-3634913066270909955","potions_obtained":[{"floor":3.0,"key":"SpeedPotion"},{"floor":5.0,"key":"SkillPotion"},{"floor":10.0,"key":"BlessingOfTheForge"},{"floor":12.0,"key":"Ambrosia"},{"floor":18.0,"key":"LiquidMemories"},{"floor":24.0,"key":"BottledMiracle"},{"floor":27.0,"key":"DuplicationPotion"},{"floor":29.0,"key":"LiquidMemories"},{"floor":31.0,"key":"BlessingOfTheForge"},{"floor":36.0,"key":"DistilledChaos"},{"floor":39.0,"key":"SneckoOil"},{"floor":42.0,"key":"Block Potion"},{"floor":47,"key":"ColorlessPotion"},{"floor":48,"key":"SmokeBomb"}],"is_trial":false,"path_per_floor":["M","M","M","$","M","R","E","R","T","M","E","M","$","?","R","B",null,"M","?","M","$","M","R","E","?","T","M","R","M","E","M","R","B",null,"M","M","M","?","M","E","R","M","T","R","M","M","M","M","R","B"],"character_chosen":"WATCHER","items_purchased":["FlurryOfBlows","Art of War"],"campfire_rested":1,"item_purchase_floors":[4,13],"current_hp_per_floor":[72,72,72,72,72,72,45,45,45,44,41,39,39,89,89,79,89,89,44,44,44,44,44,28,28,28,27,44,40,40,40,40,31,44,44,44,44,44,44,44,44,44,44,44,44,44,44,44,44,0,0],"gold":542,"neow_bonus":"RANDOM_COMMON_RELIC","is_daily":false,"chose_seed":false,"campfire_upgraded":7,"win_rate":0.0,"timestamp":1612396830,"path_taken":["M","M","M","$","M","R","E","R","T","M","E","M","$","?","R","BOSS","M","?","M","$","M","R","E","?","T","M","R","M","E","M","R","BOSS","M","M","M","?","M","E","R","M","T","R","M","M","M","M","R","BOSS"],"items_purchased_type":["Card","Relic"],"build_version":"2020-12-18","purchased_purges":2,"victory":false,"max_hp_per_floor":[72,72,72,72,72,72,72,72,72,72,79,79,79,89,89,89,89,89,44,44,44,44,44,44,44,44,44,44,44,44,44,44,44,44,44,44,44,44,44,44,44,44,44,44,44,44,44,44,44,44,44],"relic_stats":{"Regal Pillow":4,"Busted Crown":22,"Happy Flower":[32],"counters":[30,146],"Ornamental Fan":[248],"Juzu Bracelet":1,"Art of War":[5],"Black Star":3,"Whetstone":["Strike_P","FlurryOfBlows"],"Boot":[35],"obtain_stats":[{"Potion Belt":9,"Ice Cream":40,"Regal Pillow":24,"Happy Flower":24,"Thread and Needle":38,"Juzu Bracelet":7,"Omamori":26,"Whetstone":30,"Boot":40,"Anchor":0,"Busted Crown":34,"Ornamental Fan":30,"Strawberry":11,"Art of War":13,"Black Star":17,"PureWater":0},{"Potion Belt":5,"Ice Cream":24,"Regal Pillow":13,"Happy Flower":13,"Thread and Needle":22,"Juzu Bracelet":5,"Omamori":13,"Whetstone":16,"Boot":24,"Anchor":0,"Busted Crown":18,"Ornamental Fan":16,"Strawberry":7,"Art of War":8,"Black Star":9,"PureWater":0},{"Potion Belt":16,"Ice Cream":108,"Regal Pillow":50,"Happy Flower":50,"Thread and Needle":97,"Juzu Bracelet":16,"Omamori":50,"Whetstone":67,"Boot":108,"Anchor":0,"Busted Crown":79,"Ornamental Fan":67,"Strawberry":22,"Art of War":26,"Black Star":31,"PureWater":0}]},"card_choices":[{"not_picked":["Halt","CarveReality"],"picked":"EmptyFist","floor":1.0},{"not_picked":["BowlingBash","Protect"],"picked":"Halt","floor":2.0},{"not_picked":["Crescendo","Fasting2"],"picked":"CutThroughFate","floor":3.0},{"not_picked":["BowlingBash","CrushJoints"],"picked":"Omniscience","floor":5.0},{"not_picked":["InnerPeace","PathToVictory"],"picked":"FlurryOfBlows","floor":7.0},{"not_picked":["ReachHeaven","Weave"],"picked":"Meditate","floor":10.0},{"not_picked":["FlurryOfBlows","EmptyFist"],"picked":"WheelKick","floor":11.0},{"not_picked":["Evaluate","Study"],"picked":"Halt","floor":12.0},{"not_picked":["Alpha","Judgement"],"picked":"LessonLearned","floor":16.0},{"not_picked":["Halt","Consecrate"],"picked":"Prostrate","floor":18.0},{"not_picked":["FlurryOfBlows","Protect"],"picked":"CutThroughFate","floor":20.0},{"not_picked":["CutThroughFate","Fasting2"],"picked":"FearNoEvil+1","floor":22.0},{"not_picked":["ClearTheMind","FlyingSleeves"],"picked":"Prostrate+1","floor":24.0},{"not_picked":["ClearTheMind","Judgement"],"picked":"Sanctity+1","floor":27.0},{"not_picked":["Consecrate","FollowUp"],"picked":"Crescendo+1","floor":29.0},{"not_picked":["SandsOfTime","CarveReality"],"picked":"FollowUp","floor":30.0},{"not_picked":["Nirvana","Study+1"],"picked":"TalkToTheHand","floor":31.0},{"not_picked":["Judgement","Devotion"],"picked":"Scrawl","floor":33.0},{"not_picked":[],"picked":"ThirdEye+1","floor":35.0},{"not_picked":[],"picked":"ClearTheMind+1","floor":36.0},{"not_picked":["Collect"],"picked":"SKIP","floor":37.0},{"not_picked":["FearNoEvil"],"picked":"SKIP","floor":39.0},{"not_picked":["WreathOfFlame"],"picked":"SKIP","floor":40.0},{"not_picked":["JustLucky"],"picked":"SKIP","floor":42.0},{"not_picked":["SandsOfTime"],"picked":"SKIP","floor":45.0},{"not_picked":["ThirdEye"],"picked":"SKIP","floor":46.0},{"not_picked":[],"picked":"FollowUp+1","floor":47},{"not_picked":["Halt"],"picked":"SKIP","floor":48}],"player_experience":194528,"relics_obtained":[{"floor":7.0,"key":"Juzu Bracelet"},{"floor":9.0,"key":"Potion Belt"},{"floor":11.0,"key":"Strawberry"},{"floor":24.0,"key":"Happy Flower"},{"floor":24.0,"key":"Regal Pillow"},{"floor":26.0,"key":"Omamori"},{"floor":30.0,"key":"Ornamental Fan"},{"floor":30.0,"key":"Whetstone"},{"floor":38.0,"key":"Thread and Needle"},{"floor":40.0,"key":"Ice Cream"},{"floor":40.0,"key":"Boot"}],"event_choices":[{"cards_removed":["Omniscience"],"damage_healed":40.0,"max_hp_gain":10.0,"max_hp_loss":0.0,"gold_gain":0.0,"event_name":"Bonfire Elementals","player_choice":"Offered Rare","floor":14.0,"gold_loss":0.0,"damage_taken":0.0},{"damage_healed":0.0,"max_hp_gain":0.0,"max_hp_loss":45.0,"gold_gain":0.0,"event_name":"Ghosts","player_choice":"Became a Ghost","floor":19.0,"gold_loss":0.0,"damage_taken":0.0,"cards_obtained":["Ghostly","Ghostly","Ghostly","Ghostly","Ghostly"]},{"damage_healed":0.0,"max_hp_gain":0.0,"max_hp_loss":0.0,"gold_gain":0.0,"cards_transformed":["Strike_P"],"event_name":"Transmorgrifier","player_choice":"Transformed","floor":25.0,"gold_loss":0.0,"damage_taken":0.0,"cards_obtained":["EmptyMind"]},{"damage_healed":0.0,"max_hp_gain":0.0,"max_hp_loss":0.0,"gold_gain":0.0,"event_name":"Mysterious Sphere","player_choice":"Fight","floor":38.0,"gold_loss":0.0,"damage_taken":0.0}],"is_beta":true,"boss_relics":[{"not_picked":["Coffee Dripper","Runic Dome"],"picked":"Black Star"},{"not_picked":["Tiny House","Pandora\u0027s Box"],"picked":"Busted Crown"}],"items_purged_floors":[4,21],"is_endless":false,"potions_floor_spawned":[3,5,10,12,18,24,27,29,31,36,39,42,47,48],"killed_by":"Time Eater","ascension_level":3}}