{"host":"htqwg582tjjtn9p7","time":1612461018,"event":{"mods":["2.2 Compatiblity","AchievementEnabler","Act Like it!","Aspiration","BaseMod","Better Third Choice","Colored Map","Conspire","Curses Come First","Displayed Cursed Tome","Energized Spire","Force Act Four","Fox Events","GifTheSpireLib","Hermit","Highlight Path","JesterMod","Mad Scientist","Minty Spire (QoL Compilation)","Pale of the Ancients","Permanent Neow","Random Character Button","Relic Stats","Reliquary","Replay The Spire","Robot Space Explorer","Somnambulant","Spicy Shops","Spikes Relics","StSLib","Stuff the Spire","The Blue Laboratory","The Bug Knight","The Forsaken","The Gatherer","The Judge","The Jungle","The Marked","The Runesmith","The Servant 0.9.4","Uncapped"],"gold_per_floor":[111,161,178,190,209,209,225,225,250,250,281,281,297,307,307,381,381,396,396,10,60,78,78,106,122,122,122,122,152,152,164,164,236,236,254,254,82,93,118,118,153,153,153,185,39,62,62,97,97,97,117,128,161,161,161,176,176,13,13,13],"floor_reached":61,"language":"ENG","playtime":3875,"items_purged":["Strike_G","Strike_G"],"score":1999,"play_id":"3fe6985c-b494-4603-99ea-f401f660f2fb","local_time":"20210204185018","is_ascension_mode":true,"campfire_choices":[{"data":"Neutralize","floor":6,"key":"SMITH"},{"data":"Sucker Punch","floor":8,"key":"SMITH"},{"data":"Well Laid Plans","floor":10,"key":"SMITH"},{"floor":12,"key":"REST"},{"data":"Calculated Gamble","floor":15,"key":"SMITH"},{"floor":23,"key":"REST"},{"data":"Reforge","floor":27,"key":"SMITH"},{"data":"Deflect","floor":30,"key":"SMITH"},{"data":"Deflect","floor":32,"key":"SMITH"},{"floor":40,"key":"REST"},{"data":"Apotheosis","floor":47,"key":"SMITH"},{"data":"Prepared+1","floor":49,"key":"SMITH"},{"data":"Tactician","floor":55,"key":"SMITH"},{"data":"Underhanded Strike","floor":57,"key":"SMITH"}],"circlet_count":0,"master_deck":["AscendersBane","Strike_G","Strike_G","Strike_G","Defend_G","Defend_G","Defend_G","Defend_G","Defend_G","Survivor","Neutralize+1","Sucker Punch+1","Dash","Well Laid Plans+1","Underhanded Strike","Reflex","Calculated Gamble+1","Backflip","Dagger Throw","Glass Knife","Prepared+2","Deflect+1","Reforge+1","Acrobatics","Terror","Slice+1","Deflect+1","Deflect","Apotheosis+1","Hidden Blade+1","Deflect+1","Tactician+1","Acrobatics","Endless Agony+1","Backflip+1","Underhanded Strike+1","Reflex"],"relics":["Ring of the Snake","aspiration:Nostalgia","theMarked:ArtifactOfAir","Replay:Baseball","HollowMod:QueensCombRelic","aspiration:MobileForge","Membership Card","OrangePellets","StuffTheSpire:HeavyRock","Snake Skull","theForsaken:Gavel","aspiration:RitualDagger","Vampiric Spirits","Orrery","reliquary:PrincelyHelmet","Bronze Scales","Replay:Accelerometer","conspire:InfiniteJournal","reliquary:RosewoodLute","reliquary:JackalopeAntler","paleoftheancients:Timepiece","Ice Cream","Gremlin Horn","paleoftheancients:SoulOfTheWatcher","Orichalcum","aspiration:HummingbirdHeart","Medical Kit"],"acts_visited":["Exordium","TheCity","TheBeyond","TheBeyond"],"potions_floor_usage":[11,16,24,29,38,52],"damage_taken":[{"damage":0,"enemies":"Cultist","floor":1,"turns":4},{"damage":10,"enemies":"Small Slimes","floor":3,"turns":4},{"damage":0,"enemies":"conspire:RoseBush","floor":4,"turns":4},{"damage":0,"enemies":"2 Fungi Beasts","floor":5,"turns":4},{"damage":7,"enemies":"Large Slime","floor":7,"turns":8},{"damage":22,"enemies":"Lagavulin","floor":11,"turns":9},{"damage":3,"enemies":"Blue Slaver","floor":13,"turns":6},{"damage":0,"enemies":"2 Fungi Beasts","floor":14,"turns":4},{"damage":13,"enemies":"The Guardian","floor":16,"turns":10},{"damage":8,"enemies":"3 Byrds","floor":18,"turns":6},{"damage":12,"enemies":"2 Thieves","floor":22,"turns":4},{"damage":8,"enemies":"Gremlin Leader","floor":24,"turns":5},{"damage":3,"enemies":"conspire:HollyBat","floor":25,"turns":5},{"damage":15,"enemies":"Slavers","floor":29,"turns":5},{"damage":8,"enemies":"3 Cultists","floor":31,"turns":5},{"damage":6,"enemies":"Champ","floor":33,"turns":10},{"damage":37,"enemies":"3 Darklings","floor":35,"turns":9},{"damage":6,"enemies":"Orb Walker","floor":38,"turns":3},{"damage":76,"enemies":"Nemesis","floor":41,"turns":9},{"damage":15,"enemies":"Giant Head","floor":44,"turns":5},{"damage":30,"enemies":"R_Hoarder","floor":48,"turns":5},{"damage":12,"enemies":"Replay:Hell Engine","floor":50,"turns":4},{"damage":54,"enemies":"Replay:Hell Engine","floor":51,"turns":6},{"damage":21,"enemies":"Replay:Hell Engine","floor":52,"turns":7},{"damage":6,"enemies":"conspire:MimicChest","floor":53,"turns":2},{"damage":6,"enemies":"conspire:MimicChest","floor":56,"turns":2},{"damage":12,"enemies":"paleoftheancients:N","floor":60,"turns":4}],"seed_played":"5510006919112417531","potions_obtained":[{"floor":5,"key":"PowerPotion"},{"floor":7,"key":"SmokeBomb"},{"floor":13,"key":"SkillPotion"},{"floor":18,"key":"blueLaboratory:SuffocatingSmog"},{"floor":25,"key":"blueLaboratory:BlinkPotion"},{"floor":31,"key":"LifebloodPotion"},{"floor":35,"key":"conspire:TimeTravelPotion"},{"floor":38,"key":"DuplicationPotion"},{"floor":51,"key":"Adrenaline Potion"},{"floor":52,"key":"blueLaboratory:FruitPunch"}],"is_trial":false,"path_per_floor":["M","?","M","M","M","R","M","R","T","R","E","R","M","M","R","B",null,"M","?","$","?","M","R","E","M","T","R","?","E","R","M","R","B",null,"M","?","$","M","?","R","E","?","T","E","$","T","R","E","R","B","M","M","?","T","R","M","R","$","?","B",null],"character_chosen":"THE_SILENT","items_purchased":["Membership Card","OrangePellets","Deflect","Reforge","Vampiric Spirits","Apotheosis","Orrery","conspire:InfiniteJournal","Reflex","Medical Kit"],"campfire_rested":3,"item_purchase_floors":[20,20,20,20,37,37,37,45,58,58],"current_hp_per_floor":[59,59,49,49,49,49,42,42,42,42,20,33,38,44,44,31,41,36,26,26,26,18,32,32,45,45,45,40,29,29,33,33,39,47,12,12,12,15,15,29,49,46,46,49,49,49,49,47,47,49,34,49,49,49,49,49,49,49,49,49],"gold":13,"neow_bonus":"NOSTALGIA","is_daily":false,"chose_seed":false,"campfire_upgraded":11,"win_rate":0.0,"timestamp":1612461018,"path_taken":["M","?","?","M","M","R","M","R","T","R","E","R","M","?","R","BOSS","M","?","$","?","M","R","E","M","T","R","?","E","R","M","R","BOSS","M","?","$","M","?","R","E","?","T","E","$","?","R","E","R","BOSS","M","M","?","T","R","M","R","$","?","BOSS"],"items_purchased_type":["Relic","Relic","Card","Card","Relic","Card","Relic","Relic","Card","Relic"],"build_version":"2020-12-22","purchased_purges":2,"victory":true,"max_hp_per_floor":[66,66,66,66,66,66,66,66,66,66,44,44,44,44,44,44,44,44,49,49,49,49,49,49,49,49,49,49,49,49,49,49,49,49,49,49,49,49,49,49,49,49,49,49,49,49,49,49,49,49,49,49,49,49,49,49,49,49,49,49],"relic_stats":{"OrangePellets":[0],"Gremlin Horn":[16,15],"counters":[27,149],"Bronze Scales":[58],"Snake Skull":[1],"Orichalcum":[0],"Medical Kit":[2],"obtain_stats":[{"Ice Cream":50,"Replay:Accelerometer":44,"Gremlin Horn":50,"Vampiric Spirits":37,"reliquary:PrincelyHelmet":41,"Snake Skull":26,"theForsaken:Gavel":29,"conspire:InfiniteJournal":45,"aspiration:MobileForge":17,"StuffTheSpire:HeavyRock":24,"paleoftheancients:SoulOfTheWatcher":52,"Ring of the Snake":0,"HollowMod:QueensCombRelic":11,"aspiration:Nostalgia":0,"aspiration:HummingbirdHeart":54,"reliquary:RosewoodLute":46,"Orichalcum":53,"Medical Kit":58,"reliquary:JackalopeAntler":48,"paleoftheancients:Timepiece":50,"theMarked:ArtifactOfAir":0,"OrangePellets":20,"Replay:Baseball":9,"Bronze Scales":43,"Orrery":37,"Membership Card":20,"aspiration:RitualDagger":34},{"Ice Cream":22,"Replay:Accelerometer":20,"Gremlin Horn":22,"Vampiric Spirits":17,"reliquary:PrincelyHelmet":19,"Snake Skull":13,"theForsaken:Gavel":14,"conspire:InfiniteJournal":20,"aspiration:MobileForge":9,"StuffTheSpire:HeavyRock":12,"paleoftheancients:SoulOfTheWatcher":24,"Ring of the Snake":0,"HollowMod:QueensCombRelic":6,"aspiration:Nostalgia":0,"aspiration:HummingbirdHeart":25,"reliquary:RosewoodLute":20,"Orichalcum":25,"Medical Kit":26,"reliquary:JackalopeAntler":21,"paleoftheancients:Timepiece":22,"theMarked:ArtifactOfAir":0,"OrangePellets":10,"Replay:Baseball":5,"Bronze Scales":19,"Orrery":17,"Membership Card":10,"aspiration:RitualDagger":16},{"Ice Cream":128,"Replay:Accelerometer":119,"Gremlin Horn":128,"Vampiric Spirits":102,"reliquary:PrincelyHelmet":114,"Snake Skull":73,"theForsaken:Gavel":78,"conspire:InfiniteJournal":119,"aspiration:MobileForge":53,"StuffTheSpire:HeavyRock":68,"paleoftheancients:SoulOfTheWatcher":141,"Ring of the Snake":0,"HollowMod:QueensCombRelic":33,"aspiration:Nostalgia":0,"aspiration:HummingbirdHeart":143,"reliquary:RosewoodLute":119,"Orichalcum":143,"Medical Kit":145,"reliquary:JackalopeAntler":124,"paleoftheancients:Timepiece":128,"theMarked:ArtifactOfAir":0,"OrangePellets":59,"Replay:Baseball":24,"Bronze Scales":114,"Orrery":102,"Membership Card":59,"aspiration:RitualDagger":93}],"Ring of the Snake":[54]},"card_choices":[{"not_picked":["Quick Slash","StuffTheSpire:MirrorStance"],"picked":"Sucker Punch","floor":1},{"not_picked":["Cloak And Dagger","Prepared"],"picked":"Dash","floor":3},{"not_picked":["Poisoned Stab","Prepared"],"picked":"Well Laid Plans","floor":4},{"not_picked":["Grand Finale","Prepared"],"picked":"Underhanded Strike","floor":5},{"not_picked":["StuffTheSpire:Injection","Terror"],"picked":"Reflex","floor":7},{"not_picked":["Replay:Poison Smokescreen","Predator"],"picked":"Calculated Gamble","floor":11},{"not_picked":["PiercingWail","Outmaneuver"],"picked":"Backflip","floor":13},{"not_picked":["Tools of the Trade","Flying Knee"],"picked":"Dagger Throw","floor":14},{"not_picked":["Grand Finale","ReplayTheSpireMod:Necrosis"],"picked":"Glass Knife","floor":16},{"not_picked":["InfectiousVector","ReplayTheSpireMod:Tripwire+1"],"picked":"Prepared+1","floor":18},{"not_picked":["Blade Dance","Sucker Punch"],"picked":"Acrobatics","floor":22},{"not_picked":["Outmaneuver+1","Endless Agony"],"picked":"Terror","floor":24},{"not_picked":["Outmaneuver","StuffTheSpire:BumpUp"],"picked":"Slice+1","floor":25},{"not_picked":["Corpse Explosion","Distraction","Accuracy"],"picked":"SKIP","floor":29},{"not_picked":["ShadowRift","Underhanded Strike"],"picked":"Deflect","floor":31},{"not_picked":["Quick Slash","StuffTheSpire:Injection"],"picked":"Deflect","floor":35},{"not_picked":["Dodge and Roll","Sucker Punch+1"],"picked":"Hidden Blade+1","floor":37},{"not_picked":["Crippling Poison+1","Poisoned Stab"],"picked":"Deflect+1","floor":37},{"not_picked":["Dagger Throw+1","conspire:DoublingDagger+1"],"picked":"Tactician","floor":37},{"not_picked":["Crippling Poison","Underhanded Strike"],"picked":"Acrobatics","floor":37},{"not_picked":["Cloak And Dagger","StuffTheSpire:Python","Corpse Explosion"],"picked":"SKIP","floor":38},{"not_picked":["StuffTheSpire:Incursion","Blade Dance","Hidden Blade"],"picked":"SKIP","floor":41},{"not_picked":["Distraction","Glass Knife","InfectiousVector"],"picked":"SKIP","floor":44},{"not_picked":["Grand Finale","Riddle With Holes","Endless Agony"],"picked":"SKIP","floor":48},{"not_picked":["Dagger Spray","Pace","Concentrate"],"picked":"SKIP","floor":51},{"not_picked":["StuffTheSpire:Python","Expertise"],"picked":"Endless Agony+1","floor":52},{"not_picked":["Dagger Throw","PiercingWail"],"picked":"Backflip+1","floor":53},{"not_picked":["Bane","Catalyst"],"picked":"Underhanded Strike","floor":56}],"player_experience":1994889,"relics_obtained":[{"floor":9,"key":"Replay:Baseball"},{"floor":11,"key":"HollowMod:QueensCombRelic"},{"floor":24,"key":"StuffTheSpire:HeavyRock"},{"floor":26,"key":"Snake Skull"},{"floor":29,"key":"theForsaken:Gavel"},{"floor":41,"key":"reliquary:PrincelyHelmet"},{"floor":43,"key":"Bronze Scales"},{"floor":44,"key":"Replay:Accelerometer"},{"floor":46,"key":"reliquary:RosewoodLute"},{"floor":48,"key":"reliquary:JackalopeAntler"},{"floor":52,"key":"paleoftheancients:SoulOfTheWatcher"},{"floor":53,"key":"Orichalcum"},{"floor":54,"key":"aspiration:HummingbirdHeart"}],"event_choices":[{"damage_healed":0,"gold_gain":50,"player_choice":"Pray","damage_taken":0,"max_hp_gain":0,"max_hp_loss":0,"event_name":"Golden Shrine","floor":2,"gold_loss":0},{"damage_healed":0,"gold_gain":0,"player_choice":"Shed Blood","damage_taken":15,"max_hp_gain":5,"max_hp_loss":0,"event_name":"Forgotten Altar","floor":19,"gold_loss":0},{"damage_healed":0,"gold_gain":50,"player_choice":"Steal","damage_taken":0,"max_hp_gain":0,"max_hp_loss":0,"event_name":"betterThird:BetterNest","floor":21,"gold_loss":0},{"damage_healed":0,"gold_gain":0,"player_choice":"Leave","damage_taken":0,"max_hp_gain":0,"max_hp_loss":0,"event_name":"conspire:Investor","floor":42,"gold_loss":0}],"is_beta":false,"boss_relics":[{"not_picked":["conspire:RoyalGoblet","Runesmith:UraniumAnvil"],"picked":"aspiration:MobileForge"},{"not_picked":["Velvet Choker","aspiration:SecretTechniqueScroll"],"picked":"aspiration:RitualDagger"}],"items_purged_floors":[20,58],"is_endless":false,"potions_floor_spawned":[5,7,13,18,25,31,33,35,38,48,51,52],"ascension_level":15}}