{"host":"x1wt4ryasj4hxyw3","time":1612425218,"event":{"mods":["Act Like it!","BaseMod","CapriCore","CavMod","Gensokyo","GungeonMod","Lobotomy","LobotomyExtend","Minty Spire (QoL Compilation)","Prisma Mod","Quick Restart","RumiaBox-Â¶Ã×æ«µÄÉñÃØºÐ×Ó","StSLib","The Alterego","The Immortal","Yakumo Yukari mod","Youmu£¨»êÆÇÑýÃÎ£©","Yuyuko","¡¾¹¦ÄÜMod¡¿»ìãçÖ®»·ÐÞ¸´²¹¶¡"],"gold_per_floor":[135,135,159,178,108,108,108],"floor_reached":6,"language":"ZHS","playtime":255,"items_purged":[],"score":34,"play_id":"c4f29558-a7a4-4ac6-9742-dc3b26bec33f","local_time":"20210204155338","is_ascension_mode":false,"campfire_choices":[],"circlet_count":0,"master_deck":["AT_purpleEX","AT_purpleEX","AT_purpleEX","AT_purpleEX","Defend_purpleEX","Defend_purpleEX","Defend_purpleEX","Defend_purpleEX","Observe_purple_1+1","Observe_purple_2","OmniscientAndOmnipotent_Monster_purple+1","MeatLantern","RealityDreamConfluencek_purple"],"relics":["Boundary_crack","Memoryfragments_purpleEX","CogitoBucket","LetterFromLob","Gensokyo:YoukaiFlower","DemoMod:MonsterBlood"],"acts_visited":["Exordium"],"potions_floor_usage":[],"damage_taken":[{"damage":3,"enemies":"Gensokyo:Python","floor":1,"turns":4},{"damage":0,"enemies":"Gensokyo:2_Kodama","floor":4,"turns":4},{"damage":95,"enemies":"Gensokyo:Aya","floor":6,"turns":3}],"seed_played":"3259524661898237970","potions_obtained":[{"floor":1,"key":"Energy Potion"},{"floor":4,"key":"Ancient Potion"}],"is_trial":false,"path_per_floor":["M","?","T","M","?","E"],"character_chosen":"Youkari","items_purchased":[],"campfire_rested":0,"item_purchase_floors":[],"current_hp_per_floor":[69,69,76,77,77,0,0],"gold":108,"neow_bonus":"","is_daily":false,"chose_seed":false,"campfire_upgraded":0,"win_rate":0.0,"timestamp":1612425218,"path_taken":["M","?","?","M","?","E"],"items_purchased_type":[],"build_version":"2020-12-22","purchased_purges":0,"victory":false,"max_hp_per_floor":[70,70,77,77,77,77,77],"card_choices":[{"not_picked":["PunishingBird","GreedKing"],"picked":"Scorched","floor":1},{"not_picked":["SfantasyHide_purple","DarkRealmRedLine_purple"],"picked":"OmniscientAndOmnipotent_Monster_purple","floor":1},{"not_picked":["Bloodbath","OSAHOGD"],"picked":"MeatLantern","floor":4},{"not_picked":["Anti_communist_purple","Umbrella_purple"],"picked":"RealityDreamConfluencek_purple","floor":4}],"player_experience":159466,"relics_obtained":[{"floor":1,"key":"LetterFromLob"},{"floor":3,"key":"DemoMod:MonsterBlood"}],"event_choices":[],"is_beta":false,"boss_relics":[],"items_purged_floors":[],"is_endless":false,"potions_floor_spawned":[1,4],"killed_by":"Gensokyo:Aya","ascension_level":0}}