{"host":"lktusdb9orijgc6z","time":1612479637,"event":{"mods":["BaseMod","Bestiary","Colored Map","Colored Powertips","Minty Spire (QoL Compilation)","Permanent Neow","Quick Restart","Relic Stats","StSLib","everything is the same but u backflip on backflip","slay the spire mod where everything is the same but ironclad has a cowboy hat"],"gold_per_floor":[109,109,127,127,142,185,185,185,231,249,249,12,72,156,156,252,252,277,9,9,9,50,90,90,138,165,165,198,248,288,332,332,421,421,439,460,292,316,78,121,121,164,176,232,244,280,292,327,339,351,363,375,387,55,55,55],"floor_reached":55,"language":"ENG","playtime":3118,"items_purged":["Strike_G","Decay"],"score":1955,"play_id":"54805e16-849b-406f-8705-75a3b9b44343","local_time":"20210205000037","is_ascension_mode":true,"campfire_choices":[{"data":"Noxious Fumes","floor":7.0,"key":"SMITH"},{"floor":11.0,"key":"REST"},{"floor":15.0,"key":"REST"},{"data":"HandOfGreed","floor":24.0,"key":"SMITH"},{"data":"Night Terror","floor":27.0,"key":"SMITH"},{"floor":32.0,"key":"REST"},{"data":"Wraith Form v2","floor":41.0,"key":"SMITH"},{"floor":45.0,"key":"REST"},{"floor":47.0,"key":"REST"},{"floor":49.0,"key":"RECALL"},{"data":"Bouncing Flask","floor":53.0,"key":"SMITH"}],"circlet_count":0,"master_deck":["AscendersBane","Strike_G","Defend_G","Defend_G+1","Defend_G+1","Survivor+1","Neutralize","Deadly Poison","Leg Sweep+1","Poisoned Stab","Predator","Blur","Noxious Fumes+1","Concentrate","HandOfGreed+1","Night Terror+1","Wraith Form v2+1","Caltrops+1","Tools of the Trade","Wraith Form v2+1","Footwork","Bouncing Flask","Malaise","PiercingWail+1","PiercingWail","Heel Hook","Bouncing Flask+1","Bouncing Flask"],"relics":["Ring of the Snake","Golden Idol","Omamori","War Paint","Cursed Key","HornCleat","Mercury Hourglass","Turnip","Vajra","Pear","Boot","Empty Cage","Snake Skull","Orichalcum","Strawberry","MawBank","Bag of Preparation","Lee\u0027s Waffle"],"acts_visited":["Exordium","TheCity","TheBeyond","TheEnding"],"potions_floor_usage":[],"damage_taken":[{"damage":1.0,"enemies":"2 Louse","floor":1.0,"turns":3.0},{"damage":1.0,"enemies":"Small Slimes","floor":3.0,"turns":4.0},{"damage":0.0,"enemies":"Cultist","floor":5.0,"turns":3.0},{"damage":24.0,"enemies":"3 Sentries","floor":6.0,"turns":12.0},{"damage":11.0,"enemies":"Large Slime","floor":10.0,"turns":5.0},{"damage":1.0,"enemies":"2 Fungi Beasts","floor":13.0,"turns":6.0},{"damage":5.0,"enemies":"Lots of Slimes","floor":14.0,"turns":10.0},{"damage":15.0,"enemies":"Hexaghost","floor":16.0,"turns":9.0},{"damage":13.0,"enemies":"Chosen","floor":18.0,"turns":5.0},{"damage":8.0,"enemies":"3 Byrds","floor":22.0,"turns":4.0},{"damage":6.0,"enemies":"Slavers","floor":23.0,"turns":5.0},{"damage":5.0,"enemies":"Snake Plant","floor":25.0,"turns":4.0},{"damage":12.0,"enemies":"Gremlin Leader","floor":28.0,"turns":8.0},{"damage":9.0,"enemies":"Shelled Parasite and Fungi","floor":30.0,"turns":6.0},{"damage":1.0,"enemies":"Book of Stabbing","floor":31.0,"turns":6.0},{"damage":29.0,"enemies":"Automaton","floor":33.0,"turns":12.0},{"damage":7.0,"enemies":"3 Darklings","floor":35.0,"turns":5.0},{"damage":2.0,"enemies":"Orb Walker","floor":36.0,"turns":5.0},{"damage":1.0,"enemies":"Transient","floor":38.0,"turns":6.0},{"damage":2.0,"enemies":"Nemesis","floor":40.0,"turns":11.0},{"damage":7.0,"enemies":"Reptomancer","floor":42.0,"turns":8.0},{"damage":36.0,"enemies":"Nemesis","floor":44.0,"turns":9.0},{"damage":0.0,"enemies":"Maw","floor":46.0,"turns":8.0},{"damage":11.0,"enemies":"3 Darklings","floor":48.0,"turns":4.0},{"damage":5.0,"enemies":"Donu and Deca","floor":50.0,"turns":12.0},{"damage":16.0,"enemies":"Time Eater","floor":51.0,"turns":12.0},{"damage":87,"enemies":"Shield and Spear","floor":55,"turns":5}],"seed_played":"-8583229494601273091","potions_obtained":[{"floor":5.0,"key":"SkillPotion"},{"floor":13.0,"key":"Dexterity Potion"},{"floor":16.0,"key":"Swift Potion"},{"floor":18.0,"key":"Regen Potion"},{"floor":28.0,"key":"Block Potion"},{"floor":30.0,"key":"Swift Potion"},{"floor":33.0,"key":"SmokeBomb"},{"floor":40.0,"key":"ColorlessPotion"},{"floor":44.0,"key":"Swift Potion"}],"is_trial":false,"path_per_floor":["M","?","M","?","M","E","R","?","T","M","R","$","M","M","R","B",null,"M","$","?","?","M","E","R","M","T","R","E","?","M","E","R","B",null,"M","M","$","M","$","E","R","E","T","E","R","M","R","M","R","B","B",null,"R","$","E"],"character_chosen":"THE_SILENT","items_purchased":["HandOfGreed","Fire Potion","HornCleat","Snake Skull","Orichalcum","Bouncing Flask","Lee\u0027s Waffle"],"campfire_rested":5,"item_purchase_floors":[12,12,19,37,39,54,54],"current_hp_per_floor":[58,54,53,37,37,13,13,13,13,2,18,18,17,12,28,13,44,31,31,31,31,23,32,32,27,27,27,25,25,16,15,34,5,49,42,40,40,39,39,44,44,37,37,1,22,22,43,32,32,27,11,56,56,78,0,0],"gold":55,"neow_bonus":"TRANSFORM_TWO_CARDS","is_daily":false,"chose_seed":false,"campfire_upgraded":5,"win_rate":0.0,"timestamp":1612479637,"path_taken":["M","?","M","?","M","E","R","?","T","?","R","$","M","M","R","BOSS","M","$","?","?","?","E","R","M","T","R","E","?","M","E","R","BOSS","M","M","$","M","$","E","R","E","T","E","R","M","R","M","R","BOSS","BOSS","R","$","E"],"items_purchased_type":["Card","Potion","Relic","Relic","Relic","Card","Relic"],"build_version":"2020-12-22","purchased_purges":2,"victory":false,"max_hp_per_floor":[60,54,54,54,54,54,54,54,54,54,54,54,54,54,54,54,54,54,54,54,54,54,54,54,54,54,54,64,64,64,64,64,64,64,64,64,64,64,64,71,71,71,71,71,71,71,71,71,71,71,71,71,71,78,78,78],"relic_stats":{"Lee\u0027s Waffle":22,"counters":[27,187],"Golden Idol":194,"Snake Skull":[174],"Bag of Preparation":[10],"War Paint":["Defend_G","Leg Sweep"],"Orichalcum":[234],"Cursed Key":2,"Boot":[59],"MawBank":144,"Mercury Hourglass":[459],"Turnip":[14],"obtain_stats":[{"Lee\u0027s Waffle":54,"Pear":28,"Golden Idol":2,"Vajra":26,"Snake Skull":37,"Omamori":6,"Bag of Preparation":44,"War Paint":9,"Orichalcum":39,"Cursed Key":17,"Boot":31,"Empty Cage":34,"MawBank":42,"Mercury Hourglass":20,"HornCleat":19,"Strawberry":40,"Turnip":23,"Ring of the Snake":0},{"Lee\u0027s Waffle":26,"Pear":13,"Golden Idol":1,"Vajra":12,"Snake Skull":18,"Omamori":4,"Bag of Preparation":22,"War Paint":4,"Orichalcum":19,"Cursed Key":8,"Boot":15,"Empty Cage":16,"MawBank":21,"Mercury Hourglass":9,"HornCleat":9,"Strawberry":20,"Turnip":11,"Ring of the Snake":0},{"Lee\u0027s Waffle":182,"Pear":78,"Golden Idol":3,"Vajra":70,"Snake Skull":112,"Omamori":22,"Bag of Preparation":146,"War Paint":22,"Orichalcum":118,"Cursed Key":52,"Boot":90,"Empty Cage":102,"MawBank":137,"Mercury Hourglass":57,"HornCleat":57,"Strawberry":129,"Turnip":66,"Ring of the Snake":0}],"Ring of the Snake":[54]},"card_choices":[{"not_picked":["Flying Knee","Outmaneuver"],"picked":"Poisoned Stab","floor":1.0},{"not_picked":["Riddle With Holes","Cloak And Dagger"],"picked":"Predator","floor":3.0},{"not_picked":["Outmaneuver","Acrobatics"],"picked":"Blur","floor":5.0},{"not_picked":["Endless Agony","Distraction"],"picked":"Noxious Fumes","floor":6.0},{"not_picked":["Riddle With Holes","Setup","Masterful Stab"],"picked":"SKIP","floor":10.0},{"not_picked":["Poisoned Stab","Dodge and Roll"],"picked":"Night Terror","floor":13.0},{"not_picked":["Outmaneuver","Flechettes","Prepared"],"picked":"SKIP","floor":14.0},{"not_picked":["Storm of Steel","After Image"],"picked":"Wraith Form v2","floor":16.0},{"not_picked":["Prepared","Finisher","Skewer"],"picked":"SKIP","floor":18.0},{"not_picked":["Leg Sweep","Dodge and Roll"],"picked":"Caltrops+1","floor":22.0},{"not_picked":["Setup","Slice","Eviscerate"],"picked":"SKIP","floor":23.0},{"not_picked":["Prepared","Poisoned Stab","Eviscerate"],"picked":"SKIP","floor":25.0},{"not_picked":["Sucker Punch","Predator","Slice"],"picked":"SKIP","floor":28.0},{"not_picked":["Choke","Slice","Blade Dance"],"picked":"SKIP","floor":30.0},{"not_picked":["Expertise","All Out Attack"],"picked":"Tools of the Trade","floor":31.0},{"not_picked":["Grand Finale","Burst"],"picked":"Wraith Form v2","floor":33.0},{"not_picked":["Dagger Throw","Finisher+1"],"picked":"Footwork","floor":35.0},{"not_picked":["Finisher","Dodge and Roll","Blade Dance"],"picked":"SKIP","floor":36.0},{"not_picked":["Poisoned Stab","Backflip"],"picked":"Bouncing Flask","floor":38.0},{"not_picked":["Eviscerate+1","Slice+1"],"picked":"Malaise","floor":40.0},{"not_picked":["Deflect","Bane"],"picked":"PiercingWail+1","floor":42.0},{"not_picked":["Blade Dance","Riddle With Holes"],"picked":"PiercingWail","floor":44.0},{"not_picked":["Endless Agony","Dagger Spray"],"picked":"Heel Hook","floor":46.0},{"not_picked":["Distraction","Backflip"],"picked":"Bouncing Flask","floor":48.0}],"player_experience":757403,"relics_obtained":[{"floor":6.0,"key":"Omamori"},{"floor":9.0,"key":"War Paint"},{"floor":23.0,"key":"Turnip"},{"floor":26.0,"key":"Vajra"},{"floor":28.0,"key":"Pear"},{"floor":31.0,"key":"Boot"},{"floor":40.0,"key":"Strawberry"},{"floor":42.0,"key":"MawBank"},{"floor":44.0,"key":"Bag of Preparation"}],"event_choices":[{"damage_healed":0.0,"max_hp_gain":0.0,"max_hp_loss":6.0,"gold_gain":0.0,"event_name":"Golden Idol","player_choice":"Lose Max HP","floor":2.0,"gold_loss":0.0,"damage_taken":0.0,"relics_obtained":["Golden Idol"]},{"damage_healed":0.0,"max_hp_gain":0.0,"max_hp_loss":0.0,"gold_gain":0.0,"event_name":"Shining Light","player_choice":"Entered Light","floor":4.0,"gold_loss":0.0,"damage_taken":16.0,"cards_upgraded":["Defend_G","Survivor"]},{"damage_healed":0.0,"max_hp_gain":0.0,"max_hp_loss":0.0,"gold_gain":0.0,"cards_transformed":["Strike_G"],"event_name":"Transmorgrifier","player_choice":"Transformed","floor":8.0,"gold_loss":0.0,"damage_taken":0.0,"cards_obtained":["Concentrate"]},{"damage_healed":0.0,"max_hp_gain":0.0,"max_hp_loss":0.0,"gold_gain":0.0,"event_name":"Addict","player_choice":"Stole Relic","floor":20.0,"gold_loss":0.0,"damage_taken":0.0,"relics_obtained":["Mercury Hourglass"],"cards_obtained":["Shame"]},{"damage_healed":0.0,"max_hp_gain":0.0,"max_hp_loss":0.0,"gold_gain":0.0,"event_name":"Upgrade Shrine","player_choice":"Upgraded","floor":21.0,"gold_loss":0.0,"damage_taken":0.0,"cards_upgraded":["Wraith Form v2"]},{"damage_healed":0.0,"max_hp_gain":0.0,"max_hp_loss":0.0,"gold_gain":50.0,"event_name":"Golden Shrine","player_choice":"Pray","floor":29.0,"gold_loss":0.0,"damage_taken":0.0}],"is_beta":false,"boss_relics":[{"not_picked":["Runic Dome","SacredBark"],"picked":"Cursed Key"},{"not_picked":["WristBlade","Coffee Dripper"],"picked":"Empty Cage"}],"items_purged_floors":[39,54],"is_endless":false,"potions_floor_spawned":[5,13,16,18,22,28,30,33,40,44],"killed_by":"Shield and Spear","ascension_level":20}}