{"host":"j4g6ia6asvpyu2b0","time":1612464219,"event":{"mods":["BaseMod","Colored Map","Minty Spire (QoL Compilation)","Permanent Neow","Quick Restart","Relic Stats","StSLib","Unceasing Turn Reminder"],"gold_per_floor":[137,87,87,87,125,160,160,194,218,218,279,331,366,59,59,180,180,198,208,208,208,221,251,176,176,201,227,7,37,57,76,76,197,197,209,209,226,1225,1225,1225,1225,1254,1254,1286,1298,401,411,423,423,423,423,423,7,38,38],"floor_reached":56,"language":"ENG","playtime":2697,"items_purged":["Strike_G","Strike_G","Normality","Normality"],"score":1649,"play_id":"388eb466-c2a7-4716-91f9-7aaea3e00bab","local_time":"20210204114339","is_ascension_mode":true,"campfire_choices":[{"data":"HandOfGreed","floor":7.0,"key":"SMITH"},{"floor":10.0,"key":"REST"},{"data":"Footwork","floor":15.0,"key":"SMITH"},{"floor":25.0,"key":"REST"},{"floor":32,"key":"RECALL"},{"floor":40,"key":"REST"},{"floor":49,"key":"REST"},{"floor":52,"key":"REST"}],"circlet_count":0,"master_deck":["Strike_G","Defend_G","Defend_G","Defend_G","Defend_G","Survivor","Neutralize","HandOfGreed+1","Leg Sweep","Dodge and Roll","Bouncing Flask","Wraith Form v2","Footwork+1","Acrobatics","Poisoned Stab","Dash","Corpse Explosion","PiercingWail+1","Blade Dance","Dash","Dodge and Roll","Noxious Fumes","After Image","Apotheosis+1","Footwork","Burst","Well Laid Plans","A Thousand Cuts","Cloak And Dagger","Dodge and Roll","Magnetism","Jack Of All Trades","Master of Strategy","Madness","Madness","Outmaneuver+1","Regret","Tactician+1","Leg Sweep","Adrenaline","Backflip","Infinite Blades","Caltrops","Blur","Backflip","Acrobatics","Calculated Gamble","Escape Plan","Dagger Throw","Leg Sweep+1"],"relics":["Ring of the Snake","Juzu Bracelet","Blood Vial","Lantern","Centennial Puzzle","Happy Flower","Snake Skull","Fusion Hammer","The Courier","Gambling Chip","Oddly Smooth Stone","Cursed Key","Question Card","Paper Crane","Gremlin Horn","FossilizedHelix","Medical Kit","Ornamental Fan","Bag of Preparation","Toy Ornithopter"],"acts_visited":["Exordium","TheCity","TheBeyond","TheEnding"],"potions_floor_usage":[31,55,55,55],"damage_taken":[{"damage":4.0,"enemies":"Jaw Worm","floor":1.0,"turns":4.0},{"damage":0.0,"enemies":"Small Slimes","floor":5.0,"turns":2.0},{"damage":29.0,"enemies":"Gremlin Nob","floor":6.0,"turns":5.0},{"damage":11.0,"enemies":"Lagavulin","floor":8.0,"turns":6.0},{"damage":0.0,"enemies":"2 Louse","floor":11.0,"turns":3.0},{"damage":6.0,"enemies":"3 Sentries","floor":12.0,"turns":7.0},{"damage":3.0,"enemies":"Large Slime","floor":13.0,"turns":6.0},{"damage":1.0,"enemies":"The Guardian","floor":16.0,"turns":9.0},{"damage":1.0,"enemies":"Spheric Guardian","floor":18.0,"turns":4.0},{"damage":0.0,"enemies":"Shell Parasite","floor":19.0,"turns":4.0},{"damage":0.0,"enemies":"3 Cultists","floor":22.0,"turns":3.0},{"damage":28.0,"enemies":"Slavers","floor":23.0,"turns":4.0},{"damage":28.0,"enemies":"Gremlin Leader","floor":27.0,"turns":7.0},{"damage":6,"enemies":"Book of Stabbing","floor":29,"turns":7},{"damage":0,"enemies":"Cultist and Chosen","floor":30,"turns":5},{"damage":0,"enemies":"Sentry and Sphere","floor":31,"turns":5},{"damage":0,"enemies":"Collector","floor":33,"turns":7},{"damage":8,"enemies":"3 Darklings","floor":35,"turns":4},{"damage":3,"enemies":"Orb Walker","floor":37,"turns":3},{"damage":2,"enemies":"Giant Head","floor":42,"turns":7},{"damage":28,"enemies":"Nemesis","floor":44,"turns":9},{"damage":21,"enemies":"Maw","floor":45,"turns":7},{"damage":6,"enemies":"3 Darklings","floor":47,"turns":5},{"damage":0,"enemies":"Jaw Worm Horde","floor":48,"turns":4},{"damage":0,"enemies":"Donu and Deca","floor":50,"turns":10},{"damage":0,"enemies":"Shield and Spear","floor":54,"turns":6},{"damage":40,"enemies":"The Heart","floor":55,"turns":10}],"seed_played":"3381188350975499019","potions_obtained":[{"floor":6.0,"key":"SpeedPotion"},{"floor":8.0,"key":"Strength Potion"},{"floor":11.0,"key":"Fire Potion"},{"floor":16.0,"key":"PowerPotion"},{"floor":22.0,"key":"Regen Potion"},{"floor":29,"key":"Regen Potion"},{"floor":31,"key":"Block Potion"}],"is_trial":false,"path_per_floor":["M","?","?","?","M","E","R","E","T","R","M","E","M","$","R","B",null,"M","M","?","?","M","E","?","R","T","E","$","E","M","M","R","B",null,"M","?","M","?","?","R","?","E","T","E","M","$","M","M","R","B",null,"R","$","E","B",null],"character_chosen":"THE_SILENT","items_purchased":["Snake Skull","Dash","Apotheosis","Adrenaline","FossilizedHelix","Medical Kit","Backflip","Infinite Blades","Ornamental Fan","Caltrops","Bag of Preparation","Acrobatics","Calculated Gamble","Escape Plan","Dagger Throw"],"campfire_rested":5,"item_purchase_floors":[14,14,28,46,46,46,46,46,46,46,53,53,53,53,53],"current_hp_per_floor":[59,59,52,49,49,20,20,11,11,29,31,27,26,26,26,27,63,62,63,63,63,63,35,35,53,53,36,36,32,34,51,51,53,63,55,55,54,54,44,62,54,54,54,28,9,9,5,7,25,27,63,63,63,63,33],"gold":38,"neow_bonus":"RANDOM_COLORLESS_2","is_daily":false,"chose_seed":false,"campfire_upgraded":2,"win_rate":0.0,"timestamp":1612464219,"path_taken":["M","?","?","?","M","E","R","E","T","R","M","E","M","$","R","BOSS","M","M","?","?","M","E","?","R","T","E","$","E","M","M","R","BOSS","M","?","M","?","?","R","?","E","T","E","M","$","M","M","R","BOSS","R","$","E","BOSS"],"items_purchased_type":["Relic","Card","Card","Card","Relic","Relic","Card","Card","Relic","Card","Relic","Card","Card","Card","Card"],"build_version":"2020-12-22","purchased_purges":4,"victory":true,"max_hp_per_floor":[63,63,63,63,63,63,63,63,63,63,63,63,63,63,63,63,63,63,63,63,63,63,63,63,63,63,63,63,63,63,63,63,63,63,63,63,63,63,63,63,63,63,63,63,63,63,63,63,63,63,63,63,63,63,63],"relic_stats":{"Happy Flower":[42],"Gremlin Horn":[0,0],"counters":[27,153],"Snake Skull":[205],"Juzu Bracelet":1,"Bag of Preparation":[4],"Cursed Key":1,"Question Card":5,"Medical Kit":[4],"Blood Vial":35,"Centennial Puzzle":[42],"Ornamental Fan":[28],"Gambling Chip":[35],"obtain_stats":[{"Lantern":8,"Happy Flower":12,"Gremlin Horn":44,"Oddly Smooth Stone":29,"Snake Skull":14,"The Courier":23,"Juzu Bracelet":4,"Bag of Preparation":53,"Paper Crane":43,"Cursed Key":34,"Question Card":42,"Medical Kit":46,"Blood Vial":6,"Centennial Puzzle":9,"Ornamental Fan":46,"Gambling Chip":27,"Fusion Hammer":17,"FossilizedHelix":46,"Toy Ornithopter":54,"Ring of the Snake":0},{"Lantern":4,"Happy Flower":6,"Gremlin Horn":21,"Oddly Smooth Stone":14,"Snake Skull":7,"The Courier":12,"Juzu Bracelet":1,"Bag of Preparation":25,"Paper Crane":20,"Cursed Key":17,"Question Card":20,"Medical Kit":22,"Blood Vial":3,"Centennial Puzzle":4,"Ornamental Fan":22,"Gambling Chip":13,"Fusion Hammer":8,"FossilizedHelix":22,"Toy Ornithopter":26,"Ring of the Snake":0},{"Lantern":17,"Happy Flower":27,"Gremlin Horn":111,"Oddly Smooth Stone":71,"Snake Skull":33,"The Courier":57,"Juzu Bracelet":4,"Bag of Preparation":137,"Paper Crane":102,"Cursed Key":88,"Question Card":102,"Medical Kit":118,"Blood Vial":11,"Centennial Puzzle":17,"Ornamental Fan":118,"Gambling Chip":64,"Fusion Hammer":42,"FossilizedHelix":118,"Toy Ornithopter":143,"Ring of the Snake":0}],"Toy Ornithopter":10,"Ring of the Snake":[54]},"card_choices":[{"not_picked":["Panache","Secret Technique"],"picked":"HandOfGreed","floor":0.0},{"not_picked":["Slice","Flying Knee"],"picked":"Leg Sweep","floor":1.0},{"not_picked":["Masterful Stab","Deflect"],"picked":"Dodge and Roll","floor":5.0},{"not_picked":["Expertise","Doppelganger"],"picked":"Bouncing Flask","floor":6.0},{"not_picked":["Flechettes","Flying Knee"],"picked":"Wraith Form v2","floor":8.0},{"not_picked":["Cloak And Dagger","Distraction"],"picked":"Footwork","floor":11.0},{"not_picked":["Bane","Endless Agony"],"picked":"Acrobatics","floor":12.0},{"not_picked":["Bane","Deflect"],"picked":"Poisoned Stab","floor":13.0},{"not_picked":["Doppelganger","Unload"],"picked":"Corpse Explosion","floor":16.0},{"not_picked":["Dagger Throw","Dodge and Roll+1"],"picked":"PiercingWail+1","floor":18.0},{"not_picked":["Bane","All Out Attack"],"picked":"Blade Dance","floor":19.0},{"not_picked":["Bane","Distraction"],"picked":"Dodge and Roll","floor":22.0},{"not_picked":["Poisoned Stab","Dagger Spray"],"picked":"Noxious Fumes","floor":23.0},{"not_picked":["Dagger Throw","Slice+1"],"picked":"After Image","floor":27.0},{"not_picked":["Dagger Spray","Masterful Stab"],"picked":"Footwork","floor":29},{"not_picked":["Deadly Poison","Riddle With Holes"],"picked":"Burst","floor":30},{"not_picked":["Prepared+1","Expertise"],"picked":"Well Laid Plans","floor":31},{"not_picked":["Wraith Form v2","Adrenaline"],"picked":"A Thousand Cuts","floor":33},{"not_picked":["Quick Slash+1","Blade Dance"],"picked":"Cloak And Dagger","floor":35},{"not_picked":["Finisher+1","Choke+1"],"picked":"Dodge and Roll","floor":37},{"not_picked":["Bandage Up","Dramatic Entrance"],"picked":"Magnetism","floor":39},{"not_picked":["Trip","Enlightenment"],"picked":"Jack Of All Trades","floor":39},{"not_picked":["Violence","Flash of Steel"],"picked":"Master of Strategy","floor":39},{"not_picked":["Underhanded Strike+1","Grand Finale"],"picked":"Outmaneuver+1","floor":42},{"not_picked":["Acrobatics+1","Dodge and Roll","Dagger Spray"],"picked":"Tactician+1","floor":44},{"not_picked":["Underhanded Strike+1","Flying Knee","Outmaneuver"],"picked":"Leg Sweep","floor":45},{"not_picked":["Dagger Spray","Slice+1","Flechettes"],"picked":"Blur","floor":47},{"not_picked":["Masterful Stab+1","Prepared+1","Bane"],"picked":"Backflip","floor":48},{"not_picked":["Concentrate","Heel Hook+1","Well Laid Plans+1"],"picked":"Leg Sweep+1","floor":54}],"player_experience":1147229,"relics_obtained":[{"floor":6.0,"key":"Blood Vial"},{"floor":8.0,"key":"Lantern"},{"floor":9.0,"key":"Centennial Puzzle"},{"floor":12.0,"key":"Happy Flower"},{"floor":23.0,"key":"The Courier"},{"floor":27.0,"key":"Gambling Chip"},{"floor":29,"key":"Oddly Smooth Stone"},{"floor":42,"key":"Question Card"},{"floor":43,"key":"Paper Crane"},{"floor":44,"key":"Gremlin Horn"},{"floor":54,"key":"Toy Ornithopter"}],"event_choices":[{"cards_removed":["Strike_G"],"damage_healed":0.0,"max_hp_gain":0.0,"max_hp_loss":0.0,"gold_gain":0.0,"event_name":"The Cleric","player_choice":"Card Removal","floor":2.0,"gold_loss":50.0,"damage_taken":0.0},{"cards_removed":["Defend_G"],"damage_healed":0.0,"max_hp_gain":0.0,"max_hp_loss":0.0,"gold_gain":0.0,"event_name":"Golden Wing","player_choice":"Card Removal","floor":3.0,"gold_loss":0.0,"damage_taken":7.0},{"damage_healed":0.0,"max_hp_gain":0.0,"max_hp_loss":0.0,"gold_gain":0.0,"event_name":"Scrap Ooze","player_choice":"Success","floor":4.0,"gold_loss":0.0,"damage_taken":3.0,"relics_obtained":["Juzu Bracelet"]},{"damage_healed":0.0,"max_hp_gain":0.0,"max_hp_loss":0.0,"gold_gain":0.0,"event_name":"The Library","player_choice":"Read","floor":20.0,"gold_loss":0.0,"damage_taken":0.0,"cards_obtained":["Dash"]},{"damage_healed":0.0,"max_hp_gain":0.0,"max_hp_loss":0.0,"gold_gain":0.0,"event_name":"Ghosts","player_choice":"Ignored","floor":21.0,"gold_loss":0.0,"damage_taken":0.0},{"cards_removed":["Strike_G"],"damage_healed":0.0,"max_hp_gain":0.0,"max_hp_loss":0.0,"gold_gain":0.0,"event_name":"Beggar","player_choice":"Gave Gold","floor":24.0,"gold_loss":75.0,"damage_taken":0.0},{"damage_healed":0,"gold_gain":0,"player_choice":"Upgraded","damage_taken":0,"max_hp_gain":0,"max_hp_loss":0,"event_name":"Upgrade Shrine","floor":36,"gold_loss":0,"cards_upgraded":["Apotheosis"]},{"damage_healed":0,"gold_gain":999,"player_choice":"Gold","damage_taken":0,"max_hp_gain":0,"max_hp_loss":0,"event_name":"MindBloom","floor":38,"gold_loss":0,"cards_obtained":["Normality","Normality"]},{"damage_healed":0,"gold_gain":0,"player_choice":"Memory 3","damage_taken":10,"max_hp_gain":0,"max_hp_loss":0,"event_name":"SensoryStone","floor":39,"gold_loss":0},{"damage_healed":0,"gold_gain":0,"player_choice":"Embrace Madness","damage_taken":8,"max_hp_gain":0,"max_hp_loss":0,"event_name":"Winding Halls","floor":41,"gold_loss":0,"cards_obtained":["Madness","Madness"]}],"is_beta":false,"boss_relics":[{"not_picked":["Runic Dome","SlaversCollar"],"picked":"Fusion Hammer"},{"not_picked":["Philosopher\u0027s Stone","Tiny House"],"picked":"Cursed Key"}],"items_purged_floors":[14,28,46,53],"is_endless":false,"potions_floor_spawned":[6,8,11,16,18,22,29,31,37,42,47,54],"ascension_level":3}}