{"host":"x5w9zppki4gdwvc7","time":1612439182,"event":{"mods":["AchievementEnabler","BaseMod","Colored Powertips","DeckTracker","Minty Spire (QoL Compilation)"],"gold_per_floor":[117,117,192,192,203,203,230,244,244,244,276,276,305,320,320,417,417,430,464,362,377,60,60,60,60,60,95,95,108,108,122,122,222,222,235,235,6,6,17,17,47,62,62,62,62,62,75,87,87,87,87],"floor_reached":50,"language":"ENG","playtime":2997,"items_purged":["Strike_G"],"score":695,"play_id":"b55d0b0c-8aa8-4ad8-b1e1-1f9711315f01","local_time":"20210204124622","is_ascension_mode":true,"campfire_choices":[{"data":"Neutralize","floor":6,"key":"SMITH"},{"floor":10,"key":"REST"},{"floor":12,"key":"REST"},{"floor":15,"key":"REST"},{"floor":23,"key":"REST"},{"data":"Tools of the Trade","floor":28,"key":"SMITH"},{"data":"Underhanded Strike","floor":30,"key":"SMITH"},{"data":"A Thousand Cuts","floor":32,"key":"SMITH"},{"data":"After Image","floor":40,"key":"SMITH"},{"data":"Footwork","floor":49,"key":"SMITH"}],"circlet_count":0,"master_deck":["Defend_G","Defend_G+1","Defend_G","Defend_G","Defend_G","Survivor","Neutralize+1","Prepared","Backflip","A Thousand Cuts+1","Acrobatics","Tools of the Trade+1","Slice+1","Envenom+1","Bouncing Flask+1","Slice+1","Acrobatics","Underhanded Strike","Underhanded Strike+1","Bite","Bite","Bite","Bite","Underhanded Strike+1","Noxious Fumes","After Image+1","PiercingWail+1","Catalyst","Footwork+1","Trip"],"relics":["Ring of the Snake","StoneCalendar","Mercury Hourglass","Snake Skull","Akabeko","Astrolabe","Red Mask","Bird Faced Urn","Pen Nib","Bag of Marbles","Busted Crown","Strawberry","Oddly Smooth Stone","Blue Candle"],"acts_visited":["Exordium","TheCity","TheBeyond"],"potions_floor_usage":[7,11,11,16,18,27,33,39,45,50,50],"damage_taken":[{"damage":2,"enemies":"2 Louse","floor":1,"turns":4},{"damage":1,"enemies":"Small Slimes","floor":5,"turns":3},{"damage":24,"enemies":"3 Sentries","floor":7,"turns":9},{"damage":4,"enemies":"Cultist","floor":8,"turns":3},{"damage":28,"enemies":"Lagavulin","floor":11,"turns":7},{"damage":14,"enemies":"3 Sentries","floor":13,"turns":7},{"damage":0,"enemies":"Blue Slaver","floor":14,"turns":3},{"damage":23,"enemies":"Hexaghost","floor":16,"turns":13},{"damage":22,"enemies":"3 Byrds","floor":18,"turns":4},{"damage":28,"enemies":"Masked Bandits","floor":19,"turns":5},{"damage":6,"enemies":"Spheric Guardian","floor":21,"turns":3},{"damage":0,"enemies":"Gremlin Leader","floor":27,"turns":5},{"damage":0,"enemies":"Snake Plant","floor":29,"turns":2},{"damage":10,"enemies":"Shelled Parasite and Fungi","floor":31,"turns":4},{"damage":56,"enemies":"Automaton","floor":33,"turns":7},{"damage":33,"enemies":"3 Darklings","floor":35,"turns":4},{"damage":0,"enemies":"3 Shapes","floor":39,"turns":2},{"damage":17,"enemies":"Nemesis","floor":41,"turns":5},{"damage":11,"enemies":"Sphere and 2 Shapes","floor":42,"turns":4},{"damage":0,"enemies":"Reptomancer","floor":45,"turns":1},{"damage":3,"enemies":"3 Darklings","floor":47,"turns":5},{"damage":9,"enemies":"Maw","floor":48,"turns":5},{"damage":67,"enemies":"Time Eater","floor":50,"turns":9}],"seed_played":"-8534923345693488492","potions_obtained":[{"floor":0,"key":"FairyPotion"},{"floor":0,"key":"EssenceOfSteel"},{"floor":0,"key":"GhostInAJar"},{"floor":4,"key":"AttackPotion"},{"floor":8,"key":"ColorlessPotion"},{"floor":13,"key":"Energy Potion"},{"floor":14,"key":"SmokeBomb"},{"floor":16,"key":"PowerPotion"},{"floor":21,"key":"CunningPotion"},{"floor":31,"key":"LiquidMemories"},{"floor":33,"key":"AttackPotion"},{"floor":39,"key":"ColorlessPotion"},{"floor":42,"key":"PowerPotion"},{"floor":47,"key":"Swift Potion"}],"is_trial":false,"path_per_floor":["M","?","?","?","M","R","E","M","T","R","E","R","E","M","R","B",null,"M","?","$","M","$","R","$","?","T","E","R","M","R","M","R","B",null,"M","?","$","?","M","R","E","M","T","?","E","?","M","M","R","B"],"character_chosen":"THE_SILENT","items_purchased":["Acrobatics","Bird Faced Urn","Underhanded Strike","Footwork","Strawberry"],"campfire_rested":4,"item_purchase_floors":[20,22,22,37,37],"current_hp_per_floor":[68,54,43,43,42,42,18,14,14,35,7,28,14,14,35,12,70,48,20,20,14,14,35,35,35,35,43,43,49,49,44,44,14,49,28,28,35,35,37,37,40,43,43,43,43,43,54,55,55,0,0],"gold":87,"neow_bonus":"THREE_SMALL_POTIONS","is_daily":false,"chose_seed":false,"campfire_upgraded":6,"win_rate":0.0,"timestamp":1612439182,"path_taken":["M","?","?","?","M","R","E","?","T","R","E","R","E","M","R","BOSS","M","?","?","?","$","R","?","?","T","E","R","M","R","M","R","BOSS","M","?","?","?","M","R","E","?","T","?","E","?","?","M","R","BOSS"],"items_purchased_type":["Card","Relic","Card","Card","Relic"],"build_version":"2020-12-22","purchased_purges":1,"victory":false,"max_hp_per_floor":[70,70,70,70,70,70,70,70,70,70,70,70,70,70,70,70,70,70,70,70,70,70,70,70,49,49,49,49,49,49,49,49,49,49,49,49,56,56,56,56,56,56,56,56,56,56,56,56,56,56,56],"card_choices":[{"not_picked":["Masterful Stab","All Out Attack"],"picked":"Prepared","floor":1},{"not_picked":["Choke","Expertise"],"picked":"Flying Knee","floor":5},{"not_picked":["Finisher","Prepared"],"picked":"Backflip","floor":7},{"not_picked":["Poisoned Stab","Bane","Heel Hook"],"picked":"SKIP","floor":8},{"not_picked":["All Out Attack","Dagger Spray","Skewer"],"picked":"SKIP","floor":11},{"not_picked":["Leg Sweep","Doppelganger"],"picked":"A Thousand Cuts","floor":13},{"not_picked":["Concentrate","Terror"],"picked":"Acrobatics","floor":14},{"not_picked":["Doppelganger","Grand Finale"],"picked":"Tools of the Trade","floor":16},{"not_picked":["Caltrops","Tactician"],"picked":"Slice+1","floor":18},{"not_picked":["PiercingWail","Poisoned Stab"],"picked":"Underhanded Strike","floor":21},{"not_picked":["Cloak And Dagger","Slice"],"picked":"Underhanded Strike+1","floor":27},{"not_picked":["Deflect","Sucker Punch","Outmaneuver"],"picked":"SKIP","floor":29},{"not_picked":["Skewer+1","Underhanded Strike"],"picked":"Noxious Fumes","floor":31},{"not_picked":["Phantasmal Killer","Grand Finale"],"picked":"After Image","floor":33},{"not_picked":[],"picked":"PiercingWail+1","floor":35},{"not_picked":["Slice"],"picked":"SKIP","floor":39},{"not_picked":["Dagger Spray"],"picked":"SKIP","floor":41},{"not_picked":["Deflect+1"],"picked":"SKIP","floor":42},{"not_picked":[],"picked":"Trip","floor":44},{"not_picked":["Slice+1"],"picked":"SKIP","floor":47},{"not_picked":["Dodge and Roll+1"],"picked":"SKIP","floor":48}],"player_experience":462125,"relics_obtained":[{"floor":7,"key":"StoneCalendar"},{"floor":9,"key":"Mercury Hourglass"},{"floor":11,"key":"Snake Skull"},{"floor":13,"key":"Akabeko"},{"floor":19,"key":"Red Mask"},{"floor":26,"key":"Pen Nib"},{"floor":27,"key":"Bag of Marbles"},{"floor":41,"key":"Oddly Smooth Stone"},{"floor":43,"key":"Blue Candle"}],"event_choices":[{"damage_healed":0,"gold_gain":0,"player_choice":"Entered Light","damage_taken":14,"max_hp_gain":0,"max_hp_loss":0,"event_name":"Shining Light","floor":2,"gold_loss":0,"cards_upgraded":["Defend_G","Strike_G"]},{"damage_healed":0,"gold_gain":75,"player_choice":"Gather Gold","damage_taken":11,"max_hp_gain":0,"max_hp_loss":0,"event_name":"World of Goop","floor":3,"gold_loss":0},{"damage_healed":0,"gold_gain":0,"player_choice":"Got Potions","damage_taken":0,"max_hp_gain":0,"max_hp_loss":0,"event_name":"Lab","floor":4,"gold_loss":0},{"damage_healed":0,"gold_gain":0,"player_choice":"Fought Bandits","damage_taken":0,"max_hp_gain":0,"max_hp_loss":0,"event_name":"Masked Bandits","floor":19,"gold_loss":0},{"damage_healed":0,"gold_gain":0,"player_choice":"Became a vampire","damage_taken":0,"max_hp_gain":0,"max_hp_loss":21,"event_name":"Vampires","floor":25,"gold_loss":0,"cards_obtained":["Bite","Bite","Bite","Bite","Bite"]},{"damage_healed":0,"gold_gain":0,"player_choice":"1 cards matched","damage_taken":0,"max_hp_gain":0,"max_hp_loss":0,"event_name":"Match and Keep!","floor":36,"gold_loss":0,"cards_obtained":["Catalyst"]},{"cards_removed":["Bite"],"damage_healed":0,"gold_gain":0,"player_choice":"Removed Attack","damage_taken":0,"max_hp_gain":0,"max_hp_loss":0,"event_name":"Falling","floor":38,"gold_loss":0},{"damage_healed":0,"gold_gain":0,"player_choice":"Memory 1","damage_taken":0,"max_hp_gain":0,"max_hp_loss":0,"event_name":"SensoryStone","floor":44,"gold_loss":0},{"cards_removed":["Flying Knee"],"damage_healed":0,"gold_gain":0,"player_choice":"Purged","damage_taken":0,"max_hp_gain":0,"max_hp_loss":0,"event_name":"Purifier","floor":46,"gold_loss":0}],"is_beta":false,"boss_relics":[{"not_picked":["Fusion Hammer","Pandora\u0027s Box"],"picked":"Astrolabe"},{"not_picked":["Calling Bell","Coffee Dripper"],"picked":"Busted Crown"}],"items_purged_floors":[20],"is_endless":false,"potions_floor_spawned":[5,8,13,14,16,21,31,33,39,42,45,47],"killed_by":"Time Eater","ascension_level":3}}