{"host":"e1r14iqujvrv6qpf","time":1612422141,"event":{"mods":["AchievementEnabler","Act Like it!","Aspiration","Bard","BaseMod","BetterRewards","Colored Map","Colored Powertips","Conspire","Downfall","Friendly Minions","Gensokyo","Googly Eyes","Hallownest","Highlight Path","Hubris","KinomotoSakuraMod(木之本樱)","Koishi","KomeijiMod","LagranYue(拉格朗・月)","Lobotomy","Marisa（F雨　魔理沙）","Minty Spire (QoL Compilation)","Quick Restart","Reimu（博丽灵梦）","Remilia（蕾米莉亚）","Replay The Spire","Shop Mod","StSLib","The Administrix","The Animator","The Construct","The Cursed","The Servant 0.9.4","Waifu the Spire","WarShipGirlsR/战舰少女R mod","Youmu（魂魄妖梦）","Yuyuko"],"gold_per_floor":[99,110,123,123,139,139,166,194,119,129,144,144,144,144,163,265,265,215,232,252,252,269,269,269,219,238,238,258,258,277,310,330,330,330,330],"floor_reached":33,"language":"ZHS","playtime":3863,"items_purged":[],"score":296,"play_id":"42c90be0-d2d2-422a-a0f1-207483d81ee6","local_time":"20210204150221","is_ascension_mode":false,"campfire_choices":[{"data":"Slimebound:CorrosiveSpit","floor":6.0,"key":"SMITH"},{"floor":18.0,"key":"DIG"},{"data":"Slimebound:SpikyOuterGoop","floor":25.0,"key":"SMITH"}],"circlet_count":0,"master_deck":["conspire:GhostlyStrike","conspire:GhostlyStrike","Slimebound:Tackle","conspire:GhostlyDefend","conspire:GhostlyDefend","conspire:GhostlyDefend","conspire:GhostlyDefend","Slimebound:Split","Slimebound:CorrosiveSpit+1","Slimebound:HauntingLick","Slimebound:ItLooksTasty","Slimebound:PressTheAttack","Slimebound:GoopSpray","Slimebound:LeechingTouch","Slimebound:SpikyOuterGoop+1","Slimebound:ItLooksTasty","Slimebound:Equalize","Slimebound:DuplicatedForm","Slimebound:Overexert","Slimebound:Repurpose","Slimebound:SplitLeeching","downfall:Aged","Confused","Slimebound:Dissolve","Writhe","Slimebound:GoopSpray"],"relics":["Slimebound:AbsorbEndCombat","LagranYue:RandomDrawCardRelic","Replay:Wax Seal","Matryoshka","Slimebound:GreedOozeRelic","aspiration:ChemicalBlood","HornCleat","hubris:Towel","Cursed Key","Question Card","Enchiridion","hubris:64BitClover","hubris:ToyBattleship","aspiration:FrozenJewel","Centennial Puzzle","hubris:CrystalStatue"],"acts_visited":["Exordium","TheCity"],"potions_floor_usage":[30,31,33,33,33],"damage_taken":[{"damage":4.0,"enemies":"Jaw Worm","floor":2.0,"turns":4.0},{"damage":3.0,"enemies":"Small Slimes","floor":3.0,"turns":4.0},{"damage":3.0,"enemies":"Cultist","floor":5.0,"turns":2.0},{"damage":8.0,"enemies":"Gremlin Nob","floor":8.0,"turns":3.0},{"damage":9.0,"enemies":"Large Slime","floor":10.0,"turns":4.0},{"damage":5.0,"enemies":"2 Fungi Beasts","floor":11.0,"turns":3.0},{"damage":0.0,"enemies":"Exordium Thugs","floor":15.0,"turns":4.0},{"damage":10.0,"enemies":"IC_STATUS_ARCHETYPE","floor":16.0,"turns":7.0},{"damage":5.0,"enemies":"3 Byrds","floor":19.0,"turns":4.0},{"damage":27.0,"enemies":"Shell Parasite","floor":20.0,"turns":3.0},{"damage":40.0,"enemies":"Centurion and Healer","floor":22.0,"turns":4.0},{"damage":21.0,"enemies":"Cultist and Chosen","floor":26.0,"turns":4.0},{"damage":9.0,"enemies":"Sentry and Sphere","floor":28.0,"turns":5.0},{"damage":45,"enemies":"Centurion and Healer","floor":30,"turns":5},{"damage":12,"enemies":"conspire:SneckoGhost","floor":31,"turns":7},{"damage":0,"enemies":"3 Cultists","floor":32,"turns":4},{"damage":77,"enemies":"SI_MIRROR_ARCHETYPE","floor":33,"turns":8}],"seed_played":"-3359145869645006495","potions_obtained":[{"floor":8.0,"key":"Fire Potion"},{"floor":15.0,"key":"champ:CounterPotion"},{"floor":16.0,"key":"Toxic Potion"},{"floor":20.0,"key":"PowerPotion"},{"floor":22.0,"key":"Dexterity Potion"},{"floor":22.0,"key":"Elixir"},{"floor":28.0,"key":"Guardian:BlockOnCardUsePotion"},{"floor":30,"key":"bronze:BurnAndBuffPotion"},{"floor":30,"key":"Languid Potion"}],"is_trial":false,"path_per_floor":["R_BF","M","M","?","M","R","T","E","?","M","M","T","?","?","M","B",null,"R_BF","M","M","?","M","T","T","R","M","?","M","?","M","E","M","B"],"character_chosen":"SLIMEBOUND","items_purchased":[],"campfire_rested":0,"item_purchase_floors":[],"current_hp_per_floor":[71,71,71,71,71,71,71,65,65,64,67,67,67,72,76,72,76,76,73,73,57,38,38,38,38,50,50,59,59,41,45,61,0,0,0],"gold":330,"neow_bonus":"TEN_PERCENT_HP_BONUS","is_daily":false,"chose_seed":false,"campfire_upgraded":2,"win_rate":0.0,"timestamp":1612422141,"path_taken":["R_BF","M","M","?","M","R","T","E","?","?","M","?","?","?","M","BOSS","R_BF","M","M","?","M","?","T","R","M","?","M","?","M","E","M","BOSS"],"items_purchased_type":[],"build_version":"2020-12-22","purchased_purges":0,"victory":false,"max_hp_per_floor":[71,71,71,71,71,71,71,71,71,71,71,71,71,76,76,76,76,76,76,76,76,76,76,76,76,76,76,76,76,76,76,76,76,76,76],"card_choices":[{"not_picked":["Slimebound:PressTheAttack","Slimebound:LeadByExample"],"picked":"Slimebound:ItLooksTasty","floor":2.0},{"not_picked":["Slimebound:ItLooksTasty","Slimebound:ForwardTackle"],"picked":"Slimebound:PressTheAttack","floor":3.0},{"not_picked":["Slimebound:HauntingLick","Slimebound:SplitAcid"],"picked":"Slimebound:GoopSpray","floor":5.0},{"not_picked":["Slimebound:Prepare","Slimebound:FirmFortitude"],"picked":"Slimebound:LeechingTouch","floor":8.0},{"not_picked":["Slimebound:LeechEnergy","Slimebound:Dissolve"],"picked":"Slimebound:SpikyOuterGoop","floor":10.0},{"not_picked":["Slimebound:LeechingTouch","Slimebound:LeadByExample"],"picked":"Slimebound:ItLooksTasty","floor":11.0},{"not_picked":["Slimebound:RollThrough","Slimebound:SplitLeeching"],"picked":"Slimebound:Equalize","floor":15.0},{"not_picked":["Slimebound:MassRepurpose","Slimebound:MassFeed"],"picked":"Slimebound:DuplicatedForm","floor":16.0},{"not_picked":["Slimebound:SplitLeeching","Slimebound:LivingWall","Slimebound:RollThrough"],"picked":"Slimebound:Overexert","floor":19.0},{"not_picked":["Slimebound:HauntingLick","Slimebound:Equalize+1","Slimebound:LeechEnergy"],"picked":"Slimebound:Repurpose","floor":20.0},{"not_picked":["Slimebound:SplitAcid","Slimebound:Grow","Slimebound:RejuvenatingLick"],"picked":"Slimebound:SplitLeeching","floor":22.0},{"not_picked":["Slimebound:LivingWall","Slimebound:Schlurp","Slimebound:GoopTackle+1","Slimebound:FirmFortitude"],"picked":"SKIP","floor":26.0},{"not_picked":["Slimebound:LevelUp","Slimebound:Prepare","Slimebound:ComboTackle"],"picked":"Slimebound:Dissolve","floor":28.0},{"not_picked":["Slimebound:DouseInSlime","Slimebound:SplitBruiser","Slimebound:Prepare+1"],"picked":"Slimebound:GoopSpray","floor":30},{"not_picked":["Slimebound:FlameTackle","Slimebound:MegaLick","Slimebound:GoopSpray","Slimebound:Prepare"],"picked":"SKIP","floor":31},{"not_picked":["Slimebound:LeechingTouch","Slimebound:SlimeSpikes","Slimebound:GrowthPunch+1","Slimebound:Prepare+1"],"picked":"SKIP","floor":32}],"player_experience":248893,"relics_obtained":[{"floor":7.0,"key":"Replay:Wax Seal"},{"floor":8.0,"key":"Matryoshka"},{"floor":12.0,"key":"aspiration:ChemicalBlood"},{"floor":12.0,"key":"HornCleat"},{"floor":18.0,"key":"Question Card"},{"floor":21.0,"key":"Enchiridion"},{"floor":23.0,"key":"hubris:64BitClover"},{"floor":23.0,"key":"hubris:ToyBattleship"},{"floor":24.0,"key":"aspiration:FrozenJewel"},{"floor":31,"key":"hubris:CrystalStatue"}],"event_choices":[{"damage_healed":0.0,"max_hp_gain":0.0,"max_hp_loss":0.0,"gold_gain":0.0,"event_name":"conspire:LoneGhost","player_choice":"Agree","floor":4.0,"gold_loss":0.0,"damage_taken":0.0},{"damage_healed":0.0,"max_hp_gain":5.0,"max_hp_loss":0.0,"gold_gain":0.0,"event_name":"Big Fish","player_choice":"Donut","floor":14.0,"gold_loss":0.0,"damage_taken":0.0},{"damage_healed":0.0,"max_hp_gain":0.0,"max_hp_loss":0.0,"gold_gain":0.0,"event_name":"Vampires","player_choice":"Ignored","floor":27.0,"gold_loss":0.0,"damage_taken":0.0}],"is_beta":false,"boss_relics":[{"not_picked":["Empty Cage","aspiration:BardSkillbook"],"picked":"Cursed Key"}],"items_purged_floors":[],"is_endless":false,"potions_floor_spawned":[8,15,16,20,28,30],"killed_by":"SI_MIRROR_ARCHETYPE","ascension_level":0}}