{"host":"ez9lh5a3k31ytd04","time":1612439198,"event":{"mods":["Act Like it!","Arknights","Aspiration","BaseMod","Conspire","Downfall","Energized Spire","Jedi Mod","Minty Spire (QoL Compilation)","Quarter Circle Forward PUNCH!","Quick Restart","Relic Filter Mod","Reliquary","Replay The Spire","Spicy Shops","StSLib","TestMod","¡¾ÒÅÎï¿¨ÅÆ¡¿REMEMod"],"gold_per_floor":[117,17,54,132,168,221,221,146,146,222,264,305,305,370,370,515,515,567,81,81,81,126,174,12,12,37,82,102,157,188,283,283,426,426,446,446,505,505,48,91,165,165,165,250,75,146,222,256,256,262],"floor_reached":51,"language":"ZHS","playtime":2461,"items_purged":["Strike_R","CommonCold","Strike_R","Defend_R","Strike_R"],"score":1474,"play_id":"a171fb12-37fb-4787-acc8-533088897228","local_time":"20210204194638","is_ascension_mode":true,"campfire_choices":[{"data":"Adrenaline","floor":7,"key":"SMITH"},{"data":"Infernal Blade","floor":15,"key":"SMITH"},{"data":"jedi:fear","floor":25,"key":"SMITH"},{"data":"jedi:fear","floor":32,"key":"SMITH"},{"data":"Replay:Undeath\u0027s Touch","floor":42,"key":"SMITH"},{"data":"Heavy Blade","floor":49,"key":"SMITH"}],"circlet_count":0,"master_deck":["Strike_R+1","Strike_R+1","Defend_R","Defend_R","Defend_R","Bash","Adrenaline+1","Infernal Blade+1","conspire:SpireCoStock","Twin Strike","Twin Strike","Iron Wave","Thunderclap","Iron Wave+1","jedi:fear+1","jedi:fear+1","Replay:Undeath\u0027s Touch+1","Replay:Undeath\u0027s Touch","Thunderclap+1","Clash","Thunderclap+1","Inflame","jedi:unlimitedpower","Rupture+1","Heavy Blade+1","testmod-Provocation","Pummel","Clash","ReplayTheSpireMod:Limb From Limb+1","jedi:fear","Power Through+1","Clash","Heavy Blade+1"],"relics":["Burning Blood","testmod-TestBox","REME_ComplimentaryCards","testmod-PortableAltar","reliquary:Boomerang","Replay:Ringing Soul","Simple Rune","REME_ArchaeologicalTools","ReplayFunnel","ReplayTheSpireMod:Ring of Collecting","jedi:arcanewood","reliquary:RedCape","ReplayTheSpireMod:TigerMarble","Sling","jedi:shrinkray","reliquary:FeatherDuster","ReplayTheSpireMod:Ring of Challenge","testmod-IndustrialRevolution","testmod-AssaultLearning","testmod-Muramasa","qcfpunch:Spiky_Bracers","aspiration:PoetsPen","REME_HandOfSuture","Sundial","Ring of Searing","qcfpunch:Fighting_Gloves","REME_PuzzleBoxRelic","Bottled Lightning","MealTicket"],"acts_visited":["Exordium","TheCity","TheBeyond"],"potions_floor_usage":[5,11,14,16,29,31,31,50],"damage_taken":[{"damage":10,"enemies":"Small Slimes","floor":1,"turns":3},{"damage":10,"enemies":"Jaw Worm","floor":3,"turns":3},{"damage":2,"enemies":"2 Louse","floor":5,"turns":3},{"damage":17,"enemies":"Gremlin Nob","floor":6,"turns":3},{"damage":1,"enemies":"Blue Slaver","floor":10,"turns":3},{"damage":0,"enemies":"2 Fungi Beasts","floor":11,"turns":2},{"damage":6,"enemies":"3 Sentries","floor":12,"turns":5},{"damage":3,"enemies":"Gremlin Nob","floor":14,"turns":3},{"damage":25,"enemies":"The Guardian","floor":16,"turns":5},{"damage":0,"enemies":"Chosen","floor":18,"turns":3},{"damage":8,"enemies":"3 Byrds","floor":22,"turns":3},{"damage":0,"enemies":"conspire:SneckoGhost","floor":23,"turns":3},{"damage":12,"enemies":"Snake Plant","floor":27,"turns":3},{"damage":0,"enemies":"Shelled Parasite and Fungi","floor":28,"turns":2},{"damage":0,"enemies":"conspire:Head Lice","floor":29,"turns":3},{"damage":0,"enemies":"Gremlin Leader","floor":31,"turns":2},{"damage":4,"enemies":"conspire:MysteriousRune","floor":33,"turns":4},{"damage":0,"enemies":"Orb Walker","floor":35,"turns":1},{"damage":13,"enemies":"3 Darklings","floor":37,"turns":3},{"damage":0,"enemies":"Giant Head","floor":40,"turns":1},{"damage":2,"enemies":"Spire Growth","floor":41,"turns":1},{"damage":10,"enemies":"Transient","floor":44,"turns":3},{"damage":10,"enemies":"Reptomancer","floor":46,"turns":1},{"damage":0,"enemies":"4 Shapes","floor":47,"turns":1},{"damage":0,"enemies":"Nemesis","floor":48,"turns":1},{"damage":25,"enemies":"Time Eater","floor":50,"turns":3}],"seed_played":"-6522050773580371784","potions_obtained":[{"floor":1,"key":"Block Potion"},{"floor":5,"key":"BloodPotion"},{"floor":6,"key":"Fire Potion"},{"floor":11,"key":"Explosive Potion"},{"floor":14,"key":"SteroidPotion"},{"floor":23,"key":"Strength Potion"},{"floor":29,"key":"Strength Potion"},{"floor":33,"key":"Weak Potion"},{"floor":35,"key":"Adrenaline Potion"},{"floor":40,"key":"Energy Potion"}],"is_trial":false,"path_per_floor":["M","?","M","T","M","E","R","$","T","M","M","E","?","E","R","B",null,"M","$","?","?","M","E","$","R","T","M","M","E","?","E","R","B",null,"M","?","M","?","$","E","M","R","T","M","$","E","M","E","R","B",null],"character_chosen":"IRONCLAD","items_purchased":["ReplayTheSpireMod:TigerMarble","Sling","testmod-Automaton","Replay:Undeath\u0027s Touch","testmod-Provocation","REME_HandOfSuture","Pummel"],"campfire_rested":0,"item_purchase_floors":[19,19,19,24,39,39,39],"current_hp_per_floor":[68,68,64,64,71,63,63,63,63,68,74,77,79,81,80,60,74,80,82,81,80,80,84,86,85,84,77,85,87,68,91,90,92,91,93,92,87,87,90,97,99,98,97,95,95,94,102,104,103,83],"gold":262,"neow_bonus":"RANDOM_COMMON_RELIC","is_daily":false,"chose_seed":false,"campfire_upgraded":6,"win_rate":0.0,"timestamp":1612439198,"path_taken":["M","?","M","?","M","E","R","$","T","M","M","E","?","E","R","BOSS","M","$","?","?","M","E","$","R","T","M","M","E","?","E","R","BOSS","M","?","?","?","$","E","M","R","T","M","?","E","M","E","R","BOSS"],"items_purchased_type":["Relic","Relic","Card","Card","Card","Relic","Card"],"build_version":"2020-12-22","purchased_purges":5,"victory":true,"max_hp_per_floor":[79,78,77,76,78,80,79,78,77,76,75,77,79,81,80,79,78,80,82,81,80,82,84,86,85,84,83,85,87,89,91,90,92,91,93,92,94,93,95,97,99,98,97,99,98,100,102,104,103,102],"card_choices":[{"not_picked":["jedi:hate","Body Slam"],"picked":"Infernal Blade","floor":1},{"not_picked":["Rampage","ReplayTheSpireMod:Muscle Training"],"picked":"Twin Strike","floor":3},{"not_picked":["Life Link","Second Wind"],"picked":"Twin Strike","floor":5},{"not_picked":["Replay:Undeath\u0027s Touch","Burning Pact"],"picked":"Blood for Blood","floor":6},{"not_picked":["Massacre","ReplayTheSpireMod:Strike From Hell","Warcry"],"picked":"SKIP","floor":10},{"not_picked":["Perfected Strike","ReplayTheSpireMod:Corrosion Curse","Rupture"],"picked":"SKIP","floor":11},{"not_picked":["Juggernaut","ReplayReversal"],"picked":"Iron Wave","floor":12},{"not_picked":["Havoc","Wild Strike"],"picked":"Thunderclap","floor":14},{"not_picked":["Headbutt","Cleave"],"picked":"Iron Wave+1","floor":18},{"not_picked":["Life Link","REME_Scribble"],"picked":"jedi:fear","floor":22},{"not_picked":["Barricade","Sword Boomerang+1"],"picked":"jedi:fear","floor":23},{"not_picked":["Cleave","Body Slam","Headbutt"],"picked":"SKIP","floor":27},{"not_picked":["Shrug It Off+1","Rampage+1"],"picked":"Thunderclap+1","floor":28},{"not_picked":["Carnage+1","Armaments"],"picked":"Clash","floor":29},{"not_picked":["Shockwave","Cleave+1"],"picked":"Thunderclap+1","floor":30},{"not_picked":["Disarm+1","Twin Strike+1"],"picked":"Inflame","floor":31},{"not_picked":["Juggernaut","Offering"],"picked":"jedi:unlimitedpower","floor":33},{"not_picked":["Burning Pact+1","Hemokinesis"],"picked":"Rupture+1","floor":35},{"not_picked":["jedi:MakeshiftSword","Feel No Pain+1"],"picked":"Heavy Blade","floor":37},{"not_picked":["REME_Cut+1","REME_SingleHolding+1"],"picked":"Clash","floor":40},{"not_picked":["jedi:MakeshiftSword","Body Slam"],"picked":"ReplayTheSpireMod:Limb From Limb+1","floor":41},{"not_picked":["Havoc","Twin Strike"],"picked":"jedi:fear","floor":44},{"not_picked":["ReplayTheSpireMod:Muscle Training+1","Clash"],"picked":"Power Through+1","floor":46},{"not_picked":["Blood for Blood+1","True Grit"],"picked":"Clash","floor":47},{"not_picked":["Replay:Undeath\u0027s Touch","Second Wind"],"picked":"Heavy Blade+1","floor":48}],"player_experience":61090,"relics_obtained":[{"floor":4,"key":"Replay:Ringing Soul"},{"floor":6,"key":"Simple Rune"},{"floor":9,"key":"REME_ArchaeologicalTools"},{"floor":12,"key":"ReplayFunnel"},{"floor":13,"key":"ReplayTheSpireMod:Ring of Collecting"},{"floor":14,"key":"jedi:arcanewood"},{"floor":20,"key":"jedi:shrinkray"},{"floor":23,"key":"reliquary:FeatherDuster"},{"floor":26,"key":"ReplayTheSpireMod:Ring of Challenge"},{"floor":26,"key":"testmod-IndustrialRevolution"},{"floor":29,"key":"testmod-AssaultLearning"},{"floor":30,"key":"testmod-Muramasa"},{"floor":31,"key":"qcfpunch:Spiky_Bracers"},{"floor":40,"key":"Sundial"},{"floor":43,"key":"Ring of Searing"},{"floor":43,"key":"qcfpunch:Fighting_Gloves"},{"floor":44,"key":"REME_PuzzleBoxRelic"},{"floor":46,"key":"Bottled Lightning"},{"floor":48,"key":"MealTicket"}],"event_choices":[{"damage_healed":0,"gold_gain":0,"player_choice":"Invest 2","damage_taken":0,"max_hp_gain":0,"max_hp_loss":0,"event_name":"conspire:Investor","floor":2,"gold_loss":0},{"damage_healed":0,"gold_gain":0,"player_choice":"Ignored","damage_taken":0,"max_hp_gain":0,"max_hp_loss":0,"event_name":"Tomb of Lord Red Mask","floor":36,"gold_loss":0},{"cards_removed":["conspire:SpireCoStock"],"damage_healed":0,"gold_gain":0,"player_choice":"Removed Skill","damage_taken":0,"max_hp_gain":0,"max_hp_loss":0,"event_name":"Falling","floor":38,"gold_loss":0}],"is_beta":false,"boss_relics":[{"not_picked":["energizedSpire:NeverEndingSparkler","Velvet Choker"],"picked":"reliquary:RedCape"},{"not_picked":["Replay:Drink Me","REME_DuelDisc"],"picked":"aspiration:PoetsPen"}],"items_purged_floors":[8,19,24,39,45],"is_endless":false,"potions_floor_spawned":[1,5,6,11,12,14,23,29,33,35,40,46],"ascension_level":9}}