{"host":"x5w9zppki4gdwvc7","time":1612466439,"event":{"mods":["AchievementEnabler","BaseMod","Colored Powertips","DeckTracker","Minty Spire (QoL Compilation)"],"gold_per_floor":[116,131,143,119,119,144,144,144,144],"floor_reached":8,"language":"ENG","playtime":445,"items_purged":[],"score":67,"play_id":"6052ca26-b72e-4a3a-b59b-bc5e74288fda","local_time":"20210204202039","is_ascension_mode":true,"campfire_choices":[{"data":"Dagger Spray","floor":7,"key":"SMITH"}],"circlet_count":0,"master_deck":["Strike_G","Strike_G","Strike_G","Strike_G","Defend_G","Defend_G","Defend_G","Defend_G","Defend_G","Survivor","Neutralize","Blade Dance","Dagger Spray+1","Outmaneuver","Bouncing Flask","Deadly Poison","Unload"],"relics":["Ring of the Snake","Dream Catcher"],"acts_visited":["Exordium"],"potions_floor_usage":[6],"damage_taken":[{"damage":4,"enemies":"Jaw Worm","floor":1,"turns":4},{"damage":0,"enemies":"Cultist","floor":2,"turns":3},{"damage":6,"enemies":"2 Louse","floor":3,"turns":3},{"damage":40,"enemies":"3 Sentries","floor":6,"turns":6},{"damage":20,"enemies":"Lagavulin","floor":8,"turns":3}],"seed_played":"2249626660509932055","potions_obtained":[{"floor":2,"key":"FearPotion"},{"floor":3,"key":"PowerPotion"}],"is_trial":false,"path_per_floor":["M","M","M","$","?","E","R","E"],"character_chosen":"THE_SILENT","items_purchased":["Deadly Poison"],"campfire_rested":0,"item_purchase_floors":[4],"current_hp_per_floor":[66,66,60,60,60,20,20,0,0],"gold":144,"neow_bonus":"THREE_CARDS","is_daily":false,"chose_seed":false,"campfire_upgraded":1,"win_rate":0.0,"timestamp":1612466439,"path_taken":["M","M","M","$","?","E","R","E"],"items_purchased_type":["Card"],"build_version":"2020-12-22","purchased_purges":0,"victory":false,"max_hp_per_floor":[70,70,70,70,70,70,70,70,70],"card_choices":[{"not_picked":["Dagger Throw","Slice"],"picked":"Blade Dance","floor":0},{"not_picked":["Skewer","Dash"],"picked":"Dagger Spray","floor":1},{"not_picked":["Slice","Poisoned Stab"],"picked":"Outmaneuver","floor":2},{"not_picked":["Dagger Spray","Caltrops"],"picked":"Bouncing Flask","floor":3},{"not_picked":["Masterful Stab","Prepared","Riddle With Holes"],"picked":"SKIP","floor":6}],"player_experience":485057,"relics_obtained":[{"floor":6,"key":"Dream Catcher"}],"event_choices":[{"damage_healed":0,"gold_gain":0,"cards_transformed":["Strike_G"],"player_choice":"Transformed","damage_taken":0,"max_hp_gain":0,"max_hp_loss":0,"event_name":"Transmorgrifier","floor":5,"gold_loss":0,"cards_obtained":["Unload"]}],"is_beta":false,"boss_relics":[],"items_purged_floors":[],"is_endless":false,"potions_floor_spawned":[2,3],"killed_by":"Lagavulin","ascension_level":4}}