{"host":"djoj10dqzzvtkauc","time":1612468484,"event":{"mods":["2.2 Compatiblity","BaseMod","Colored Map","DeckTracker","Highlight Path","Keyboard Shortcuts","Marisa£¨Ùöéë¡¡Øª×âÞÞ£©","Minty Spire (QoL Compilation)","Permanent Neow","Quick Restart","Random Character Button","StSLib","SuperFastMode","everything is the same but u backflip on backflip"],"gold_per_floor":[119,119,136,156,175,200,200,212,212,222,222,94,125,125,125,221,221,235,5,24,34,34,34,50,50,76,89,89,100,100,125,125,125,125],"floor_reached":33,"language":"KOR","playtime":1242,"items_purged":["Strike_G","Strike_G"],"score":304,"play_id":"4c3cd71b-8ddb-4d9b-962e-e5d8638238ca","local_time":"20210205045444","is_ascension_mode":false,"campfire_choices":[{"data":"Accuracy","floor":7,"key":"SMITH"},{"data":"Finisher","floor":11,"key":"SMITH"},{"data":"Infinite Blades","floor":15,"key":"SMITH"},{"data":"A Thousand Cuts","floor":23,"key":"SMITH"},{"floor":30,"key":"REST"},{"floor":32,"key":"REST"}],"circlet_count":0,"master_deck":["Strike_G+1","Defend_G","Defend_G","Defend_G","Defend_G","Survivor","Neutralize","Poisoned Stab","Cloak And Dagger+1","Poisoned Stab+1","Accuracy+1","Die Die Die","Backflip","Finisher+1","Deflect","Infinite Blades+1","Envenom","Calculated Gamble+1","Eviscerate+1","Heel Hook+1","PiercingWail","Infinite Blades","Cloak And Dagger","Cloak And Dagger","A Thousand Cuts+1","Shame","Terror","Leg Sweep","Acrobatics","Tools of the Trade+1"],"relics":["Ring of the Snake","Kunai","Lantern","Whetstone","Astrolabe","Frozen Egg 2","Pen Nib","Shuriken"],"acts_visited":["Exordium","TheCity"],"potions_floor_usage":[24,31,33,33],"damage_taken":[{"damage":0,"enemies":"Jaw Worm","floor":1,"turns":4},{"damage":3,"enemies":"2 Louse","floor":3,"turns":3},{"damage":2,"enemies":"Small Slimes","floor":4,"turns":3},{"damage":12,"enemies":"Exordium Wildlife","floor":5,"turns":5},{"damage":14,"enemies":"Lagavulin","floor":6,"turns":7},{"damage":0,"enemies":"Exordium Thugs","floor":8,"turns":3},{"damage":3,"enemies":"3 Louse","floor":10,"turns":2},{"damage":0,"enemies":"Gremlin Nob","floor":13,"turns":3},{"damage":25,"enemies":"The Guardian","floor":16,"turns":10},{"damage":3,"enemies":"Chosen","floor":18,"turns":4},{"damage":19,"enemies":"3 Byrds","floor":20,"turns":5},{"damage":7,"enemies":"Sentry and Sphere","floor":21,"turns":5},{"damage":11,"enemies":"Snake Plant","floor":24,"turns":4},{"damage":15,"enemies":"Snecko","floor":27,"turns":3},{"damage":4,"enemies":"Shelled Parasite and Fungi","floor":29,"turns":4},{"damage":12,"enemies":"Book of Stabbing","floor":31,"turns":4},{"damage":33,"enemies":"Collector","floor":33,"turns":7}],"seed_played":"6690928676626187690","potions_obtained":[{"floor":3,"key":"GhostInAJar"},{"floor":4,"key":"Ancient Potion"},{"floor":8,"key":"PowerPotion"},{"floor":24,"key":"Poison Potion"},{"floor":31,"key":"PowerPotion"}],"is_trial":false,"path_per_floor":["M","?","M","M","M","E","R","M","T","M","R","$","E","?","R","B",null,"M","$","M","M","?","R","M","?","T","M","$","M","R","E","R","B"],"character_chosen":"THE_SILENT","items_purchased":["Deflect","Infinite Blades","Cloak And Dagger"],"campfire_rested":2,"item_purchase_floors":[12,19,19],"current_hp_per_floor":[70,70,67,65,53,39,39,39,39,36,36,36,36,59,59,34,70,67,67,48,41,41,41,30,30,30,15,15,11,32,20,41,8,8],"gold":125,"neow_bonus":"THREE_CARDS","is_daily":false,"chose_seed":false,"campfire_upgraded":4,"win_rate":0.0,"timestamp":1612468484,"path_taken":["M","?","M","M","M","E","R","M","T","M","R","$","E","?","R","BOSS","M","$","M","M","?","R","M","?","T","M","?","M","R","E","R","BOSS"],"items_purchased_type":["Card","Card","Card"],"build_version":"2020-12-22","purchased_purges":2,"victory":false,"max_hp_per_floor":[70,70,70,70,70,70,70,70,70,70,70,70,70,70,70,70,70,70,70,70,70,70,70,70,70,70,70,70,70,70,70,70,70,70],"card_choices":[{"not_picked":["Distraction","Catalyst"],"picked":"Poisoned Stab","floor":0},{"not_picked":["Slice","Deadly Poison"],"picked":"Cloak And Dagger","floor":1},{"not_picked":["Deadly Poison","Setup"],"picked":"Poisoned Stab","floor":3},{"not_picked":["Reflex","Quick Slash"],"picked":"Accuracy","floor":4},{"not_picked":["Expertise","Setup"],"picked":"Die Die Die","floor":5},{"not_picked":["Riddle With Holes","Underhanded Strike","Grand Finale"],"picked":"SKIP","floor":6},{"not_picked":["Dagger Spray","Well Laid Plans"],"picked":"Backflip","floor":8},{"not_picked":["Acrobatics","Masterful Stab"],"picked":"Finisher","floor":10},{"not_picked":["Finisher","Corpse Explosion"],"picked":"Infinite Blades","floor":13},{"not_picked":["Phantasmal Killer","Glass Knife"],"picked":"Envenom","floor":16},{"not_picked":["Bane","Outmaneuver"],"picked":"PiercingWail","floor":18},{"not_picked":["Underhanded Strike","Poisoned Stab"],"picked":"Cloak And Dagger","floor":20},{"not_picked":["Predator+1","Blade Dance"],"picked":"A Thousand Cuts","floor":21},{"not_picked":["PiercingWail+1","Leg Sweep"],"picked":"Terror","floor":24},{"not_picked":["Bane+1","Dagger Spray"],"picked":"Leg Sweep","floor":27},{"not_picked":["Deadly Poison+1","Dagger Spray"],"picked":"Acrobatics","floor":29},{"not_picked":["Sucker Punch","Dagger Throw"],"picked":"Tools of the Trade+1","floor":31}],"player_experience":169613,"relics_obtained":[{"floor":6,"key":"Kunai"},{"floor":9,"key":"Lantern"},{"floor":13,"key":"Whetstone"},{"floor":26,"key":"Pen Nib"},{"floor":31,"key":"Shuriken"}],"event_choices":[{"damage_healed":0,"gold_gain":0,"player_choice":"Grow","damage_taken":0,"max_hp_gain":0,"max_hp_loss":0,"event_name":"Living Wall","floor":2,"gold_loss":0,"cards_upgraded":["Cloak And Dagger"]},{"damage_healed":23,"gold_gain":0,"player_choice":"Banana","damage_taken":0,"max_hp_gain":0,"max_hp_loss":0,"event_name":"Big Fish","floor":14,"gold_loss":0},{"damage_healed":0,"gold_gain":0,"player_choice":"Stole Relic","damage_taken":0,"relics_obtained":["Frozen Egg 2"],"max_hp_gain":0,"max_hp_loss":0,"event_name":"Addict","floor":22,"gold_loss":0,"cards_obtained":["Shame"]},{"damage_healed":0,"gold_gain":0,"player_choice":"Ignored","damage_taken":0,"max_hp_gain":0,"max_hp_loss":0,"event_name":"Vampires","floor":25,"gold_loss":0}],"is_beta":false,"boss_relics":[{"not_picked":["Cursed Key","Busted Crown"],"picked":"Astrolabe"}],"items_purged_floors":[12,19],"is_endless":false,"potions_floor_spawned":[3,4,8,16,21,24,27,31],"killed_by":"Collector","ascension_level":0}}