{"host":"9kesdg97wkrx2bva","time":1612426272,"event":{"mods":["AchievementEnabler","BaseMod","Colored Map","GifTheSpireLib","Infinite Spire","Minty Spire (QoL Compilation)","Replay The Spire","StSLib"],"gold_per_floor":[115,125,143,68,68,68,100,100,100,100,250,250,260,72,72,151,151,162,162,162,162],"floor_reached":20,"language":"ENG","playtime":524,"items_purged":["Doubt"],"score":323,"play_id":"d74195ba-2eec-4348-8701-5ef34e31e2c7","local_time":"20210204021112","is_ascension_mode":true,"campfire_choices":[{"floor":6,"key":"REST"},{"floor":8,"key":"REST"},{"data":"ReplayTheSpireMod:Calculation Training","floor":12,"key":"SMITH"},{"floor":15,"key":"REST"}],"circlet_count":0,"master_deck":["AscendersBane","Strike_B","Strike_B","Strike_B","Defend_B","Defend_B","Defend_B","Zap","Dualcast","ReplayTheSpireMod:Calculation Training+1","BasicCrystalCard","Coolheaded","Defragment","Loop","White Noise","Storm","Machine Learning","CurseOfTheBell"],"relics":["Cracked Core","Mercury Hourglass","Divine Protection","Calling Bell","Ancient Tea Set","Matryoshka","Replay:Multitool","MutagenicStrength"],"acts_visited":["Exordium","TheCity"],"potions_floor_usage":[7,13],"damage_taken":[{"damage":2,"enemies":"Cultist","floor":1,"turns":4},{"damage":7,"enemies":"Jaw Worm","floor":2,"turns":3},{"damage":17,"enemies":"Small Slimes","floor":3,"turns":3},{"damage":37,"enemies":"3 Sentries","floor":7,"turns":10},{"damage":3,"enemies":"Looter","floor":13,"turns":2},{"damage":1,"enemies":"Fading Forest","floor":16,"turns":11},{"damage":49,"enemies":"Chosen","floor":18,"turns":6},{"damage":15,"enemies":"3 Byrds","floor":20,"turns":2}],"seed_played":"4981503515308245076","potions_obtained":[{"floor":2,"key":"SteroidPotion"},{"floor":7,"key":"BlessingOfTheForge"}],"is_trial":false,"path_per_floor":["M","M","M","$","?","R","E","R","T","?","?","R","M","$","R","B",null,"M","?","M"],"character_chosen":"DEFECT","items_purchased":["Defragment","White Noise","Storm"],"campfire_rested":3,"item_purchase_floors":[4,14,14],"current_hp_per_floor":[44,37,20,20,20,41,4,25,25,25,25,25,22,22,43,42,64,15,15,0,0],"gold":162,"neow_bonus":"REMOVE_TWO","is_daily":false,"chose_seed":false,"campfire_upgraded":1,"win_rate":0.0,"timestamp":1612426272,"path_taken":["M","M","?","$","?","R","E","R","T","?","?","R","?","$","R","BOSS","M","?","M"],"items_purchased_type":["Card","Card","Card"],"build_version":"2020-12-22","purchased_purges":1,"victory":false,"max_hp_per_floor":[71,71,71,71,71,71,71,71,71,71,71,71,71,71,71,71,71,71,71,71,71],"card_choices":[{"not_picked":["Conserve Battery","Coolheaded"],"picked":"ReplayTheSpireMod:Calculation Training","floor":1},{"not_picked":["Leap","Sunder"],"picked":"BasicCrystalCard","floor":2},{"not_picked":["Force Field","Hello World"],"picked":"Coolheaded","floor":3},{"not_picked":["Beam Cell","Steam Power","FTL"],"picked":"SKIP","floor":7},{"not_picked":["Time Bomb","Compile Driver"],"picked":"Loop","floor":13},{"not_picked":["Multi-Cast","ReplayRNGCard"],"picked":"Machine Learning","floor":16},{"not_picked":["ReplayGash","Undo","Leap"],"picked":"SKIP","floor":18}],"player_experience":1005448,"relics_obtained":[{"floor":7,"key":"Mercury Hourglass"},{"floor":9,"key":"Divine Protection"},{"floor":17,"key":"Ancient Tea Set"},{"floor":17,"key":"Matryoshka"},{"floor":17,"key":"Replay:Multitool"}],"event_choices":[{"damage_healed":0,"gold_gain":0,"player_choice":"Ignored","damage_taken":0,"max_hp_gain":0,"max_hp_loss":0,"event_name":"Shining Light","floor":5,"gold_loss":0},{"damage_healed":0,"gold_gain":0,"player_choice":"Fled","damage_taken":0,"max_hp_gain":0,"max_hp_loss":0,"event_name":"Scrap Ooze","floor":10,"gold_loss":0},{"damage_healed":0,"gold_gain":150,"player_choice":"AGREE","damage_taken":0,"max_hp_gain":0,"max_hp_loss":0,"event_name":"Liars Game","floor":11,"gold_loss":0,"cards_obtained":["Doubt"]},{"damage_healed":0,"gold_gain":0,"player_choice":"Inject Mutagens","damage_taken":0,"relics_obtained":["MutagenicStrength"],"max_hp_gain":0,"max_hp_loss":0,"event_name":"Drug Dealer","floor":19,"gold_loss":0}],"is_beta":false,"boss_relics":[{"not_picked":["SlaversCollar","FrozenCore"],"picked":"Calling Bell"}],"items_purged_floors":[14],"is_endless":false,"potions_floor_spawned":[2,7],"killed_by":"3 Byrds","ascension_level":18}}