{"host":"3geh3yhkfzzmefye","time":1612446739,"event":{"mods":["Astrologer","BaseMod","Beaked The Cultist","Conspire","Downfall","Friendly Minions","Hubris","Koishi","Minty Spire (QoL Compilation)","Replay The Spire","StSLib","The Administrix","The Construct","The Cursed"],"gold_per_floor":[120,132,7,24,24,24,49,87,87,87,97,97,110,130,130,235,235,250,250,21,38,48,48,75,89,139,151,169,217,217,132,132,229,229,242,257,2,2,20,20,34,34,86,66,81,30,30,49,49,49,49],"floor_reached":50,"language":"ENG","playtime":8575,"items_purged":["hubris:Compulsion"],"score":591,"play_id":"59131e66-3012-4716-891c-53950103a6ba","local_time":"20210204145219","is_ascension_mode":false,"campfire_choices":[{"data":"AdministrixMod:BishamonBlessing","floor":6,"key":"SMITH"},{"data":"AdministrixMod:ImmortalPurity","floor":10,"key":"SMITH"},{"data":"AdministrixMod:UnstableVigor","floor":12,"key":"SMITH"},{"data":"AdministrixMod:HaveItAll","floor":15,"key":"SMITH"},{"data":"AdministrixMod:BloodBargain","floor":23,"key":"SMITH"},{"data":"AdministrixMod:Transcension","floor":32,"key":"SMITH"},{"floor":40,"key":"REST"},{"data":"AdministrixMod:TouchOfCinnabar","floor":42,"key":"SMITH"},{"floor":49,"key":"REST"}],"circlet_count":0,"master_deck":["AdministrixMod:RedCloak","AdministrixMod:BlueCloak","AdministrixMod:ExtolVirtue","AdministrixMod:BishamonBlessing+1","AdministrixMod:ImmortalPurity+1","AdministrixMod:ImmortalPurity","ReplayTheSpireMod:Trickstab","AdministrixMod:JustRewards+1","AdministrixMod:JustRewards","AdministrixMod:CastOffRegrets","AdministrixMod:UnstableVigor+1","AdministrixMod:FeastOfDew","AdministrixMod:HaveItAll+1","AdministrixMod:StarSwordSoul","AdministrixMod:FiendishCrimson","AdministrixMod:FiendishCrimson","AdministrixMod:FiendishCrimson","AdministrixMod:BloodlessSapphire","AdministrixMod:BloodlessSapphire","AdministrixMod:BloodlessSapphire","AdministrixMod:GuanyinBlessing","AdministrixMod:BloodBargain+1","AdministrixMod:PassageOfAges+1","AdministrixMod:TouchOfCinnabar+1","AdministrixMod:RebukeDesires","AdministrixMod:DiversionaryTactic","AdministrixMod:JustRewards+1","ReplayTheSpireMod:Splinters","AdministrixMod:Katabasis","AdministrixMod:Transcension+1","AdministrixMod:FaithfulFlames","AdministrixMod:NewWardrobe","Guardian:FloatingOrbs","AdministrixMod:TrickOfTheLight","AdministrixMod:Transcension+1","Guardian:Suspension","Parasite","AdministrixMod:MixOfMercury","AdministrixMod:HarmonicReverence+1","Pain","AdministrixMod:NewbornDivinity"],"relics":["AdministrixMod:ConductorRitualBaton","Pondfish Scales","Replay:Accelerometer","Lantern","construct:BoolHorns","AdministrixMod:BloodSoakedVeil","Replay:Baseball","Ice Cream","Tiny Chest","hubris:DisguiseKit","Counterbalance","beaked:SacredDeck","AdministrixMod:AbandonedRose","Singing Bowl","Centennial Puzzle","WarpedTongs"],"acts_visited":["Exordium","TheCity","TheBeyond"],"potions_floor_usage":[7,24,33,33,33,33,39,48,50],"damage_taken":[{"damage":0,"enemies":"2 Louse","floor":1,"turns":2},{"damage":0,"enemies":"Jaw Worm","floor":2,"turns":4},{"damage":0,"enemies":"Small Slimes","floor":4,"turns":3},{"damage":8,"enemies":"Gremlin Nob","floor":7,"turns":3},{"damage":15,"enemies":"conspire:MimicChest","floor":8,"turns":8},{"damage":0,"enemies":"3 Louse","floor":11,"turns":1},{"damage":2,"enemies":"Exordium Wildlife","floor":13,"turns":3},{"damage":0,"enemies":"2 Fungi Beasts","floor":14,"turns":3},{"damage":0,"enemies":"Slime Boss","floor":16,"turns":10},{"damage":14,"enemies":"3 Byrds","floor":18,"turns":5},{"damage":0,"enemies":"Spheric Guardian","floor":21,"turns":3},{"damage":12,"enemies":"Snecko","floor":22,"turns":3},{"damage":18,"enemies":"conspire:SneckoGhost","floor":24,"turns":6},{"damage":14,"enemies":"conspire:HollyBat","floor":25,"turns":8},{"damage":1,"enemies":"Centurion and Healer","floor":27,"turns":5},{"damage":13,"enemies":"Snake Plant","floor":28,"turns":5},{"damage":0,"enemies":"Champ","floor":33,"turns":6},{"damage":6,"enemies":"3 Shapes","floor":35,"turns":3},{"damage":11,"enemies":"Orb Walker","floor":36,"turns":4},{"damage":21,"enemies":"3 Darklings","floor":39,"turns":6},{"damage":22,"enemies":"Jaw Worm Horde","floor":41,"turns":4},{"damage":32,"enemies":"Writhing Mass","floor":45,"turns":4},{"damage":22,"enemies":"3 Darklings","floor":48,"turns":3},{"damage":39,"enemies":"Replay:Hell Engine","floor":50,"turns":2}],"seed_played":"6952747241394448159","potions_obtained":[{"floor":2,"key":"Adrenaline Potion"},{"floor":11,"key":"conspire:TimeTravelPotion"},{"floor":13,"key":"hexamod:SoulburnPotion"},{"floor":16,"key":"SpeedPotion"},{"floor":18,"key":"PowerPotion"},{"floor":25,"key":"Reflective Coating"},{"floor":36,"key":"Weak Potion"},{"floor":41,"key":"SpeedPotion"},{"floor":44,"key":"ColorlessPotion"}],"is_trial":false,"path_per_floor":["M","M","$","M","?","R","E","?","T","R","M","R","M","M","R","B",null,"M","?","$","M","M","R","E","M","T","M","M","?","?","?","R","B",null,"M","M","$","T","M","R","M","R","T","?","M","$","?","M","R","B"],"character_chosen":"TheAdministrix","items_purchased":["AdministrixMod:ImmortalPurity","ReplayTheSpireMod:Trickstab","Replay:Baseball","AdministrixMod:AbandonedRose","AdministrixMod:HarmonicReverence+1"],"campfire_rested":2,"item_purchase_floors":[3,3,20,37,46],"current_hp_per_floor":[65,65,65,65,65,65,57,42,42,42,42,42,40,40,40,40,65,55,55,55,65,61,61,51,51,51,65,65,65,65,65,65,65,65,59,48,48,48,39,58,44,44,44,44,12,12,12,8,27,0,0],"gold":49,"neow_bonus":"ONE_RARE_RELIC","is_daily":false,"chose_seed":false,"campfire_upgraded":7,"win_rate":0.0,"timestamp":1612446739,"path_taken":["M","M","$","M","?","R","E","?","T","R","M","R","M","M","R","BOSS","M","?","$","M","M","R","E","M","T","M","M","?","?","?","R","BOSS","M","M","$","?","M","R","M","R","T","?","?","$","?","M","R","BOSS"],"items_purchased_type":["Card","Card","Relic","Relic","Card"],"build_version":"2020-12-22","purchased_purges":1,"victory":false,"max_hp_per_floor":[65,65,65,65,65,65,65,65,65,65,65,65,65,65,65,65,65,65,65,65,65,65,65,65,65,65,65,65,65,65,65,65,65,65,65,65,65,65,65,65,65,65,65,65,65,65,65,65,65,65,65],"card_choices":[{"not_picked":["AdministrixMod:GuanyinBlessing","AdministrixMod:Overdrive"],"picked":"AdministrixMod:ExtolVirtue","floor":1},{"not_picked":["AdministrixMod:LightOfYourLife","AdministrixMod:ImmortalGrace"],"picked":"AdministrixMod:BishamonBlessing","floor":2},{"not_picked":["AdministrixMod:RebukeDesires","AdministrixMod:ShadowPlay"],"picked":"AdministrixMod:JustRewards","floor":4},{"not_picked":["AdministrixMod:ImmortalPurity","AdministrixMod:NoblePath"],"picked":"AdministrixMod:JustRewards","floor":7},{"not_picked":["AdministrixMod:Convergence","AdministrixMod:DreamsMausoleum"],"picked":"AdministrixMod:CastOffRegrets","floor":8},{"not_picked":["AdministrixMod:BegetEternity","AdministrixMod:ExtolVirtue"],"picked":"AdministrixMod:UnstableVigor","floor":11},{"not_picked":["AdministrixMod:Transition","AdministrixMod:SyncreticSurge"],"picked":"AdministrixMod:FeastOfDew","floor":13},{"not_picked":["AdministrixMod:Overdrive","AdministrixMod:SeventeenArticleLaser"],"picked":"AdministrixMod:HaveItAll","floor":14},{"not_picked":["AdministrixMod:Schism","AdministrixMod:TenDesires"],"picked":"AdministrixMod:StarSwordSoul","floor":16},{"not_picked":["AdministrixMod:ShadowPlay","AdministrixMod:HiddenPower"],"picked":"AdministrixMod:GuanyinBlessing","floor":18},{"not_picked":["AdministrixMod:SipOfSparks","AdministrixMod:CrackingPangu"],"picked":"AdministrixMod:BloodBargain","floor":21},{"not_picked":["AdministrixMod:PlateOfAntiquity","AdministrixMod:CenturiesAscent"],"picked":"AdministrixMod:PassageOfAges+1","floor":22},{"not_picked":["AdministrixMod:FuneraryRites","AdministrixMod:Transcension"],"picked":"AdministrixMod:TouchOfCinnabar","floor":24},{"not_picked":["AdministrixMod:SealAway","AdministrixMod:LightOfYourLife"],"picked":"AdministrixMod:RebukeDesires","floor":25},{"not_picked":["AdministrixMod:Overdrive+1","AdministrixMod:HiddenPower+1"],"picked":"AdministrixMod:DiversionaryTactic","floor":27},{"not_picked":["AdministrixMod:Convergence+1","AdministrixMod:QuietConspiracy"],"picked":"AdministrixMod:JustRewards+1","floor":28},{"not_picked":["AdministrixMod:HarmonicReverence","AdministrixMod:ShadowPlay"],"picked":"AdministrixMod:Katabasis","floor":29},{"not_picked":["AdministrixMod:ExtolVirtue+1","AdministrixMod:BegetEternity"],"picked":"AdministrixMod:Transcension","floor":29},{"not_picked":["AdministrixMod:HopeInTheDark","AdministrixMod:StarSwordSoul","Guardian:StasisField"],"picked":"AdministrixMod:FaithfulFlames","floor":33},{"not_picked":["AdministrixMod:DreamsMausoleum","AdministrixMod:ShadowPlay","AdministrixMod:ArmillarySphere"],"picked":"Guardian:FloatingOrbs","floor":35},{"not_picked":["AdministrixMod:SipOfSparks+1","AdministrixMod:ImmortalGrace","Guardian:VentSteam"],"picked":"AdministrixMod:TrickOfTheLight","floor":36},{"not_picked":["AdministrixMod:Untouchable","AdministrixMod:PassageOfAges+1","Guardian:WalkerClaw"],"picked":"AdministrixMod:Transcension+1","floor":39},{"not_picked":["AdministrixMod:SipOfSparks","AdministrixMod:LightOfYourLife","AdministrixMod:CenturiesAscent"],"picked":"Guardian:Suspension","floor":41},{"not_picked":["AdministrixMod:TrickOfTheLight+1","AdministrixMod:DiversionaryTactic","Guardian:ShieldCharger"],"picked":"AdministrixMod:MixOfMercury","floor":45},{"not_picked":["AdministrixMod:ChooseYourEnd","AdministrixMod:ShadowPlay+1","Guardian:Planning"],"picked":"AdministrixMod:NewbornDivinity","floor":48}],"player_experience":5778230,"relics_obtained":[{"floor":7,"key":"Replay:Accelerometer"},{"floor":8,"key":"Lantern"},{"floor":9,"key":"construct:BoolHorns"},{"floor":24,"key":"Ice Cream"},{"floor":26,"key":"Tiny Chest"},{"floor":29,"key":"hubris:DisguiseKit"},{"floor":38,"key":"Singing Bowl"},{"floor":43,"key":"Centennial Puzzle"}],"event_choices":[{"damage_healed":0,"gold_gain":0,"player_choice":"Ignored","damage_taken":0,"max_hp_gain":0,"max_hp_loss":0,"event_name":"Ghosts","floor":30,"gold_loss":0},{"damage_healed":0,"gold_gain":0,"player_choice":"Obtained Relic","damage_taken":0,"relics_obtained":["Counterbalance"],"max_hp_gain":0,"max_hp_loss":0,"event_name":"Addict","floor":31,"gold_loss":85},{"damage_healed":0,"gold_gain":0,"player_choice":"Bought 1 Potion","damage_taken":0,"max_hp_gain":0,"max_hp_loss":0,"event_name":"The Woman in Blue","floor":44,"gold_loss":0},{"damage_healed":0,"gold_gain":0,"player_choice":"Rummage","damage_taken":0,"relics_obtained":["WarpedTongs"],"max_hp_gain":0,"max_hp_loss":0,"event_name":"Accursed Blacksmith","floor":47,"gold_loss":0,"cards_obtained":["Pain"]}],"is_beta":false,"boss_relics":[{"not_picked":["conspire:SlowCooker","hubris:GrandSneckoEye"],"picked":"AdministrixMod:BloodSoakedVeil"},{"not_picked":["SacredBark","hubris:RunicObelisk"],"picked":"beaked:SacredDeck"}],"items_purged_floors":[20],"is_endless":false,"potions_floor_spawned":[2,11,13,16,18,21,25,36,41],"killed_by":"Replay:Hell Engine","ascension_level":0}}