{"host":"w01zow3jg16g8jdh","time":1612444403,"event":{"mods":["AchievementEnabler","BaseMod","DeckTracker","Keyboard Shortcuts","Minty Spire (QoL Compilation)","Permanent Neow","StSLib","SuperFastMode"],"gold_per_floor":[118,134,59,73,90,124,138,168,168,168,186,196,231,246,246,246,246],"floor_reached":16,"language":"KOR","playtime":407,"items_purged":["Defend_P"],"score":352,"play_id":"0b7ace82-6866-49e9-bdeb-743d159177d3","local_time":"20210204221323","is_ascension_mode":true,"campfire_choices":[{"data":"Eruption","floor":15.0,"key":"SMITH"}],"circlet_count":0,"master_deck":["AscendersBane","Strike_P","Strike_P","Strike_P","Defend_P","Defend_P","Defend_P","Eruption+1","Vigilance","EmptyBody","Adaptation"],"relics":["VioletLotus","The Courier","Du-Vu Doll","Singing Bowl","Mercury Hourglass"],"acts_visited":["Exordium"],"potions_floor_usage":[16],"damage_taken":[{"damage":0.0,"enemies":"Cultist","floor":1.0,"turns":4.0},{"damage":6.0,"enemies":"2 Louse","floor":2.0,"turns":5.0},{"damage":5.0,"enemies":"Small Slimes","floor":4.0,"turns":4.0},{"damage":10.0,"enemies":"Exordium Thugs","floor":5.0,"turns":4.0},{"damage":2.0,"enemies":"Lagavulin","floor":6.0,"turns":4.0},{"damage":0.0,"enemies":"Red Slaver","floor":7.0,"turns":1.0},{"damage":0.0,"enemies":"Gremlin Nob","floor":8.0,"turns":1.0},{"damage":0.0,"enemies":"2 Fungi Beasts","floor":11.0,"turns":1.0},{"damage":0.0,"enemies":"Large Slime","floor":12.0,"turns":1.0},{"damage":27.0,"enemies":"3 Sentries","floor":13.0,"turns":13.0},{"damage":3.0,"enemies":"Red Slaver","floor":14.0,"turns":3.0},{"damage":21,"enemies":"Slime Boss","floor":16,"turns":3}],"seed_played":"-2543172657741835728","potions_obtained":[{"floor":4.0,"key":"Weak Potion"},{"floor":6.0,"key":"Weak Potion"},{"floor":7.0,"key":"Ancient Potion"},{"floor":11.0,"key":"Swift Potion"},{"floor":13.0,"key":"Weak Potion"}],"is_trial":false,"path_per_floor":["M","M","$","M","M","E","M","E","T","?","M","M","E","M","R","B"],"character_chosen":"WATCHER","items_purchased":[],"campfire_rested":0,"item_purchase_floors":[],"current_hp_per_floor":[61,55,55,50,40,38,38,38,38,38,40,42,17,16,16,0,0],"gold":246,"neow_bonus":"BOSS_RELIC","is_daily":false,"chose_seed":false,"campfire_upgraded":1,"win_rate":0.0,"timestamp":1612444403,"path_taken":["M","M","?","M","M","E","M","E","T","?","M","M","E","M","R","BOSS"],"items_purchased_type":[],"build_version":"2020-12-22","purchased_purges":1,"victory":false,"max_hp_per_floor":[68,68,68,68,68,68,68,68,68,68,70,72,74,76,76,76,76],"card_choices":[{"not_picked":["PathToVictory","BowlingBash","Perseverance"],"picked":"SKIP","floor":1.0},{"not_picked":["Prostrate","ForeignInfluence","JustLucky"],"picked":"SKIP","floor":2.0},{"not_picked":["FlurryOfBlows","ClearTheMind"],"picked":"EmptyBody","floor":4.0},{"not_picked":["BowlingBash","DeceiveReality","FlurryOfBlows"],"picked":"SKIP","floor":5.0},{"not_picked":["ClearTheMind","ThirdEye","FlurryOfBlows"],"picked":"SKIP","floor":6.0},{"not_picked":["Consecrate","SignatureMove","ClearTheMind"],"picked":"SKIP","floor":7.0},{"not_picked":["SashWhip","Study"],"picked":"Adaptation","floor":8.0},{"not_picked":["Halt","Conclude","EmptyBody"],"picked":"Singing Bowl","floor":11.0},{"not_picked":["Wireheading","Halt","BattleHymn"],"picked":"Singing Bowl","floor":12.0},{"not_picked":["FlurryOfBlows","InnerPeace","Judgement"],"picked":"Singing Bowl","floor":13.0},{"not_picked":["SashWhip","PathToVictory","FollowUp"],"picked":"Singing Bowl","floor":14.0}],"player_experience":354647,"relics_obtained":[{"floor":6.0,"key":"The Courier"},{"floor":8.0,"key":"Du-Vu Doll"},{"floor":9.0,"key":"Singing Bowl"},{"floor":13.0,"key":"Mercury Hourglass"}],"event_choices":[{"cards_removed":["Strike_P"],"damage_healed":0.0,"max_hp_gain":0.0,"max_hp_loss":0.0,"gold_gain":0.0,"event_name":"Living Wall","player_choice":"Forget","floor":10.0,"gold_loss":0.0,"damage_taken":0.0}],"is_beta":false,"boss_relics":[],"items_purged_floors":[3],"is_endless":false,"potions_floor_spawned":[4,6,7,11,13],"killed_by":"Slime Boss","ascension_level":20}}