{"host":"2qstd83ou5jzlfqv","time":1612433086,"event":{"mods":["BaseMod","Colored Powertips","Minty Spire (QoL Compilation)","Relic Stats"],"gold_per_floor":[114,124,134,134,134,134,134,134],"floor_reached":7,"language":"ENG","playtime":409,"items_purged":[],"score":62,"play_id":"ebfc8078-8fa7-4fb4-85de-b57c3a42dfb5","local_time":"20210204020446","is_ascension_mode":true,"campfire_choices":[{"data":"Eruption","floor":6,"key":"SMITH"}],"circlet_count":0,"master_deck":["AscendersBane","Strike_P","Strike_P","Strike_P","Strike_P","Defend_P","Defend_P","Defend_P","Defend_P","Eruption+1","Vigilance","ThirdEye","EmptyBody","Wallop"],"relics":["PureWater","Regal Pillow","Golden Idol"],"acts_visited":[],"potions_floor_usage":[3,7],"damage_taken":[{"damage":0,"enemies":"2 Louse","floor":1,"turns":4},{"damage":2,"enemies":"Small Slimes","floor":2,"turns":4},{"damage":0,"enemies":"Jaw Worm","floor":3,"turns":3},{"damage":76,"enemies":"Lagavulin","floor":7,"turns":13}],"seed_played":"-4039320531364761665","potions_obtained":[{"floor":2,"key":"PowerPotion"},{"floor":3,"key":"FearPotion"}],"is_trial":false,"path_per_floor":["M","M","M","?","?","R","E"],"character_chosen":"WATCHER","items_purchased":[],"campfire_rested":0,"item_purchase_floors":[],"current_hp_per_floor":[65,63,63,63,63,63,0,0],"gold":134,"neow_bonus":"RANDOM_COMMON_RELIC","is_daily":false,"chose_seed":false,"campfire_upgraded":1,"win_rate":0.0,"timestamp":1612433086,"path_taken":["M","M","M","?","?","R","E"],"items_purchased_type":[],"build_version":"2020-12-22","purchased_purges":0,"victory":false,"max_hp_per_floor":[72,72,72,72,67,67,67,67],"relic_stats":{"Regal Pillow":0,"counters":[4,24],"Golden Idol":0,"obtain_stats":[{"Regal Pillow":0,"Golden Idol":5,"PureWater":0},{"Regal Pillow":0,"Golden Idol":3,"PureWater":0},{"Regal Pillow":0,"Golden Idol":11,"PureWater":0}]},"card_choices":[{"not_picked":["Indignation","Study"],"picked":"ThirdEye","floor":1},{"not_picked":["SashWhip","FlyingSleeves"],"picked":"EmptyBody","floor":2},{"not_picked":["Evaluate","PathToVictory"],"picked":"Wallop","floor":3}],"player_experience":419009,"relics_obtained":[],"event_choices":[{"damage_healed":0,"gold_gain":0,"player_choice":"Ignored","damage_taken":0,"max_hp_gain":0,"max_hp_loss":0,"event_name":"Liars Game","floor":4,"gold_loss":0},{"damage_healed":0,"gold_gain":0,"player_choice":"Lose Max HP","damage_taken":0,"relics_obtained":["Golden Idol"],"max_hp_gain":0,"max_hp_loss":5,"event_name":"Golden Idol","floor":5,"gold_loss":0}],"is_beta":false,"boss_relics":[],"items_purged_floors":[],"is_endless":false,"potions_floor_spawned":[2,3],"killed_by":"Lagavulin","ascension_level":10}}