{"host":"bq8ii4ghyb2mkf8g","time":1612447469,"event":{"mods":["BaseMod","Colored Map","Minty Spire (QoL Compilation)","Quick Restart","Replay The Spire","StSLib"],"gold_per_floor":[112,187,187,201,219,219,219,219],"floor_reached":7,"language":"ZHS","playtime":94,"items_purged":[],"score":49,"play_id":"c1e903c7-1062-4cfb-bbb0-24f5ca2f1a7e","local_time":"20210204220429","is_ascension_mode":true,"campfire_choices":[{"data":"Shrug It Off","floor":6,"key":"SMITH"}],"circlet_count":0,"master_deck":["Strike_R","Strike_R","Strike_R","Strike_R","Defend_R","Defend_R","Defend_R","Defend_R","Bash","ReplayTheSpireMod:Stacked","ReplayReversal","Shrug It Off+1"],"relics":["Burning Blood","NeowsBlessing"],"acts_visited":["Exordium"],"potions_floor_usage":[],"damage_taken":[{"damage":0,"enemies":"Cultist","floor":1,"turns":1},{"damage":0,"enemies":"Jaw Worm","floor":4,"turns":1},{"damage":0,"enemies":"Small Slimes","floor":5,"turns":1},{"damage":0,"enemies":"3 Sentries","floor":7,"turns":1}],"seed_played":"8166943370242815688","potions_obtained":[{"floor":1,"key":"BlessingOfTheForge"},{"floor":4,"key":"ElixirPotion"}],"is_trial":false,"path_per_floor":["M","?","?","M","M","R","E"],"character_chosen":"IRONCLAD","items_purchased":[],"campfire_rested":0,"item_purchase_floors":[],"current_hp_per_floor":[80,69,69,75,80,80,80,80],"gold":219,"neow_bonus":"THREE_ENEMY_KILL","is_daily":false,"chose_seed":false,"campfire_upgraded":1,"win_rate":0.0,"timestamp":1612447469,"path_taken":["M","?","?","M","?","R","E"],"items_purchased_type":[],"build_version":"2020-12-22","purchased_purges":0,"victory":false,"max_hp_per_floor":[80,80,80,80,80,80,80,80],"card_choices":[{"not_picked":["Blood for Blood","Reckless Charge","Thunderclap"],"picked":"SKIP","floor":1},{"not_picked":["Iron Wave","True Grit"],"picked":"ReplayReversal","floor":4},{"not_picked":["Replay:Undeath\u0027s Touch","Rupture"],"picked":"Shrug It Off","floor":5}],"player_experience":134829,"relics_obtained":[],"event_choices":[{"damage_healed":0,"gold_gain":75,"player_choice":"Gather Gold","damage_taken":11,"max_hp_gain":0,"max_hp_loss":0,"event_name":"World of Goop","floor":2,"gold_loss":0},{"damage_healed":0,"gold_gain":0,"cards_transformed":["Strike_R"],"player_choice":"Change","damage_taken":0,"max_hp_gain":0,"max_hp_loss":0,"event_name":"Living Wall","floor":3,"gold_loss":0,"cards_obtained":["ReplayTheSpireMod:Stacked"]}],"is_beta":false,"boss_relics":[],"items_purged_floors":[],"is_endless":false,"potions_floor_spawned":[1,4],"killed_by":"3 Sentries","ascension_level":4}}