{"host":"i0avyit1s6jb1siw","time":1612456684,"event":{"mods":["BaseMod","DeckTracker","Dota2Spire","Highlight Path","Minty Spire (QoL Compilation)","Quick Restart","StSLib","SuperFastMode"],"gold_per_floor":[110,122,23,23,43,43,55,55,82,82,114,114,40,50,60,60,137,137,137,214,214,233,243,258,275,200,200,380,380,380,392,392,424,424,324,338,338,338,417,417,434,447,447,140,140,140,140,153,173,228,309,309,342,355,365,381,412,412,412,412],"floor_reached":59,"language":"ENG","playtime":1360,"items_purged":["Berserk","Strike_R","Doubt"],"score":1596,"play_id":"81693708-d04b-4407-924c-a290bc10b8fd","local_time":"20210204173804","is_ascension_mode":true,"campfire_choices":[{"data":"Demon Form","floor":6.0,"key":"SMITH"},{"data":"Inflame","floor":8.0,"key":"SMITH"},{"data":"Evolve","floor":16.0,"key":"SMITH"},{"data":"Pommel Strike","floor":19.0,"key":"SMITH"},{"data":"Pummel","floor":27.0,"key":"SMITH"},{"floor":29.0,"key":"REST"},{"floor":32.0,"key":"REST"},{"data":"Heavy Blade","floor":37.0,"key":"SMITH"},{"data":"Limit Break","floor":38.0,"key":"SMITH"},{"floor":47.0,"key":"RECALL"},{"floor":52.0,"key":"REST"},{"floor":58,"key":"REST"}],"circlet_count":0,"master_deck":["AscendersBane","Defend_R","Defend_R","Defend_R","Defend_R","Bash","Pummel+1","Wild Strike","Clothesline","Demon Form+1","Heavy Blade+1","Impervious","Evolve+1","Pommel Strike+1","Impervious","Limit Break+1","Shrug It Off","Seeing Red","Double Tap","Limit Break+1","Burning Pact+1","Power Through+1","Disarm+1","Shrug It Off","Armaments","Fire Breathing","Flame Barrier","True Grit+1"],"relics":["Burning Blood","MealTicket","Ice Cream","Dota2Spire:UrnOfShadows","Sozu","Mark of Pain","Paper Frog","Ancient Tea Set","Dream Catcher","Astrolabe","Strawberry","Dota2Spire:EchoSabre","Magic Flower","Dota2Spire:OrchidMalevolence"],"acts_visited":["Exordium","TheCity","TheBeyond"],"potions_floor_usage":[],"damage_taken":[{"damage":16.0,"enemies":"Cultist","floor":1.0,"turns":4.0},{"damage":2.0,"enemies":"2 Louse","floor":2.0,"turns":3.0},{"damage":10.0,"enemies":"Small Slimes","floor":5.0,"turns":3.0},{"damage":12.0,"enemies":"2 Fungi Beasts","floor":7.0,"turns":5.0},{"damage":32.0,"enemies":"Gremlin Nob","floor":11.0,"turns":4.0},{"damage":15.0,"enemies":"Gremlin Gang","floor":14.0,"turns":5.0},{"damage":9.0,"enemies":"Exordium Thugs","floor":15.0,"turns":5.0},{"damage":5.0,"enemies":"Slime Boss","floor":17.0,"turns":7.0},{"damage":0.0,"enemies":"Slime Boss","floor":20.0,"turns":5.0},{"damage":17.0,"enemies":"Shell Parasite","floor":22.0,"turns":5.0},{"damage":4.0,"enemies":"Spheric Guardian","floor":23.0,"turns":4.0},{"damage":14.0,"enemies":"Centurion and Healer","floor":24.0,"turns":4.0},{"damage":28.0,"enemies":"Snake Plant","floor":25.0,"turns":4.0},{"damage":11.0,"enemies":"Chosen and Byrds","floor":31.0,"turns":5.0},{"damage":28.0,"enemies":"Gremlin Leader","floor":33.0,"turns":6.0},{"damage":13.0,"enemies":"Centurion and Healer","floor":36.0,"turns":4.0},{"damage":30.0,"enemies":"Collector","floor":39.0,"turns":6.0},{"damage":24.0,"enemies":"Orb Walker","floor":41.0,"turns":4.0},{"damage":44.0,"enemies":"3 Darklings","floor":42.0,"turns":6.0},{"damage":67.0,"enemies":"Transient","floor":48.0,"turns":6.0},{"damage":9.0,"enemies":"Writhing Mass","floor":49.0,"turns":6.0},{"damage":34.0,"enemies":"Giant Head","floor":53.0,"turns":7.0},{"damage":6.0,"enemies":"Maw","floor":54.0,"turns":7.0},{"damage":23,"enemies":"4 Shapes","floor":55,"turns":6},{"damage":12,"enemies":"Writhing Mass","floor":56,"turns":9},{"damage":41,"enemies":"Reptomancer","floor":57,"turns":7},{"damage":68,"enemies":"Awakened One","floor":59,"turns":5}],"seed_played":"1740638020332931654","potions_obtained":[{"floor":2.0,"key":"SteroidPotion"},{"floor":5.0,"key":"EntropicBrew"},{"floor":17.0,"key":"DuplicationPotion"}],"is_trial":false,"path_per_floor":["M","M","$","?","M","R","M","R","T","T","E","?","$","M","M","R","B",null,"R","B",null,"M","M","M","M","?","R","?","R","T","M","R","E","T","$","M","R","R","B",null,"M","M","?","$","?","?","R","M","M","T","T","R","E","M","M","M","E","R","B"],"character_chosen":"IRONCLAD","items_purchased":["Clothesline","Evolve","Shrug It Off","Strawberry"],"campfire_rested":4,"item_purchase_floors":[3,13,44,44],"current_hp_per_floor":[58,62,62,62,58,58,52,52,52,52,26,22,37,28,25,25,32,32,32,44,67,56,58,50,28,28,28,9,31,31,26,48,35,35,50,43,43,43,19,61,43,8,75,82,82,78,78,17,14,14,14,37,9,22,18,25,18,41,0,0],"gold":412,"neow_bonus":"ONE_RANDOM_RARE_CARD","is_daily":false,"chose_seed":false,"campfire_upgraded":7,"win_rate":0.0,"timestamp":1612456684,"path_taken":["M","?","$","?","M","R","?","R","T","T","E","?","$","M","M","R","BOSS","R","BOSS","M","?","M","M","?","R","?","R","T","?","R","E","?","$","M","R","R","BOSS","M","M","?","$","?","?","R","?","M","T","T","R","E","M","M","M","E","R","BOSS"],"items_purchased_type":["Card","Card","Card","Relic"],"build_version":"2020-12-22","purchased_purges":3,"victory":false,"max_hp_per_floor":[75,75,75,75,75,75,75,75,75,75,75,75,75,75,75,75,75,75,75,75,75,75,75,75,75,75,75,75,75,75,75,75,75,75,75,75,75,75,75,75,75,75,75,82,82,78,78,78,78,78,78,78,78,78,78,78,78,78,78,78],"card_choices":[{"not_picked":["Headbutt","Burning Pact"],"picked":"Pummel","floor":1.0},{"not_picked":["Headbutt","Pommel Strike"],"picked":"Wild Strike","floor":2.0},{"not_picked":["Clash","Wild Strike"],"picked":"Demon Form","floor":5.0},{"not_picked":["Sword Boomerang","Headbutt"],"picked":"Heavy Blade","floor":7.0},{"not_picked":["Dark Embrace","Intimidate"],"picked":"Impervious","floor":11.0},{"not_picked":["Iron Wave","Infernal Blade"],"picked":"True Grit","floor":14.0},{"not_picked":["Bloodletting","Reckless Charge"],"picked":"Pommel Strike","floor":15.0},{"not_picked":["Demon Form","Berserk"],"picked":"Impervious","floor":17.0},{"not_picked":["Double Tap","Juggernaut"],"picked":"Limit Break","floor":20.0},{"not_picked":["Clothesline","Entrench","Perfected Strike"],"picked":"SKIP","floor":22.0},{"not_picked":["Perfected Strike","Heavy Blade","Clash"],"picked":"SKIP","floor":23.0},{"not_picked":["Clothesline","Cleave","Dropkick+1"],"picked":"SKIP","floor":24.0},{"not_picked":["Wild Strike","Whirlwind+1","Flex"],"picked":"SKIP","floor":25.0},{"not_picked":["Thunderclap","True Grit"],"picked":"Shrug It Off","floor":31.0},{"not_picked":["Searing Blow","Pommel Strike"],"picked":"Seeing Red","floor":33.0},{"not_picked":["Sever Soul","Clash","Sentinel"],"picked":"SKIP","floor":36.0},{"not_picked":["Berserk","Juggernaut"],"picked":"Double Tap","floor":39.0},{"not_picked":["Metallicize","Clash"],"picked":"Disarm+1","floor":41.0},{"not_picked":["Headbutt","Body Slam","Reckless Charge"],"picked":"SKIP","floor":42.0},{"not_picked":["Anger","Havoc"],"picked":"Armaments","floor":48.0},{"not_picked":["Armaments","Infernal Blade","Flex+1"],"picked":"SKIP","floor":49.0},{"not_picked":["Wild Strike","Havoc+1"],"picked":"Fire Breathing","floor":52.0},{"not_picked":["Metallicize+1","Clash+1","Thunderclap"],"picked":"SKIP","floor":53.0},{"not_picked":["Cleave","Corruption","Heavy Blade"],"picked":"SKIP","floor":54.0},{"not_picked":["Dark Embrace","Armaments+1"],"picked":"Flame Barrier","floor":55},{"not_picked":["Headbutt","Rage","Perfected Strike"],"picked":"SKIP","floor":56},{"not_picked":["Rupture","Infernal Blade"],"picked":"True Grit+1","floor":57}],"player_experience":2402589,"relics_obtained":[{"floor":9.0,"key":"MealTicket"},{"floor":10.0,"key":"Ice Cream"},{"floor":11.0,"key":"Dota2Spire:UrnOfShadows"},{"floor":30.0,"key":"Paper Frog"},{"floor":33.0,"key":"Ancient Tea Set"},{"floor":34.0,"key":"Dream Catcher"},{"floor":50.0,"key":"Dota2Spire:EchoSabre"},{"floor":53.0,"key":"Magic Flower"},{"floor":57,"key":"Dota2Spire:OrchidMalevolence"}],"event_choices":[{"damage_healed":0.0,"max_hp_gain":0.0,"max_hp_loss":0.0,"gold_gain":0.0,"cards_transformed":["Strike_R"],"event_name":"Transmorgrifier","player_choice":"Transformed","floor":4.0,"gold_loss":0.0,"damage_taken":0.0,"cards_obtained":["Inflame"]},{"damage_healed":0.0,"max_hp_gain":0.0,"max_hp_loss":0.0,"gold_gain":0.0,"event_name":"The Woman in Blue","player_choice":"Bought 0 Potions","floor":12.0,"gold_loss":0.0,"damage_taken":0.0},{"cards_removed":["Strike_R"],"damage_healed":0.0,"max_hp_gain":0.0,"max_hp_loss":0.0,"gold_gain":0.0,"event_name":"Beggar","player_choice":"Gave Gold","floor":26.0,"gold_loss":75.0,"damage_taken":0.0},{"damage_healed":0.0,"max_hp_gain":0.0,"max_hp_loss":0.0,"gold_gain":180.0,"event_name":"Knowing Skull","player_choice":"GOLD GOLD ","floor":28.0,"potions_obtained":[],"gold_loss":0.0,"damage_taken":19.0,"cards_obtained":[]},{"damage_healed":67.0,"max_hp_gain":0.0,"max_hp_loss":0.0,"gold_gain":0.0,"event_name":"MindBloom","player_choice":"Heal","floor":43.0,"gold_loss":0.0,"damage_taken":0.0,"cards_obtained":["Doubt"]},{"cards_removed":["Inflame"],"damage_healed":0.0,"max_hp_gain":0.0,"max_hp_loss":0.0,"gold_gain":0.0,"event_name":"Falling","player_choice":"Removed Power","floor":45.0,"gold_loss":0.0,"damage_taken":0.0},{"damage_healed":0.0,"max_hp_gain":0.0,"max_hp_loss":4.0,"gold_gain":0.0,"event_name":"Winding Halls","player_choice":"Max HP","floor":46.0,"gold_loss":0.0,"damage_taken":0.0}],"is_beta":false,"boss_relics":[{"not_picked":["Runic Cube","SlaversCollar"],"picked":"Sozu"},{"not_picked":["Black Blood","Pandora\u0027s Box"],"picked":"Mark of Pain"},{"not_picked":["SacredBark","Fusion Hammer"],"picked":"Astrolabe"}],"items_purged_floors":[3,35,44],"is_endless":false,"potions_floor_spawned":[2,5,7,17,23,31,42,53,55],"killed_by":"Awakened One","ascension_level":20}}