{"host":"iblpanoclcg2giwu","time":1612403009,"event":{"mods":["BaseMod","Better Third Choice","BetterRewards","Colored Map","Downfall","Gold Saver","Googly Eyes","Highlight Path","Minty Spire (QoL Compilation)","Relic Filter Mod","Remove Card Discount Mod","StSLib"],"gold_per_floor":[544,559,579,609,709,722,745,578,578,578,596,596,614,626,643,739,739,639,654,704,715,715,715,715,715],"floor_reached":23,"language":"ENG","playtime":1839,"items_purged":[],"score":183,"play_id":"7c07170d-34f9-4010-b68d-828e841b6fca","local_time":"20210203174329","is_ascension_mode":false,"campfire_choices":[{"data":"hexamod:Float","floor":1,"key":"SMITH"},{"floor":12,"key":"RECALL"},{"data":"hexamod:EtherealExpedition","floor":18,"key":"SMITH"}],"circlet_count":0,"master_deck":["hexamod:Strike+1","hexamod:Strike+1","hexamod:Strike+1","hexamod:Strike","hexamod:Defend+1","hexamod:Defend+1","hexamod:Defend","hexamod:Defend","hexamod:Sear+1","hexamod:Float+1","hexamod:DynamicBlow+1","hexamod:AdvancingGuard","Clumsy","hexamod:SixthSeal","hexamod:ThirdSeal","hexamod:EtherealExpedition+1","hexamod:ParanormalForm","hexamod:Hexaguard","Doubt","Regret","hexamod:FifthSeal"],"relics":["hexamod:SpiritBrand","Orichalcum","Tiny Chest","Membership Card","downfall:ExtraCursedKey","hexamod:IceCube","downfall:HeartBlessingRed","Bag of Marbles"],"acts_visited":["Exordium","TheCity"],"potions_floor_usage":[8,16,16,23,23],"damage_taken":[{"damage":0,"enemies":"Cultist","floor":2,"turns":4},{"damage":2,"enemies":"Small Slimes","floor":3,"turns":3},{"damage":6,"enemies":"2 Louse","floor":6,"turns":3},{"damage":2,"enemies":"downfall:FleeingMerchant","floor":8,"turns":4},{"damage":6,"enemies":"Large Slime","floor":11,"turns":4},{"damage":0,"enemies":"Red Slaver","floor":13,"turns":4},{"damage":1,"enemies":"2 Fungi Beasts","floor":14,"turns":3},{"damage":0,"enemies":"Lots of Slimes","floor":15,"turns":5},{"damage":40,"enemies":"IC_STATUS_ARCHETYPE","floor":16,"turns":9},{"damage":6,"enemies":"Shell Parasite","floor":19,"turns":6},{"damage":53,"enemies":"Chosen and Byrds","floor":21,"turns":9},{"damage":34,"enemies":"Gremlin Leader","floor":23,"turns":6}],"seed_played":"3018587263670764754","potions_obtained":[{"floor":6,"key":"champ:CounterPotion"},{"floor":13,"key":"Ancient Potion"},{"floor":14,"key":"hexamod:DoubleChargePotion"},{"floor":15,"key":"DuplicationPotion"},{"floor":19,"key":"Regen Potion"}],"is_trial":false,"path_per_floor":["R","M","M","?","?","M","T","$","?","?","M","R","M","M","M","B",null,"R","M","T","M","?","E"],"character_chosen":"THE_SPIRIT","items_purchased":["Membership Card"],"campfire_rested":0,"item_purchase_floors":[8],"current_hp_per_floor":[77,77,75,75,75,69,69,67,67,72,66,66,66,65,65,25,77,77,71,71,18,18,0,0,0],"gold":715,"neow_bonus":"TEN_PERCENT_HP_BONUS","is_daily":false,"chose_seed":false,"campfire_upgraded":2,"win_rate":0.0,"timestamp":1612403009,"path_taken":["R","M","M","?","?","?","T","$","?","?","?","R","M","M","M","BOSS","R","M","?","?","?","E"],"items_purchased_type":["Relic"],"build_version":"2020-12-22","purchased_purges":0,"victory":false,"max_hp_per_floor":[77,77,77,77,77,77,77,77,77,77,77,77,77,77,77,77,77,77,77,77,77,77,77,77,77],"card_choices":[{"not_picked":["hexamod:ThermalTransfer","hexamod:ShieldOfDarkness"],"picked":"hexamod:DynamicBlow","floor":2},{"not_picked":["hexamod:GhostShield","hexamod:ChargedBarrage"],"picked":"hexamod:AdvancingGuard","floor":3},{"not_picked":["hexamod:GhostflameInferno","hexamod:GhostShield"],"picked":"hexamod:Firestarter","floor":6},{"not_picked":["hexamod:SpectersWail","hexamod:HauntingEcho","hexamod:NightmareGuise"],"picked":"SKIP","floor":8},{"not_picked":["hexamod:SwordOfDarkness","hexamod:NightmareGuise","hexamod:HauntingEcho"],"picked":"SKIP","floor":11},{"not_picked":["hexamod:FastForward","hexamod:NightmareGuise","hexamod:GhostLash"],"picked":"SKIP","floor":13},{"not_picked":["hexamod:GhostShield","hexamod:ShieldOfDarkness"],"picked":"hexamod:ThirdSeal","floor":14},{"not_picked":["hexamod:GhostLash","hexamod:GhostOfSpirePast"],"picked":"hexamod:EtherealExpedition","floor":15},{"not_picked":["hexamod:GhostflameInferno","hexamod:HeatCrush","hexamod:GhostLash"],"picked":"SKIP","floor":15},{"not_picked":["hexamod:UnlimitedPower","hexamod:TimeWarp"],"picked":"hexamod:ParanormalForm","floor":16},{"not_picked":["hexamod:CatchUp","hexamod:FastForward+1"],"picked":"hexamod:Hexaguard","floor":19},{"not_picked":["hexamod:ThermalTransfer","hexamod:GhostOfSpirePast","hexamod:InspiringFlames"],"picked":"SKIP","floor":19},{"not_picked":["hexamod:SpectersWail","hexamod:GhostLash"],"picked":"hexamod:FifthSeal","floor":21},{"not_picked":["hexamod:RainOfEmbers+1","hexamod:NightmareGuise+1","hexamod:Haunt+1"],"picked":"SKIP","floor":21}],"player_experience":128673,"relics_obtained":[{"floor":7,"key":"Tiny Chest"},{"floor":20,"key":"Bag of Marbles"}],"event_choices":[{"cards_removed":["hexamod:Firestarter"],"damage_healed":5,"gold_gain":0,"player_choice":"Offered Common","damage_taken":0,"max_hp_gain":0,"max_hp_loss":0,"event_name":"Bonfire Elementals","floor":10,"gold_loss":0},{"cards_removed":["hexamod:Firestarter"],"damage_healed":5,"gold_gain":0,"player_choice":"Offered Special","damage_taken":0,"max_hp_gain":0,"max_hp_loss":0,"event_name":"Bonfire Elementals","floor":10,"gold_loss":0}],"is_beta":false,"boss_relics":[{"not_picked":["Sozu","SlaversCollar"],"picked":"hexamod:IceCube"}],"items_purged_floors":[],"is_endless":false,"potions_floor_spawned":[6,13,14,15,19],"killed_by":"Gremlin Leader","ascension_level":0}}