{"host":"roto7j7840a50pxh","time":1612431180,"event":{"mods":["Act Like it!","BaseMod","Better Altar","Better Note","Better Sensory Stone","Better Skull","Better Third Choice","BetterRewards","Colored Map","Colored Powertips","Downfall","Elementarium","Hermit","Highlight Path","Hubris","Infinite Spire","Minty Spire (QoL Compilation)","Replay The Spire","Shade Mod","Spicy Shops","StSLib","The Construct","The Hierophant","The Jungle","The Necromancer"],"gold_per_floor":[99,116,135,145,145,160,215,244,519,533,549,449,466,496,508,605,605,605,622,622,636,911,911,958,858,843,863,882,907,407,426,438,534,534,534,551,567,592,592,625,625,636,636,656,667,689,689,689,707,707],"floor_reached":51,"language":"ENG","playtime":9687,"items_purged":["Regret","champ:Strike","champ:Strike"],"score":753,"play_id":"e02a0e81-e3c8-4400-a988-d30a89af81c2","local_time":"20210204043300","is_ascension_mode":true,"campfire_choices":[{"floor":1.0,"key":"RECALL"},{"floor":12.0,"key":"REST"},{"data":"champ:CalledShot","floor":23.0,"key":"SMITH"},{"floor":25.0,"key":"REST"},{"data":"champ:DefensiveStyle","floor":35.0,"key":"SMITH"},{"floor":47.0,"key":"REST"}],"circlet_count":0,"master_deck":["champ:Strike+1","champ:Strike","champ:Defend","champ:Defend","champ:Defend+1","champ:Defend","champ:Execute","champ:Taunt+1","champ:CrookedStrike","champ:BerserkerStyle","champ:CalledShot+1","champ:IronFortress","champ:AdrenalArmor","champ:ArenaPreparation","champ:DefensiveStyle+1","champ:FlashCut","champ:GutPunch","champ:EnragedBash","champ:StrikeOfGenius+1","CurseOfTheBell","champ:StanceDance","Apotheosis+1","champ:ShieldSlam","champ:SwordThrow+1","champ:PreciseThrust+1","champ:GutPunch+1","hubris:Fate","champ:FanOfKnives+1","champ:Backstep+1","champ:FaceSlap+1","Master of Strategy+1","champ:SwordSigil","champ:HeavySlash+1","champ:CrookedStrike","expansioncontent:PrepareCrush","champ:PreemptiveStrike","champ:BerserkersShout","champ:CheapShot+1","champ:BladeFlurry+1","champ:PerfectedStrike+1","champ:RageSigil+1","expansioncontent:DashGenerateEvil+1","infinitespire:TheBestDefense","champ:SkillfulDodge"],"relics":["champ:ChampionCrown","Replay:Baseball","champ:DefensiveTrainingManual","Simple Rune","downfall:HeartBlessingRed","hubris:SlimyHat","Calling Bell","Omamori","Golden Egg","Ginger","downfall:HeartBlessingBlue","Singing Bowl","ClockworkSouvenir","Membership Card","infinitespire:Beetle Shell","construct:WeddingRing","Replay:Mystery Machine","Replay:Wax Seal","Letter Opener","Bronze Scales","Gambling Chip"],"acts_visited":["Exordium","Exordium","TheBeyond"],"potions_floor_usage":[50],"damage_taken":[{"damage":10.0,"enemies":"Cultist","floor":2.0,"turns":3.0},{"damage":0.0,"enemies":"2 Louse","floor":3.0,"turns":2.0},{"damage":10.0,"enemies":"Small Slimes","floor":4.0,"turns":4.0},{"damage":27.0,"enemies":"Blue Slaver","floor":6.0,"turns":3.0},{"damage":48.0,"enemies":"Lagavulin","floor":8.0,"turns":8.0},{"damage":45.0,"enemies":"Lots of Slimes","floor":10.0,"turns":6.0},{"damage":31.0,"enemies":"2 Fungi Beasts","floor":11.0,"turns":3.0},{"damage":53.0,"enemies":"Red Slaver","floor":13.0,"turns":4.0},{"damage":37.0,"enemies":"Replay:BlueRogue","floor":14.0,"turns":4.0},{"damage":31.0,"enemies":"Blue Slaver","floor":15.0,"turns":5.0},{"damage":80.0,"enemies":"IC_STATUS_ARCHETYPE","floor":16.0,"turns":12.0},{"damage":60.0,"enemies":"theJungle:MUSHROOMGANG","floor":19.0,"turns":5.0},{"damage":62.0,"enemies":"Shell Parasite","floor":21.0,"turns":4.0},{"damage":46.0,"enemies":"downfall:FleeingMerchant","floor":26.0,"turns":4.0},{"damage":62.0,"enemies":"theJungle:2_Flameangoes","floor":27.0,"turns":3.0},{"damage":24.0,"enemies":"theJungle:JungleHuntersEncounter","floor":28.0,"turns":4.0},{"damage":87.0,"enemies":"Nightmare","floor":29.0,"turns":7.0},{"damage":15.0,"enemies":"downfall:FleeingMerchant","floor":30.0,"turns":4.0},{"damage":10.0,"enemies":"Snake Plant","floor":31.0,"turns":2.0},{"damage":9.0,"enemies":"theJungle:Snecko_Cultist_And_Trap","floor":32.0,"turns":4.0},{"damage":27.0,"enemies":"WA_ARCHETYPE_CALM","floor":33.0,"turns":4.0},{"damage":22.0,"enemies":"3 Shapes","floor":36.0,"turns":4.0},{"damage":0.0,"enemies":"Orb Walker","floor":37.0,"turns":1.0},{"damage":23.0,"enemies":"Reptomancer","floor":40.0,"turns":4.0},{"damage":40.0,"enemies":"Sphere and 2 Shapes","floor":42.0,"turns":3.0},{"damage":20.0,"enemies":"Spire Growth","floor":44.0,"turns":3.0},{"damage":24.0,"enemies":"4 Shapes","floor":45.0,"turns":3.0},{"damage":0.0,"enemies":"downfall:FleeingMerchant","floor":46.0,"turns":1.0},{"damage":66,"enemies":"Transient","floor":49,"turns":5},{"damage":70,"enemies":"DF_ARCHETYPE_ORBS","floor":50,"turns":6}],"seed_played":"-9204215749767092866","potions_obtained":[{"floor":4.0,"key":"Dexterity Potion"},{"floor":6.0,"key":"hexamod:SoulburnPotion"},{"floor":8.0,"key":"champ:OpenerPotion"},{"floor":11.0,"key":"Swift Potion"},{"floor":19.0,"key":"FearPotion"},{"floor":27.0,"key":"Explosive Potion"},{"floor":31.0,"key":"Cursed Concoction"},{"floor":32.0,"key":"FearPotion"},{"floor":40.0,"key":"Strength Potion"}],"is_trial":false,"path_per_floor":["R","M","M","M","?","M","T","E","?","M","M","R","M","E","M","B",null,"R_BF","M","?","M","?","R","T","R","$","M","M","NM","$","M","M","B",null,"R","M","M","T","?","E","T","M","?","M","M","$","R","AVR","M","B",null],"character_chosen":"THE_CHAMP","items_purchased":["ClockworkSouvenir","Membership Card","infinitespire:Beetle Shell","champ:FaceSlap","Master of Strategy","AttackPotion","champ:BladeFlurry","champ:PerfectedStrike","Bronze Scales","champ:RageSigil","expansioncontent:DashGenerateEvil"],"campfire_rested":3,"item_purchase_floors":[30,30,30,30,30,30,46,46,46,46,46],"current_hp_per_floor":[90,90,90,90,100,100,100,79,79,59,59,89,72,70,54,20,100,100,85,85,63,63,63,63,106,105,63,54,49,46,46,46,39,112,112,112,114,114,114,103,103,105,105,105,91,91,118,118,118,95],"gold":707,"neow_bonus":"RANDOM_COMMON_RELIC","is_daily":false,"chose_seed":false,"campfire_upgraded":2,"win_rate":0.0,"timestamp":1612431180,"path_taken":["R","M","M","M","?","M","T","E","?","M","M","R","M","E","M","BOSS","R_BF","M","?","M","?","R","T","R","$","M","M","NM","$","?","M","BOSS","R","M","M","?","?","E","T","M","?","M","M","$","R","AVR","M","BOSS"],"items_purchased_type":["Relic","Relic","Relic","Card","Card","Potion","Card","Card","Relic","Card","Card"],"build_version":"2020-12-22","purchased_purges":3,"victory":true,"max_hp_per_floor":[90,90,90,90,100,100,100,100,100,100,100,100,100,100,100,100,100,100,100,100,100,100,100,100,110,110,110,110,110,110,110,112,112,112,112,112,114,114,114,116,116,118,118,118,118,118,118,118,118,118],"card_choices":[{"not_picked":["champ:DefensiveShout","champ:ShieldSigil"],"picked":"champ:CrookedStrike","floor":2.0},{"not_picked":["champ:DefensiveShout","champ:EndlessRage"],"picked":"champ:BerserkerStyle","floor":3.0},{"not_picked":["champ:Circumvent","champ:FocusedDefense"],"picked":"champ:CalledShot","floor":4.0},{"not_picked":["champ:Improvising","champ:SkillfulDodge"],"picked":"champ:IronFortress","floor":6.0},{"not_picked":["champ:EnGarde","champ:ShieldSigil"],"picked":"champ:AdrenalArmor","floor":8.0},{"not_picked":["champ:FlashCut","champ:PreciseThrust"],"picked":"champ:ArenaPreparation","floor":10.0},{"not_picked":["champ:BerserkerStyle","champ:AdrenalArmor"],"picked":"champ:DefensiveStyle","floor":11.0},{"not_picked":["champ:PreciseThrust","champ:DefensiveShout"],"picked":"champ:FlashCut","floor":13.0},{"not_picked":["champ:DancingMaster","champ:PerfectedStrike"],"picked":"champ:GutPunch","floor":14.0},{"not_picked":["champ:Encircle","champ:PreemptiveStrike"],"picked":"champ:EnragedBash","floor":15.0},{"not_picked":["champ:LastStand","champ:DancingMaster"],"picked":"champ:StrikeOfGenius","floor":16.0},{"not_picked":["champ:FanOfKnives+1","champ:EnGarde"],"picked":"champ:StanceDance","floor":19.0},{"not_picked":["champ:StanceDance","champ:EnGarde"],"picked":"champ:ShieldSlam","floor":21.0},{"not_picked":["champ:FalseCounter","champ:TornadoPunch"],"picked":"champ:SwordThrow","floor":26.0},{"not_picked":["champ:GladiatorStyle+1","champ:AdrenalArmor"],"picked":"champ:PreciseThrust+1","floor":27.0},{"not_picked":["champ:CrookedStrike","champ:Circumvent"],"picked":"champ:GutPunch+1","floor":28.0},{"not_picked":["infinitespire:Oblivion","ReplayTheSpireMod:Black Plague"],"picked":"hubris:Fate","floor":29.0},{"not_picked":["champ:BringItOn","champ:BerserkersShout+1"],"picked":"champ:FanOfKnives+1","floor":29.0},{"not_picked":["champ:DefensiveShout+1","champ:ShieldSlam"],"picked":"champ:Backstep+1","floor":30.0},{"not_picked":["champ:PerfectedStrike+1","champ:DefensiveShout"],"picked":"champ:SwordSigil","floor":31.0},{"not_picked":["champ:DefensiveStyle+1","champ:EnragedBash","champ:PreciseThrust"],"picked":"Singing Bowl","floor":32.0},{"not_picked":["champ:DancingMaster","champ:TripleStrike"],"picked":"champ:HeavySlash","floor":33.0},{"not_picked":["champ:BladeFlurry+1","champ:BerserkerStyle"],"picked":"champ:CrookedStrike","floor":36.0},{"not_picked":["champ:DefensiveStyle+1","champ:GutPunch+1","champ:FanOfKnives+1"],"picked":"Singing Bowl","floor":37.0},{"not_picked":["champ:BerserkerStyle","champ:ViciousMockery+1","champ:EndlessRage"],"picked":"Singing Bowl","floor":40.0},{"not_picked":["champ:ShieldSigil+1","champ:CrownThrow+1","champ:DefensiveShout"],"picked":"Singing Bowl","floor":42.0},{"not_picked":["expansioncontent:GuardianWhirl","Replay:SS_forest_2"],"picked":"expansioncontent:PrepareCrush","floor":43.0},{"not_picked":["champ:HeartStrike","champ:Haymaker"],"picked":"champ:PreemptiveStrike","floor":44.0},{"not_picked":["champ:BringItOn","champ:IronFortress"],"picked":"champ:BerserkersShout","floor":45.0},{"not_picked":["champ:FanOfKnives","champ:DefensiveShout"],"picked":"champ:CheapShot","floor":46.0},{"not_picked":["champ:TornadoPunch+1","champ:SetATrap"],"picked":"champ:SkillfulDodge","floor":49}],"player_experience":1557328,"relics_obtained":[{"floor":7.0,"key":"champ:DefensiveTrainingManual"},{"floor":8.0,"key":"Simple Rune"},{"floor":14.0,"key":"hubris:SlimyHat"},{"floor":17.0,"key":"Omamori"},{"floor":17.0,"key":"Golden Egg"},{"floor":17.0,"key":"Ginger"},{"floor":29.0,"key":"Singing Bowl"},{"floor":38.0,"key":"Replay:Mystery Machine"},{"floor":40.0,"key":"Replay:Wax Seal"},{"floor":41.0,"key":"Letter Opener"}],"event_choices":[{"cards_removed":["champ:StrikeOfGenius"],"damage_healed":0.0,"max_hp_gain":0.0,"max_hp_loss":0.0,"gold_gain":0.0,"event_name":"betterNote:BetterNote","player_choice":"Take \u0026 Give","floor":20.0,"gold_loss":0.0,"damage_taken":0.0,"cards_obtained":["Apotheosis"]}],"is_beta":false,"boss_relics":[{"not_picked":["hubris:HollowSoul","SlaversCollar"],"picked":"Calling Bell"},{"not_picked":["ChewingGum","Velvet Choker"],"picked":"construct:WeddingRing"}],"items_purged_floors":[30,46,48],"is_endless":false,"potions_floor_spawned":[4,6,8,11,13,19,27,31,32,40,44,45],"ascension_level":4}}