{"host":"phniwng9zo19jwdb","time":1612404587,"event":{"mods":["AchievementEnabler","BaseMod","Colored Powertips","Dark Map","Faster Ascension Climbing","GifTheSpireLib","Minty Spire (QoL Compilation)","Permanent Neow","Rare Cards Sparkle","Relic Filter Mod","StSLib","Weighted Paths"],"gold_per_floor":[115,131,147,159,175,175,175,175],"floor_reached":7,"language":"ENG","playtime":217,"items_purged":[],"score":90,"play_id":"eb9927ec-4e58-4a63-99f2-1cc4522e086d","local_time":"20210204030947","is_ascension_mode":true,"campfire_choices":[{"floor":6,"key":"REST"}],"circlet_count":0,"master_deck":["AscendersBane","Strike_G","Strike_G","Strike_G","Strike_G","Strike_G","Defend_G","Defend_G","Defend_G","Defend_G","Defend_G","Survivor","Neutralize","Bullet Time","Cloak And Dagger","Underhanded Strike","Cloak And Dagger","Blade Dance","Infinite Blades"],"relics":["Ring of the Snake"],"acts_visited":["Exordium"],"potions_floor_usage":[5],"damage_taken":[{"damage":11,"enemies":"Cultist","floor":1,"turns":5},{"damage":0,"enemies":"2 Louse","floor":2,"turns":4},{"damage":0,"enemies":"Small Slimes","floor":3,"turns":4},{"damage":0,"enemies":"Blue Slaver","floor":4,"turns":4},{"damage":23,"enemies":"Exordium Wildlife","floor":5,"turns":7},{"damage":0,"enemies":"3 Sentries","floor":7,"turns":1}],"seed_played":"3483983745973831709","potions_obtained":[{"floor":2,"key":"AttackPotion"},{"floor":4,"key":"SteroidPotion"}],"is_trial":false,"path_per_floor":["M","M","M","M","M","R","E"],"character_chosen":"THE_SILENT","items_purchased":[],"campfire_rested":1,"item_purchase_floors":[],"current_hp_per_floor":[33,33,33,33,10,29,29,29],"gold":175,"neow_bonus":"THREE_RARE_CARDS","is_daily":false,"chose_seed":false,"campfire_upgraded":0,"win_rate":0.0,"timestamp":1612404587,"path_taken":["M","?","M","M","M","R","E"],"items_purchased_type":[],"build_version":"2020-12-22","purchased_purges":0,"victory":false,"max_hp_per_floor":[66,66,66,66,66,66,66,66],"card_choices":[{"not_picked":["Malaise","Phantasmal Killer"],"picked":"Bullet Time","floor":0},{"not_picked":["Dodge and Roll","Bane"],"picked":"Cloak And Dagger","floor":1},{"not_picked":["PiercingWail","Flying Knee"],"picked":"Underhanded Strike","floor":2},{"not_picked":["Outmaneuver","Tactician"],"picked":"Cloak And Dagger","floor":3},{"not_picked":["Deadly Poison","Concentrate"],"picked":"Blade Dance","floor":4},{"not_picked":["Catalyst","Deflect"],"picked":"Infinite Blades","floor":5}],"player_experience":82485,"relics_obtained":[],"event_choices":[],"is_beta":false,"boss_relics":[],"items_purged_floors":[],"is_endless":false,"potions_floor_spawned":[2,4],"killed_by":"3 Sentries","ascension_level":20}}