{"host":"40vzoph344nwp0en","time":1612409464,"event":{"mods":["2.2 Compatiblity","Astrologer","BaseMod","Bestiary","Colored Map","GifTheSpireLib","GungeonMod","Highlight Path","Infinite Spire","Jorbs\u0027s Wanderer Trilogy","Minty Spire (QoL Compilation)","Potionbrewer","Relic Sorter","Replay The Spire","Robot Space Explorer","Shade Mod","Somnambulant","StSLib","SuperFastMode","The Bladedancer","The Cursed","The Disciple","The Elementalist","The Marked","The Spell Scribe","TheBandit","TheFirefly","??????REMEMod"],"gold_per_floor":[100115,100115,100115,99027,99046,99046,99057,99057,99134,98484,98484,98484,98509,98509,98509,98611,98611,98624,98643,98643,98662,98662,98694,98694,98694,98694],"floor_reached":24,"language":"ENG","playtime":1725,"items_purged":["wariomod:Strike","wariomod:Defend"],"score":287,"play_id":"6f7b3bf7-2185-4331-b6ea-a16c8d672bed","local_time":"20210203203104","is_ascension_mode":false,"campfire_choices":[{"data":"wariomod:CursedSpaces","floor":6,"key":"SMITH"},{"data":"Apotheosis","floor":8,"key":"SMITH"},{"data":"wariomod:Step","floor":12,"key":"SMITH"},{"data":"wariomod:ChargeForth","floor":15,"key":"SMITH"}],"circlet_count":0,"master_deck":["wariomod:Strike+1","wariomod:Defend","wariomod:Defend","wariomod:Step+1","wariomod:Leap","wariomod:GoAgain+1","wariomod:CursedSpaces+1","wariomod:DanceDash+1","Apotheosis+1","Swift Strike+1","wariomod:ShipSmash+1","wariomod:EndlessBlast+1","wariomod:Hopshield","wariomod:SmallSprint+1","wariomod:RacingSpeed","wariomod:ChargeForth+1","wariomod:DanceDash+1","wariomod:Game+1","wariomod:ChargeForth","Voices"],"relics":["wariomod:TheHat","REME_ComplimentaryCards","NeowsBlessing","Molten Egg 2","DemoMod:GnawedKey","ReplayTheSpireMod:ShopPack","Replay:Bottled Eggs","DemoMod:DecoyRelic","Bag of Marbles","Lee\u0027s Waffle","Blue Doll","infinitespire:Bottled Soul","REME_ChargedStone","Pondfish Scales","Strawberry"],"acts_visited":["Exordium","TheCity"],"potions_floor_usage":[16],"damage_taken":[{"damage":0,"enemies":"2 Louse","floor":1,"turns":1},{"damage":0,"enemies":"Cultist","floor":5,"turns":1},{"damage":0,"enemies":"Small Slimes","floor":7,"turns":1},{"damage":11,"enemies":"Gremlin Nob","floor":13,"turns":3},{"damage":20,"enemies":"Hexaghost","floor":16,"turns":7},{"damage":7,"enemies":"Spheric Guardian","floor":18,"turns":5},{"damage":5,"enemies":"Shell Parasite","floor":19,"turns":3},{"damage":0,"enemies":"3 Cultists","floor":21,"turns":3},{"damage":24,"enemies":"Replay:Snechameleon","floor":23,"turns":7},{"damage":0,"enemies":"Snecko","floor":24,"turns":1}],"seed_played":"-4273456851090602835","potions_obtained":[{"floor":5,"key":"Weak Potion"},{"floor":7,"key":"potionbrewer:NoxiousPotion"},{"floor":21,"key":"BlessingOfTheForge"}],"is_trial":false,"path_per_floor":["M","?","?","$","M","R","M","R","T","$","?","R","E","?","R","B",null,"M","M","?","M","?","E","M"],"character_chosen":"THE_BANDIT","items_purchased":["Molten Egg 2","DemoMod:GnawedKey","ReplayTheSpireMod:ShopPack","Replay:Bottled Eggs","wariomod:ShipSmash+1","wariomod:EndlessBlast+1","wariomod:Hopshield","Bag of Marbles","Lee\u0027s Waffle","Blue Doll","wariomod:ChargeForth","wariomod:DanceDash+1"],"campfire_rested":0,"item_purchase_floors":[4,4,4,4,4,4,4,10,10,10,10,10],"current_hp_per_floor":[80,64,64,64,64,64,64,64,64,87,80,80,69,69,69,49,87,80,75,75,75,75,58,58,58,58],"gold":98694,"neow_bonus":"THREE_ENEMY_KILL","is_daily":false,"chose_seed":false,"campfire_upgraded":4,"win_rate":0.0,"timestamp":1612409464,"path_taken":["M","?","?","$","M","R","?","R","T","$","?","R","E","?","R","BOSS","M","M","?","M","?","E","M"],"items_purchased_type":["Relic","Relic","Relic","Relic","Card","Card","Card","Relic","Relic","Relic","Card","Card"],"build_version":"2020-12-22","purchased_purges":2,"victory":false,"max_hp_per_floor":[80,80,80,80,80,80,80,80,80,87,87,87,87,87,87,87,87,87,87,87,87,87,94,94,94,94],"card_choices":[{"not_picked":["wariomod:Boomsmack","wariomod:SpaceSwap"],"picked":"wariomod:CursedSpaces","floor":1},{"not_picked":["REME_BattleFury","Chrysalis"],"picked":"Apotheosis","floor":4},{"not_picked":["Madness","Mind Blast"],"picked":"Swift Strike","floor":4},{"not_picked":["wariomod:Immortalize","wariomod:DonateDraw"],"picked":"wariomod:SmallSprint+1","floor":5},{"not_picked":["wariomod:CursedSpaces","wariomod:TempestBlasts"],"picked":"wariomod:RacingSpeed","floor":7},{"not_picked":["wariomod:Leapslam+1","wariomod:GoAgain","wariomod:DisarmingMoves"],"picked":"SKIP","floor":13},{"not_picked":["wariomod:f+1","wariomod:SmackSlam+1","wariomod:NullJump+1"],"picked":"SKIP","floor":18},{"not_picked":["wariomod:TempestBlasts+1","wariomod:SpaceSwap"],"picked":"wariomod:Game+1","floor":19},{"not_picked":["wariomod:BoomBoom","wariomod:NullJump+1"],"picked":"wariomod:ChargeForth","floor":21},{"not_picked":["wariomod:DonateDraw","wariomod:DisarmingMoves","wariomod:Leapslam+1"],"picked":"SKIP","floor":23}],"player_experience":697609,"relics_obtained":[{"floor":9,"key":"DemoMod:DecoyRelic"},{"floor":13,"key":"infinitespire:Bottled Soul"},{"floor":23,"key":"Strawberry"}],"event_choices":[{"damage_healed":0,"gold_gain":0,"player_choice":"Entered Light","damage_taken":16,"max_hp_gain":0,"max_hp_loss":0,"event_name":"Shining Light","floor":2,"gold_loss":0,"cards_upgraded":["wariomod:GoAgain","wariomod:Strike"]},{"damage_healed":0,"gold_gain":0,"cards_transformed":["wariomod:Defend"],"player_choice":"Transformed","damage_taken":0,"max_hp_gain":0,"max_hp_loss":0,"event_name":"Transmorgrifier","floor":3,"gold_loss":0,"cards_obtained":["wariomod:DanceDash"]},{"cards_removed":["wariomod:Strike"],"damage_healed":0,"gold_gain":0,"player_choice":"Card Removal","damage_taken":7,"max_hp_gain":0,"max_hp_loss":0,"event_name":"Golden Wing","floor":11,"gold_loss":0}],"is_beta":false,"boss_relics":[{"not_picked":["Ring of Chaos","ChewingGum"],"picked":"REME_ChargedStone"}],"items_purged_floors":[4,10],"is_endless":false,"potions_floor_spawned":[5,7,13,21],"killed_by":"Snecko","ascension_level":0}}