{"host":"za9ilm1uiwmpmin1","time":1612478995,"event":{"mods":["AchievementEnabler","Act Like it!","Arknights","BaseMod","Dota2Spire","Downfall","Friendly Minions","Lobotomy","LobotomyExtend","Minty Spire (QoL Compilation)","MostiFishMod","Reorder Act Four","RumiaBox-露米娅的神秘盒子","StSLib","TestMod","Waifu the Spire","[IsaacMod]以撒尖塔","【功能Mod】混沌之环修复补丁"],"gold_per_floor":[119,133,133,149,165,165,198,198,250,175,215,215,254,273,273,367,367,391,119,119,163,163,163,178,241,241,307,182,195,195,230,230,353,353,368,368,433,433,488,535,560,614,614,687,687,729,761,794,794,835,835,835,685,685,734,753],"floor_reached":57,"language":"ZHS","playtime":1551,"items_purged":["ats:Strike G","ats:Strike C","ats:Strike V","ats:Defend","ats:Defend","ats:Strike S"],"score":3264,"play_id":"8a161e02-00b9-43e1-a6bc-a5d55d40bc51","local_time":"20210205064955","is_ascension_mode":true,"campfire_choices":[{"data":"ats:Soul Absorption","floor":6.0,"key":"SMITH"},{"data":"ats:Emotion Absorption","floor":15,"key":"SMITH"},{"floor":23,"key":"RECALL"},{"data":"ats:Closed Bolt Burst Fire","floor":32,"key":"SMITH"},{"data":"ats:Shadow Raid","floor":49,"key":"SMITH"},{"data":"ats:Calcification","floor":54,"key":"SMITH"}],"circlet_count":0,"master_deck":["AscendersBane","ats:Armor Crushing Shot","ats:Defend","ats:Emotion Absorption+1","ats:Hook Shot+1","ats:Closed Bolt Burst Fire+1","ats:Soul Absorption+1","ats:Disruption Kick+1","Necronomicurse","ats:Calcification+1","MostiFishMod:BrokenBlackCloak","Finesse","ats:Assault Order+1","ats:Shadow Raid+1","ats:Flexible Camouflage+1"],"relics":["DaveBox","HushsDoor","testmod-TestBox","testmod-IntensifyImprint","BelialBook","ShadowXiaoBlade","Dota2Spire:RefresherOrb","SynthV:TestCard","LetterFromLob","Dota2Spire:Vanguard","ats:Originium","ImprovedEquipment","Golden Idol","Dream Catcher","HollowDreamFlower","EasyGame_NEW","Dota2Spire:HandOfMidas","Necronomicon","testmod-Hope","OriginationStaff","Dota2Spire:ArmletOfMordiggian","Blue Candle","Blood Vial","testmod-DeterminationOfClimber","DaCapo","Bronze Scales","CeramicFish","ats:Spiritual Recovery","Guardian:PocketSentry","testmod-Alchemist","Ornamental Fan"],"acts_visited":["Exordium","TheCity","TheBeyond","TheEnding"],"potions_floor_usage":[25,27,56],"damage_taken":[{"damage":2.0,"enemies":"Jaw Worm","floor":1.0,"turns":2.0},{"damage":1.0,"enemies":"Cultist","floor":2.0,"turns":3.0},{"damage":0.0,"enemies":"2 Louse","floor":4.0,"turns":2.0},{"damage":2.0,"enemies":"Large Slime","floor":5.0,"turns":2.0},{"damage":0,"enemies":"Lagavulin","floor":7,"turns":4},{"damage":0,"enemies":"3 Sentries","floor":11,"turns":5},{"damage":0,"enemies":"Lagavulin","floor":13,"turns":4},{"damage":5,"enemies":"Exordium Wildlife","floor":14,"turns":3},{"damage":0,"enemies":"Slime Boss","floor":16,"turns":5},{"damage":0,"enemies":"3 Byrds","floor":18,"turns":3},{"damage":0,"enemies":"Spheric Guardian","floor":21,"turns":2},{"damage":0,"enemies":"3 Cultists","floor":24,"turns":3},{"damage":0,"enemies":"Slavers","floor":25,"turns":4},{"damage":0,"enemies":"Book of Stabbing","floor":27,"turns":4},{"damage":0,"enemies":"Snake Plant","floor":29,"turns":2},{"damage":0,"enemies":"Gremlin Leader","floor":31,"turns":2},{"damage":0,"enemies":"Collector","floor":33,"turns":3},{"damage":0,"enemies":"3 Shapes","floor":35,"turns":1},{"damage":0,"enemies":"2 Orb Walkers","floor":37,"turns":3},{"damage":0,"enemies":"3 Darklings","floor":39,"turns":1},{"damage":0,"enemies":"Nemesis","floor":40,"turns":1},{"damage":0,"enemies":"Spire Growth","floor":41,"turns":1},{"damage":0,"enemies":"Giant Head","floor":42,"turns":1},{"damage":0,"enemies":"Nemesis","floor":44,"turns":2},{"damage":0,"enemies":"Mind Bloom Boss Battle","floor":46,"turns":1},{"damage":0,"enemies":"Writhing Mass","floor":47,"turns":1},{"damage":0,"enemies":"3 Darklings","floor":48,"turns":1},{"damage":0,"enemies":"Time Eater","floor":50,"turns":2},{"damage":0,"enemies":"Shield and Spear","floor":55,"turns":1},{"damage":0,"enemies":"The Heart","floor":56,"turns":2}],"seed_played":"-7753679715391999171","potions_obtained":[{"floor":2.0,"key":"Swift Potion"},{"floor":7,"key":"SteroidPotion"},{"floor":16,"key":"Block Potion"},{"floor":25,"key":"testmod-EscapePotion"},{"floor":35,"key":"testmod-TimePotion"},{"floor":55,"key":"ats:Emergency Sanity Potion"}],"is_trial":false,"path_per_floor":["M","M","?","M","M","R","E","?","T","$","E","M","E","M","R","B",null,"M","$","?","M","?","R","M","E","T","E","$","M","?","E","R","B",null,"M","?","?","?","M","E","M","E","T","E","?","?","M","M","R","B",null,null,"$","R","E","B",null],"character_chosen":"DOCTOR_CLASS","items_purchased":["ats:Disruption Kick","Dota2Spire:HandOfMidas"],"campfire_rested":0,"item_purchase_floors":[17,19],"current_hp_per_floor":[62,61,46,46,44,44,44,20,20,20,20,20,20,19,19,23,52,56,56,35,39,39,39,43,47,47,51,51,55,50,54,54,60,55,55,45,55,55,55,55,55,55,55,55,55,55,55,55,55,55,55,55,55,55,55,55],"gold":753,"neow_bonus":"BOSS_RELIC","is_daily":false,"chose_seed":false,"campfire_upgraded":5,"win_rate":0.0,"timestamp":1612478995,"path_taken":["M","M","?","?","M","R","E","?","T","?","E","M","E","M","R","BOSS","M","?","?","M","?","R","?","E","T","E","$","M","?","E","R","BOSS","M","?","?","?","M","E","M","E","T","E","?","?","M","M","R","BOSS","$","R","E","BOSS"],"items_purchased_type":["Card","Relic"],"build_version":"2020-12-22","purchased_purges":6,"victory":true,"max_hp_per_floor":[71,71,71,71,71,71,71,71,71,71,71,71,71,71,71,71,62,62,62,62,62,62,62,62,62,62,62,62,62,62,62,62,62,55,55,55,55,55,55,55,55,55,55,55,55,55,55,55,55,55,55,55,55,55,55,55],"card_choices":[{"not_picked":["ats:Ignite","ats:Thermite Blade"],"picked":"ats:Hook Shot","floor":1.0},{"not_picked":["ats:Collapsing Strike","ats:Explosion Area Strengthen","ats:Directed Diagnosis","ats:Healing Drone"],"picked":"ats:Closed Bolt Burst Fire","floor":2.0},{"not_picked":["ats:Counter Healing Mode","ats:Hammer On","ats:Shell Defense","ats:Revitalization"],"picked":"ats:Soul Absorption","floor":4.0},{"not_picked":["ats:Apocalypse","ats:Cat Scratch","ats:Consecutive Shot Auto","ats:Very Hot Blade","ats:Automatic Cover"],"picked":"SKIP","floor":5.0},{"not_picked":["ats:True Silver Slash","ats:Assault Order","ats:Ignite","ats:Hammer On","ats:Healing Strengthening"],"picked":"SKIP","floor":7},{"not_picked":["ats:Roar Of Ursus","ats:Serious Mode","ats:Hammer On","ats:Sunburst","ats:Thermite Blade"],"picked":"SKIP","floor":11},{"not_picked":["ats:Apocalypse","ats:Consecutive Shot Auto","ats:Collapsing Strike","ats:Volcano","ats:Literary Storm"],"picked":"SKIP","floor":13},{"not_picked":["ats:Shell Defense","ats:Revitalization","ats:Flexible Camouflage","ats:Apocalypse","ats:Shadow Raid"],"picked":"SKIP","floor":14},{"not_picked":["ats:Hammer On","ats:Absolute Focus+1","ats:Apocalypse","ats:Consecutive Shot Auto","ats:Assault Order"],"picked":"SKIP","floor":18},{"not_picked":["ats:Dogmatic Field","ats:Ignite","ats:Closed Bolt Burst Fire","ats:Powerful Strike","ats:Sunburst"],"picked":"SKIP","floor":21},{"not_picked":["ats:Assault Order","ats:Consecutive Shot Auto","ats:Hook Shot+1","ats:Apocalypse","ats:Shell Defense"],"picked":"SKIP","floor":24},{"not_picked":["ats:Disruption Kick","ats:Phantom+1","ats:Ignite","ats:Closed Bolt Burst Fire","ats:Leaping Hammer"],"picked":"SKIP","floor":25},{"not_picked":["ats:Phantom","ats:Flexible Camouflage","ats:Explosion Area Strengthen","ats:Powerful Strike","ats:Assault Order"],"picked":"SKIP","floor":27},{"not_picked":["ats:Cat Scratch","ats:Composite Medical Shells","ats:Soul Rend","ats:Explosion Area Strengthen+1","ats:Guard Mode"],"picked":"SKIP","floor":29},{"not_picked":["ats:Guard Mode","ats:Shell Defense+1","ats:Explosion Area Strengthen","ats:Red Shift","ats:Flexible Camouflage"],"picked":"SKIP","floor":31},{"not_picked":["ats:Fractured Body","ats:True Silver Slash","ats:Volcano","ats:Rat Pack"],"picked":"ats:Calcification","floor":33},{"not_picked":["ats:Powerful Strike+1","ats:Blood Oath+1","ats:Flexible Camouflage","ats:Spore Proliferation","ats:Beaten Up"],"picked":"SKIP","floor":35},{"not_picked":["Impatience","testmod-PainDetonator","testmod-Mystery","BettingIsNotGood"],"picked":"MostiFishMod:BrokenBlackCloak","floor":36},{"not_picked":["testmod-LifeRuler","Discovery","testmod-Bloodthirsty","testmod-Collector"],"picked":"Finesse","floor":36},{"not_picked":["ats:Explosion Area Strengthen+1","ats:Revitalization","ats:Spore Proliferation","ats:Overload+1"],"picked":"ats:Assault Order+1","floor":39},{"not_picked":["ats:Thermite Blade","ats:Red Shift+1","ats:Explosion Area Strengthen+1","ats:Charging Defense+1","ats:Poison Spread+1"],"picked":"SKIP","floor":40},{"not_picked":["ats:Very Hot Blade","ats:Absolute Focus","ats:Revitalization","ats:Ignite+1","ats:Assault Order+1"],"picked":"SKIP","floor":41},{"not_picked":["ats:Shadow Raid","ats:Ignite","ats:Thermite Blade","ats:Cat Scratch","ats:Shell Defense"],"picked":"SKIP","floor":42},{"not_picked":["ats:Ignite","ats:Thermite Blade","ats:Cat Scratch","ats:Shell Defense"],"picked":"ats:Shadow Raid","floor":42},{"not_picked":["ats:Hammer On","ats:Spore Proliferation","ats:Explosion Area Strengthen+1","ats:Curse Doll","ats:Support Order+1"],"picked":"SKIP","floor":44},{"not_picked":["ats:Assault Order","ats:Consecutive Shot Auto","ats:Neurotoxin","ats:Sunburst+1","ats:Literary Storm"],"picked":"SKIP","floor":47},{"not_picked":["ats:Leaping Hammer","ats:Apocalypse","ats:Sunburst","ats:Counter Healing Mode"],"picked":"ats:Flexible Camouflage+1","floor":48},{"not_picked":["ats:Very Hot Blade","ats:Automatic Cover+1","ats:Sunburst","ats:Cat Scratch","ats:Explosion Area Strengthen"],"picked":"SKIP","floor":55}],"player_experience":952530,"relics_obtained":[{"floor":1.0,"key":"SynthV:TestCard"},{"floor":1.0,"key":"LetterFromLob"},{"floor":7,"key":"ats:Originium"},{"floor":7,"key":"ImprovedEquipment"},{"floor":11,"key":"ats:Originium"},{"floor":11,"key":"Dream Catcher"},{"floor":13,"key":"ats:Originium"},{"floor":13,"key":"HollowDreamFlower"},{"floor":20,"key":"Necronomicon"},{"floor":25,"key":"ats:Originium"},{"floor":25,"key":"testmod-Hope"},{"floor":26,"key":"OriginationStaff"},{"floor":27,"key":"Dota2Spire:ArmletOfMordiggian"},{"floor":31,"key":"Blood Vial"},{"floor":37,"key":"DaCapo"},{"floor":40,"key":"Bronze Scales"},{"floor":42,"key":"CeramicFish"},{"floor":43,"key":"ats:Spiritual Recovery"},{"floor":44,"key":"Guardian:PocketSentry"},{"floor":46,"key":"testmod-Alchemist"},{"floor":55,"key":"Ornamental Fan"}],"event_choices":[{"damage_healed":0,"gold_gain":0,"player_choice":"Take Damage","damage_taken":24,"relics_obtained":["Golden Idol"],"max_hp_gain":0,"max_hp_loss":0,"event_name":"Golden Idol","floor":8,"gold_loss":0},{"damage_healed":0,"gold_gain":0,"player_choice":"Obtained Book","damage_taken":21,"max_hp_gain":0,"max_hp_loss":0,"event_name":"Cursed Tome","floor":20,"gold_loss":0},{"damage_healed":0,"gold_gain":0,"player_choice":"Swap Relic","damage_taken":0,"relics_obtained":["Technique"],"max_hp_gain":0,"max_hp_loss":0,"event_name":"给自己的盒子","floor":22,"relics_lost":["Technique"],"gold_loss":0},{"damage_healed":0,"gold_gain":0,"player_choice":"Memory 3","damage_taken":10,"max_hp_gain":0,"max_hp_loss":0,"event_name":"SensoryStone","floor":36,"gold_loss":0},{"damage_healed":0,"gold_gain":0,"player_choice":"Fight","damage_taken":0,"max_hp_gain":0,"max_hp_loss":0,"event_name":"Mysterious Sphere","floor":37,"gold_loss":0},{"cards_removed":["ats:Defend"],"damage_healed":0,"gold_gain":0,"player_choice":"Removed Skill","damage_taken":0,"max_hp_gain":0,"max_hp_loss":0,"event_name":"Falling","floor":38,"gold_loss":0},{"damage_healed":0,"gold_gain":0,"player_choice":"Fight","damage_taken":0,"max_hp_gain":0,"max_hp_loss":0,"event_name":"MindBloom","floor":46,"gold_loss":0}],"is_beta":false,"boss_relics":[{"not_picked":["RhineFirstAidKit","testmod-DreamHouse"],"picked":"EasyGame_NEW"},{"not_picked":[]},{"not_picked":["testmod-TimeTraveler","testmod-Fanaticism"],"picked":"testmod-DeterminationOfClimber"},{"not_picked":[]}],"items_purged_floors":[10,17,19,28,34,53],"is_endless":false,"potions_floor_spawned":[2,7,11,14,16,18,21,25,35,40,41,47,55],"ascension_level":18}}