{"host":"utqe55yv0jihe4d6","time":1612412209,"event":{"mods":["2.2 Compatiblity","AchievementEnabler","BaseMod","Block Reminder","Colored Map","Colored Powertips","Minty Spire (QoL Compilation)","Quick Restart","Rare Cards Sparkle","Relic Stats","SuperFastMode"],"gold_per_floor":[111,130,130,146,219,253,253,253,253,253,253],"floor_reached":10,"language":"ENG","playtime":165,"items_purged":[],"score":132,"play_id":"878403e9-3c1c-4ab0-8afe-11fcae86c6a6","local_time":"20210203231649","is_ascension_mode":true,"campfire_choices":[{"floor":7,"key":"REST"}],"circlet_count":0,"master_deck":["AscendersBane","Strike_G","Strike_G","Strike_G","Strike_G","Strike_G","Defend_G","Defend_G","Defend_G","Defend_G","Defend_G","Survivor","Neutralize","Endless Agony","Blade Dance","Dagger Throw","Deadly Poison"],"relics":["Ring of the Snake","NeowsBlessing","Blue Candle","Gremlin Horn","Pen Nib","StoneCalendar"],"acts_visited":["Exordium"],"potions_floor_usage":[10,10],"damage_taken":[{"damage":0,"enemies":"Cultist","floor":1,"turns":1},{"damage":0,"enemies":"Jaw Worm","floor":2,"turns":1},{"damage":0,"enemies":"Small Slimes","floor":4,"turns":1},{"damage":50,"enemies":"3 Sentries","floor":6,"turns":12},{"damage":36,"enemies":"Lagavulin","floor":10,"turns":6}],"seed_played":"5766608961113482096","potions_obtained":[{"floor":1,"key":"SpeedPotion"},{"floor":4,"key":"DuplicationPotion"}],"is_trial":false,"path_per_floor":["M","M","?","M","T","E","R","?","T","E"],"character_chosen":"THE_SILENT","items_purchased":[],"campfire_rested":1,"item_purchase_floors":[],"current_hp_per_floor":[59,59,66,66,66,16,35,30,30,0,0],"gold":253,"neow_bonus":"THREE_ENEMY_KILL","is_daily":false,"chose_seed":false,"campfire_upgraded":0,"win_rate":0.0,"timestamp":1612412209,"path_taken":["M","?","?","?","?","E","R","?","T","E"],"items_purchased_type":[],"build_version":"2020-12-22","purchased_purges":0,"victory":false,"max_hp_per_floor":[66,66,66,66,66,66,66,66,66,66,66],"relic_stats":{"Gremlin Horn":[0,0],"counters":[5,21],"Blue Candle":[0],"StoneCalendar":[0],"Pen Nib":[1],"obtain_stats":[{"NeowsBlessing":0,"Gremlin Horn":6,"Blue Candle":5,"StoneCalendar":9,"Pen Nib":8,"Ring of the Snake":0},{"NeowsBlessing":0,"Gremlin Horn":4,"Blue Candle":3,"StoneCalendar":4,"Pen Nib":4,"Ring of the Snake":0},{"NeowsBlessing":0,"Gremlin Horn":15,"Blue Candle":3,"StoneCalendar":15,"Pen Nib":15,"Ring of the Snake":0}],"Ring of the Snake":[11]},"card_choices":[{"not_picked":["Slice","Expertise"],"picked":"Endless Agony","floor":1},{"not_picked":["Flying Knee","Acrobatics"],"picked":"Blade Dance","floor":2},{"not_picked":["Catalyst","Masterful Stab"],"picked":"Dagger Throw","floor":4},{"not_picked":["Acrobatics","Reflex"],"picked":"Deadly Poison","floor":6}],"player_experience":3015744,"relics_obtained":[{"floor":5,"key":"Blue Candle"},{"floor":6,"key":"Gremlin Horn"},{"floor":9,"key":"StoneCalendar"}],"event_choices":[{"damage_healed":7,"gold_gain":0,"player_choice":"Full Heal","damage_taken":0,"max_hp_gain":0,"max_hp_loss":0,"event_name":"Wheel of Change","floor":3,"gold_loss":0},{"damage_healed":0,"gold_gain":0,"player_choice":"Success","damage_taken":5,"relics_obtained":["Pen Nib"],"max_hp_gain":0,"max_hp_loss":0,"event_name":"Scrap Ooze","floor":8,"gold_loss":0}],"is_beta":false,"boss_relics":[],"items_purged_floors":[],"is_endless":false,"potions_floor_spawned":[1,4],"killed_by":"Lagavulin","ascension_level":20}}