{"host":"e8062yfkmywf26f0","time":1612453509,"event":{"mods":["AchievementEnabler","BaseMod","Colored Map","Minty Spire (QoL Compilation)","Quick Restart","Shop Mod","StSLib"],"gold_per_floor":[115,134,134,134,145,176,176,192,192,218,228,228,228,238,238,341,341,354,269,269,269,269,269,288,300,300,300,315,344,154,7,7,106,156,175,221,271,271,287,287,317,328,405,415,415,434,452,452,452,452],"floor_reached":51,"language":"ENG","playtime":3948,"items_purged":[],"score":732,"play_id":"3e8b3cfe-658b-4dea-adfe-0eb8775f85c2","local_time":"20210204154509","is_ascension_mode":false,"campfire_choices":[{"floor":7,"key":"REST"},{"floor":12,"key":"REST"},{"floor":15,"key":"REST"},{"floor":27,"key":"REST"},{"floor":32,"key":"REST"},{"floor":40,"key":"REST"},{"floor":45,"key":"REST"},{"floor":49,"key":"REST"}],"circlet_count":0,"master_deck":["Strike_R","Strike_R","Strike_R","Strike_R","Strike_R","Defend_R","Defend_R","Defend_R","Defend_R","Bash+1","Ghostly Armor","Carnage","Infernal Blade","Cleave","Flame Barrier","Thunderclap","Offering","Inflame","Inflame","Iron Wave","Pommel Strike+1","Dropkick","Feed","Cleave+1","Perfected Strike+1","Shrug It Off+1","Uppercut+1","Ghostly Armor","Offering","Writhe"],"relics":["Black Star","Paper Frog","Ice Cream","Pear","Eternal Feather","Unceasing Top","Pen Nib","Snecko Eye","Happy Flower","Mummified Hand","Self Forming Clay","Kunai","Anchor","MealTicket","Membership Card","Tiny House","Bird Faced Urn","StoneCalendar","HornCleat","Molten Egg 2","Pantograph"],"acts_visited":["TheCity","TheBeyond"],"potions_floor_usage":[16,16,42],"damage_taken":[{"damage":1,"enemies":"Cultist","floor":1,"turns":3},{"damage":9,"enemies":"2 Louse","floor":2,"turns":2},{"damage":0,"enemies":"Small Slimes","floor":5,"turns":3},{"damage":28,"enemies":"Gremlin Nob","floor":6,"turns":5},{"damage":5,"enemies":"Exordium Wildlife","floor":8,"turns":4},{"damage":39,"enemies":"Lagavulin","floor":10,"turns":6},{"damage":14,"enemies":"Exordium Thugs","floor":11,"turns":5},{"damage":0,"enemies":"3 Louse","floor":14,"turns":3},{"damage":94,"enemies":"Hexaghost","floor":16,"turns":14},{"damage":19,"enemies":"Shell Parasite","floor":18,"turns":2},{"damage":10,"enemies":"Spheric Guardian","floor":24,"turns":3},{"damage":16,"enemies":"Snake Plant","floor":25,"turns":4},{"damage":3,"enemies":"Centurion and Healer","floor":28,"turns":3},{"damage":40,"enemies":"Slavers","floor":29,"turns":4},{"damage":60,"enemies":"Champ","floor":33,"turns":13},{"damage":8,"enemies":"3 Shapes","floor":35,"turns":3},{"damage":36,"enemies":"2 Orb Walkers","floor":36,"turns":4},{"damage":30,"enemies":"Mind Bloom Boss Battle","floor":37,"turns":4},{"damage":22,"enemies":"3 Darklings","floor":39,"turns":4},{"damage":47,"enemies":"Nemesis","floor":41,"turns":7},{"damage":16,"enemies":"Maw","floor":42,"turns":5},{"damage":14,"enemies":"4 Shapes","floor":44,"turns":3},{"damage":40,"enemies":"Jaw Worm Horde","floor":46,"turns":5},{"damage":0,"enemies":"3 Darklings","floor":47,"turns":3},{"damage":40,"enemies":"Time Eater","floor":50,"turns":8}],"seed_played":"-3753923878932937363","potions_obtained":[{"floor":2,"key":"SpeedPotion"},{"floor":14,"key":"PowerPotion"},{"floor":16,"key":"LiquidMemories"},{"floor":18,"key":"Swift Potion"},{"floor":24,"key":"BlessingOfTheForge"},{"floor":28,"key":"FairyPotion"},{"floor":36,"key":"SteroidPotion"},{"floor":44,"key":"Ancient Potion"}],"is_trial":false,"path_per_floor":["M","M","?","?","M","E","R","M","T","E","M","R","?","M","R","B",null,"M","?","?","?","T","?","M","M","T","R","M","E","$","$","R","B",null,"M","?","?","?","M","R","E","M","T","M","R","M","M","?","R","B",null],"character_chosen":"IRONCLAD","items_purchased":["Dropkick","MealTicket","Membership Card"],"campfire_rested":8,"item_purchase_floors":[30,30,31],"current_hp_per_floor":[79,70,75,75,75,47,72,67,77,38,24,61,58,58,95,1,95,76,76,76,57,57,57,47,31,31,73,70,30,30,45,87,27,105,100,67,41,41,21,69,26,17,17,10,60,25,29,59,113,82],"gold":452,"neow_bonus":"BOSS_RELIC","is_daily":false,"chose_seed":false,"campfire_upgraded":0,"win_rate":0.0,"timestamp":1612453509,"path_taken":["M","M","?","?","M","E","R","M","T","E","M","R","?","?","R","BOSS","M","?","?","?","?","?","M","M","T","R","M","E","?","$","R","BOSS","M","?","?","?","M","R","E","?","T","M","R","M","M","?","R","BOSS"],"items_purchased_type":["Card","Relic","Relic"],"build_version":"2020-12-22","purchased_purges":0,"victory":true,"max_hp_per_floor":[80,80,85,85,85,85,85,85,95,95,95,95,95,95,95,95,95,95,95,95,100,100,100,100,100,100,100,100,100,100,100,100,100,105,108,111,111,111,111,111,111,114,114,117,117,120,120,120,120,120],"card_choices":[{"not_picked":["Clash","Fire Breathing","Havoc"],"picked":"SKIP","floor":1},{"not_picked":["Iron Wave","Flex"],"picked":"Ghostly Armor","floor":2},{"not_picked":["Body Slam","Perfected Strike"],"picked":"Carnage","floor":5},{"not_picked":["Second Wind","Shrug It Off"],"picked":"Infernal Blade","floor":6},{"not_picked":["Rupture","Shrug It Off"],"picked":"Cleave","floor":8},{"not_picked":["Havoc","Dropkick"],"picked":"Flame Barrier","floor":10},{"not_picked":["Flex","Armaments","Body Slam"],"picked":"SKIP","floor":11},{"not_picked":["Intimidate","Clothesline"],"picked":"Thunderclap","floor":14},{"not_picked":["Reaper","Barricade"],"picked":"Offering","floor":16},{"not_picked":["Perfected Strike","Metallicize"],"picked":"Inflame","floor":18},{"not_picked":["Heavy Blade","Sword Boomerang+1"],"picked":"Iron Wave","floor":24},{"not_picked":["Pummel","Sword Boomerang+1","Shrug It Off+1"],"picked":"SKIP","floor":25},{"not_picked":["Twin Strike","Headbutt","Warcry"],"picked":"SKIP","floor":28},{"not_picked":["Rampage+1","Havoc"],"picked":"Pommel Strike+1","floor":29},{"not_picked":["Offering","Demon Form"],"picked":"Feed","floor":33},{"not_picked":["Headbutt+1","Pommel Strike"],"picked":"Cleave+1","floor":34},{"not_picked":["Twin Strike+1","Flex+1"],"picked":"Perfected Strike+1","floor":35},{"not_picked":["Warcry","Heavy Blade"],"picked":"Shrug It Off+1","floor":37},{"not_picked":["True Grit+1","Clash+1","Ghostly Armor"],"picked":"SKIP","floor":39},{"not_picked":["Perfected Strike+1","Dual Wield+1","Entrench+1"],"picked":"SKIP","floor":41},{"not_picked":["Perfected Strike+1","Iron Wave+1"],"picked":"Uppercut+1","floor":42},{"not_picked":["Entrench+1","Warcry"],"picked":"Ghostly Armor","floor":44},{"not_picked":["Havoc","True Grit","Flex+1"],"picked":"SKIP","floor":46},{"not_picked":["Uppercut+1","Sword Boomerang+1"],"picked":"Offering","floor":47}],"player_experience":46454,"relics_obtained":[{"floor":6,"key":"Paper Frog"},{"floor":6,"key":"Ice Cream"},{"floor":9,"key":"Pear"},{"floor":10,"key":"Eternal Feather"},{"floor":10,"key":"Unceasing Top"},{"floor":22,"key":"Mummified Hand"},{"floor":26,"key":"Self Forming Clay"},{"floor":29,"key":"Kunai"},{"floor":29,"key":"Anchor"},{"floor":36,"key":"Bird Faced Urn"},{"floor":37,"key":"StoneCalendar"},{"floor":41,"key":"HornCleat"},{"floor":41,"key":"Molten Egg 2"},{"floor":43,"key":"Pantograph"}],"event_choices":[{"damage_healed":0,"gold_gain":0,"player_choice":"Donut","damage_taken":0,"max_hp_gain":5,"max_hp_loss":0,"event_name":"Big Fish","floor":3,"gold_loss":0},{"damage_healed":0,"gold_gain":0,"player_choice":"Leave","damage_taken":0,"max_hp_gain":0,"max_hp_loss":0,"event_name":"The Cleric","floor":4,"gold_loss":0},{"damage_healed":0,"gold_gain":0,"player_choice":"Success","damage_taken":3,"relics_obtained":["Pen Nib"],"max_hp_gain":0,"max_hp_loss":0,"event_name":"Scrap Ooze","floor":13,"gold_loss":0},{"damage_healed":0,"gold_gain":0,"player_choice":"Obtained Relic","damage_taken":0,"relics_obtained":["Happy Flower"],"max_hp_gain":0,"max_hp_loss":0,"event_name":"Addict","floor":19,"gold_loss":85},{"damage_healed":0,"gold_gain":0,"player_choice":"Ignored","damage_taken":0,"max_hp_gain":0,"max_hp_loss":0,"event_name":"Beggar","floor":20,"gold_loss":0},{"damage_healed":0,"gold_gain":0,"player_choice":"Shed Blood","damage_taken":24,"max_hp_gain":5,"max_hp_loss":0,"event_name":"Forgotten Altar","floor":21,"gold_loss":0},{"damage_healed":0,"gold_gain":0,"player_choice":"Read","damage_taken":0,"max_hp_gain":0,"max_hp_loss":0,"event_name":"The Library","floor":23,"gold_loss":0,"cards_obtained":["Inflame"]},{"damage_healed":0,"gold_gain":0,"player_choice":"Fight","damage_taken":0,"max_hp_gain":0,"max_hp_loss":0,"event_name":"Mysterious Sphere","floor":36,"gold_loss":0},{"damage_healed":0,"gold_gain":0,"player_choice":"Fight","damage_taken":0,"max_hp_gain":0,"max_hp_loss":0,"event_name":"MindBloom","floor":37,"gold_loss":0},{"damage_healed":0,"gold_gain":0,"player_choice":"Ignored","damage_taken":0,"max_hp_gain":0,"max_hp_loss":0,"event_name":"Tomb of Lord Red Mask","floor":38,"gold_loss":0},{"damage_healed":30,"gold_gain":0,"player_choice":"Writhe","damage_taken":0,"max_hp_gain":0,"max_hp_loss":0,"event_name":"Winding Halls","floor":48,"gold_loss":0,"cards_obtained":["Writhe"]}],"is_beta":false,"boss_relics":[{"not_picked":["Runic Dome","Fusion Hammer"],"picked":"Snecko Eye"},{"not_picked":["Runic Cube","Astrolabe"],"picked":"Tiny House"}],"items_purged_floors":[],"is_endless":false,"potions_floor_spawned":[2,14,16,18,24,28,35,36,44],"ascension_level":0}}