{"host":"7qoz5gmva6til3yp","time":1612465240,"event":{"mods":["AchievementEnabler","BaseMod","Minty Spire (QoL Compilation)","StSLib","SuperFastMode"],"gold_per_floor":[110,128,53,64,74,105,120,120,146,146,158,58,91,41,41,41,41],"floor_reached":16,"language":"KOR","playtime":570,"items_purged":["Defend_P","Strike_P"],"score":190,"play_id":"74d65b17-db85-402a-9d1b-f32054deed1d","local_time":"20210205040040","is_ascension_mode":true,"campfire_choices":[{"floor":8,"key":"REST"},{"data":"Eruption","floor":10,"key":"SMITH"},{"floor":15,"key":"REST"}],"circlet_count":0,"master_deck":["AscendersBane","Strike_P","Defend_P","Defend_P","Eruption+1","Vigilance","CutThroughFate","Alpha","EmptyBody","MentalFortress","MentalFortress","Perseverance","SandsOfTime","LessonLearned"],"relics":["PureWater","White Beast Statue","Pen Nib","Juzu Bracelet"],"acts_visited":["Exordium"],"potions_floor_usage":[7,13,16,16],"damage_taken":[{"damage":9,"enemies":"2 Louse","floor":1,"turns":3},{"damage":7,"enemies":"Small Slimes","floor":2,"turns":3},{"damage":0,"enemies":"Cultist","floor":4,"turns":3},{"damage":6,"enemies":"Exordium Wildlife","floor":5,"turns":4},{"damage":13,"enemies":"3 Sentries","floor":6,"turns":4},{"damage":15,"enemies":"3 Louse","floor":7,"turns":4},{"damage":39,"enemies":"Lots of Slimes","floor":11,"turns":5},{"damage":11,"enemies":"Lagavulin","floor":13,"turns":5},{"damage":32,"enemies":"The Guardian","floor":16,"turns":6}],"seed_played":"3200430376363076792","potions_obtained":[{"floor":2,"key":"FairyPotion"},{"floor":5,"key":"ColorlessPotion"},{"floor":6,"key":"LiquidMemories"},{"floor":7,"key":"Strength Potion"},{"floor":11,"key":"FearPotion"},{"floor":13,"key":"AttackPotion"}],"is_trial":false,"path_per_floor":["M","M","$","M","M","E","M","R","T","R","M","$","E","?","R","B"],"character_chosen":"WATCHER","items_purchased":[],"campfire_rested":2,"item_purchase_floors":[],"current_hp_per_floor":[52,45,45,45,39,26,11,29,29,29,18,18,7,7,25,0,0],"gold":41,"neow_bonus":"TRANSFORM_TWO_CARDS","is_daily":false,"chose_seed":false,"campfire_upgraded":1,"win_rate":0.0,"timestamp":1612465240,"path_taken":["M","M","$","M","M","E","M","R","T","R","M","$","E","?","R","BOSS"],"items_purchased_type":[],"build_version":"2020-12-22","purchased_purges":2,"victory":false,"max_hp_per_floor":[62,62,62,62,62,62,62,62,62,62,62,62,62,62,62,62,62],"card_choices":[{"not_picked":["Crescendo","FlurryOfBlows"],"picked":"EmptyBody","floor":1},{"not_picked":["CrushJoints","SashWhip"],"picked":"MentalFortress","floor":2},{"not_picked":["ClearTheMind","SandsOfTime"],"picked":"MentalFortress","floor":4},{"not_picked":["PathToVictory","Prostrate"],"picked":"Perseverance","floor":5},{"not_picked":["Protect","CutThroughFate"],"picked":"SandsOfTime","floor":6},{"not_picked":["PathToVictory","CutThroughFate","Consecrate"],"picked":"SKIP","floor":7},{"not_picked":["SashWhip","Crescendo","Indignation"],"picked":"SKIP","floor":11},{"not_picked":["Crescendo","DeceiveReality"],"picked":"LessonLearned","floor":13}],"player_experience":473822,"relics_obtained":[{"floor":6,"key":"White Beast Statue"},{"floor":9,"key":"Pen Nib"},{"floor":13,"key":"Juzu Bracelet"}],"event_choices":[{"cards_removed":["Strike_P"],"damage_healed":0,"gold_gain":0,"player_choice":"Card Removal","damage_taken":0,"max_hp_gain":0,"max_hp_loss":0,"event_name":"The Cleric","floor":14,"gold_loss":50}],"is_beta":false,"boss_relics":[],"items_purged_floors":[3,12],"is_endless":false,"potions_floor_spawned":[2,5,6,7,11,13],"killed_by":"The Guardian","ascension_level":14}}