{"host":"j4g6ia6asvpyu2b0","time":1612397371,"event":{"mods":["BaseMod","Colored Map","Minty Spire (QoL Compilation)","Permanent Neow","Quick Restart","Relic Stats","StSLib","Unceasing Turn Reminder"],"gold_per_floor":[119,138,184,184,208,208,239,84,107,143,143,143,167,192,192,317,317,337,351,351,351,364,408,408,439,439,714,714,248,248,268,268,388,388,413,413,426,441,466,499,499,542,542,577,612,624,636,648,660,672,684,696,22,58,58],"floor_reached":56,"language":"ENG","playtime":1587,"items_purged":["Regret"],"score":1509,"play_id":"4c5bdd19-045b-4849-9566-82435822ed6c","local_time":"20210203170931","is_ascension_mode":true,"campfire_choices":[{"data":"Inflame","floor":6,"key":"SMITH"},{"data":"Bash","floor":11,"key":"SMITH"},{"data":"Shockwave","floor":15,"key":"SMITH"},{"data":"Limit Break","floor":24,"key":"SMITH"},{"data":"Corruption","floor":30,"key":"SMITH"},{"data":"Barricade","floor":32,"key":"SMITH"},{"floor":41,"key":"DIG"},{"floor":49,"key":"RECALL"},{"floor":52,"key":"DIG"}],"circlet_count":0,"master_deck":["Defend_R","Defend_R+1","Defend_R","Defend_R","Bash+1","Berserk+1","Feel No Pain+1","Blood for Blood+1","Anger","Metallicize+1","Inflame+1","Reaper","Anger","Shockwave+1","Evolve","Limit Break+1","Thunderclap","Battle Trance+1","Blood for Blood","Corruption+1","Barricade+1","Battle Trance","Cleave","Limit Break+1","Limit Break+1","Headbutt+1","Offering+1","Whirlwind+1","Warcry+1","Pommel Strike+1","Headbutt+1","Dark Embrace","Reaper","Clothesline+1","Iron Wave+1","Flex+1","Entrench+1","Master of Strategy+1","Heavy Blade","Infernal Blade+1","Inflame","Disarm+1"],"relics":["Astrolabe","Pen Nib","Golden Idol","Blue Candle","Brimstone","PreservedInsect","Juzu Bracelet","Sozu","Ancient Tea Set","War Paint","Toxic Egg 2","Coffee Dripper","Shovel","Peace Pipe","Potion Belt","Art of War","InkBottle","MawBank","Bottled Tornado","Pear","Letter Opener"],"acts_visited":["Exordium","TheCity","TheBeyond","TheEnding"],"potions_floor_usage":[19,55],"damage_taken":[{"damage":0,"enemies":"Cultist","floor":1,"turns":3},{"damage":4,"enemies":"Jaw Worm","floor":2,"turns":4},{"damage":0,"enemies":"2 Louse","floor":5,"turns":2},{"damage":19,"enemies":"Lagavulin","floor":7,"turns":6},{"damage":15,"enemies":"Gremlin Nob","floor":10,"turns":3},{"damage":22,"enemies":"Lots of Slimes","floor":13,"turns":2},{"damage":3,"enemies":"Exordium Wildlife","floor":14,"turns":3},{"damage":21,"enemies":"The Guardian","floor":16,"turns":6},{"damage":31,"enemies":"2 Thieves","floor":18,"turns":4},{"damage":13,"enemies":"3 Byrds","floor":19,"turns":3},{"damage":16,"enemies":"Snecko","floor":22,"turns":3},{"damage":26,"enemies":"Slavers","floor":23,"turns":5},{"damage":6,"enemies":"Gremlin Leader","floor":25,"turns":3},{"damage":20,"enemies":"Shelled Parasite and Fungi","floor":31,"turns":3},{"damage":30,"enemies":"Champ","floor":33,"turns":5},{"damage":44,"enemies":"3 Darklings","floor":35,"turns":4},{"damage":16,"enemies":"3 Shapes","floor":37,"turns":3},{"damage":19,"enemies":"3 Darklings","floor":38,"turns":3},{"damage":32,"enemies":"Maw","floor":39,"turns":4},{"damage":6,"enemies":"Giant Head","floor":40,"turns":3},{"damage":1,"enemies":"Reptomancer","floor":42,"turns":3},{"damage":10,"enemies":"Giant Head","floor":44,"turns":5},{"damage":29,"enemies":"Writhing Mass","floor":45,"turns":2},{"damage":49,"enemies":"Awakened One","floor":50,"turns":4},{"damage":73,"enemies":"Shield and Spear","floor":54,"turns":3},{"damage":92,"enemies":"The Heart","floor":55,"turns":5}],"seed_played":"-7079410795740955653","potions_obtained":[{"floor":7,"key":"Ancient Potion"},{"floor":10,"key":"LiquidBronze"},{"floor":16,"key":"Swift Potion"}],"is_trial":false,"path_per_floor":["M","M","T","?","M","R","E","$","T","E","R","?","M","M","R","B",null,"M","M","?","?","M","E","R","E","T","?","?","$","R","M","R","B",null,"M","T","M","M","M","E","R","E","T","E","M","$","?","?","R","B",null,"R","$","E","B",null],"character_chosen":"IRONCLAD","items_purchased":["Brimstone","Toxic Egg 2","Limit Break+1","Entrench+1","Master of Strategy+1","Heavy Blade","Pear","Infernal Blade+1","Inflame"],"campfire_rested":0,"item_purchase_floors":[8,29,29,53,53,53,53,53,53],"current_hp_per_floor":[80,76,76,56,56,56,37,37,37,30,30,30,45,50,50,78,80,72,62,62,62,64,38,38,71,71,71,71,71,71,51,51,21,80,80,80,80,61,37,80,80,80,80,80,51,51,51,51,51,37,80,80,90,90,31],"gold":58,"neow_bonus":"BOSS_RELIC","is_daily":false,"chose_seed":false,"campfire_upgraded":6,"win_rate":0.0,"timestamp":1612397371,"path_taken":["M","M","?","?","M","R","E","$","T","E","R","?","M","M","R","BOSS","M","M","?","?","M","E","R","E","T","?","?","$","R","M","R","BOSS","M","?","M","M","M","E","R","E","T","E","M","$","?","?","R","BOSS","R","$","E","BOSS"],"items_purchased_type":["Relic","Relic","Card","Card","Card","Card","Relic","Card","Card"],"build_version":"2020-12-22","purchased_purges":1,"victory":true,"max_hp_per_floor":[80,80,80,80,80,80,80,80,80,80,80,80,80,80,80,80,80,80,80,80,80,80,80,80,80,80,80,80,80,80,80,80,80,80,80,80,80,80,80,80,80,80,80,80,80,80,80,80,80,80,80,80,90,90,90],"relic_stats":{"counters":[26,94],"Golden Idol":208,"Astrolabe":["Berserk","Feel No Pain","Blood for Blood"],"Blue Candle":[0],"Pen Nib":[14],"PreservedInsect":484,"Juzu Bracelet":3,"Letter Opener":[5],"War Paint":["Battle Trance","Defend_R"],"MawBank":108,"Sozu":7,"Peace Pipe":0,"Shovel":2,"Art of War":[1],"obtain_stats":[{"Potion Belt":41,"Pear":53,"Golden Idol":4,"Astrolabe":0,"Blue Candle":7,"Pen Nib":3,"PreservedInsect":9,"Juzu Bracelet":10,"Letter Opener":54,"War Paint":25,"Bottled Tornado":52,"Ancient Tea Set":23,"MawBank":44,"Burning Blood":0,"Sozu":17,"Peace Pipe":40,"Shovel":36,"Brimstone":8,"Coffee Dripper":34,"Art of War":42,"Toxic Egg 2":29,"InkBottle":43},{"Potion Belt":20,"Pear":24,"Golden Idol":2,"Astrolabe":0,"Blue Candle":4,"Pen Nib":2,"PreservedInsect":4,"Juzu Bracelet":5,"Letter Opener":25,"War Paint":13,"Bottled Tornado":24,"Ancient Tea Set":12,"MawBank":22,"Burning Blood":0,"Sozu":8,"Peace Pipe":20,"Shovel":16,"Brimstone":4,"Coffee Dripper":15,"Art of War":21,"Toxic Egg 2":13,"InkBottle":21},{"Potion Belt":72,"Pear":86,"Golden Idol":7,"Astrolabe":0,"Blue Candle":15,"Pen Nib":7,"PreservedInsect":15,"Juzu Bracelet":18,"Letter Opener":89,"War Paint":47,"Bottled Tornado":86,"Ancient Tea Set":44,"MawBank":80,"Burning Blood":0,"Sozu":29,"Peace Pipe":72,"Shovel":59,"Brimstone":15,"Coffee Dripper":55,"Art of War":75,"Toxic Egg 2":47,"InkBottle":75}],"InkBottle":[9]},"card_choices":[{"not_picked":["Flex","Cleave"],"picked":"Anger","floor":1},{"not_picked":["Body Slam","Havoc"],"picked":"Metallicize","floor":2},{"not_picked":["Thunderclap","Sword Boomerang"],"picked":"Inflame","floor":5},{"not_picked":["Flex","Immolate"],"picked":"Reaper","floor":7},{"not_picked":["Entrench","Armaments"],"picked":"Anger","floor":10},{"not_picked":["Bloodletting","Cleave"],"picked":"Shockwave","floor":13},{"not_picked":["Armaments","Wild Strike"],"picked":"Evolve","floor":14},{"not_picked":["Brutality","Exhume"],"picked":"Limit Break","floor":16},{"not_picked":["Shrug It Off","Twin Strike"],"picked":"Thunderclap","floor":18},{"not_picked":["Shrug It Off","Carnage"],"picked":"Battle Trance","floor":19},{"not_picked":["Anger","Spot Weakness+1"],"picked":"Barricade","floor":22},{"not_picked":["Cleave","Warcry"],"picked":"Battle Trance","floor":23},{"not_picked":["Havoc","Perfected Strike"],"picked":"Cleave","floor":25},{"not_picked":["Shrug It Off+1","Perfected Strike"],"picked":"Headbutt+1","floor":31},{"not_picked":["Berserk","Corruption"],"picked":"Offering+1","floor":33},{"not_picked":["Shrug It Off+1","Rampage"],"picked":"Whirlwind+1","floor":35},{"not_picked":["Reckless Charge","Havoc+1"],"picked":"Warcry+1","floor":37},{"not_picked":["Anger","Flex+1"],"picked":"Pommel Strike+1","floor":38},{"not_picked":["True Grit+1","Anger+1"],"picked":"Headbutt+1","floor":39},{"not_picked":["Twin Strike","Armaments+1"],"picked":"Dark Embrace","floor":40},{"not_picked":["Wild Strike+1","Twin Strike+1"],"picked":"Reaper","floor":42},{"not_picked":["Uppercut","Disarm+1"],"picked":"Clothesline+1","floor":44},{"not_picked":["Entrench+1","Combust"],"picked":"Iron Wave+1","floor":45},{"not_picked":["Havoc+1","Thunderclap"],"picked":"Disarm+1","floor":54}],"player_experience":1130899,"relics_obtained":[{"floor":3,"key":"Pen Nib"},{"floor":7,"key":"Blue Candle"},{"floor":9,"key":"PreservedInsect"},{"floor":10,"key":"Juzu Bracelet"},{"floor":23,"key":"Ancient Tea Set"},{"floor":25,"key":"War Paint"},{"floor":36,"key":"Shovel"},{"floor":40,"key":"Peace Pipe"},{"floor":41,"key":"Potion Belt"},{"floor":42,"key":"Art of War"},{"floor":43,"key":"InkBottle"},{"floor":44,"key":"MawBank"},{"floor":52,"key":"Bottled Tornado"},{"floor":54,"key":"Letter Opener"}],"event_choices":[{"damage_healed":0,"gold_gain":0,"player_choice":"Take Damage","damage_taken":20,"relics_obtained":["Golden Idol"],"max_hp_gain":0,"max_hp_loss":0,"event_name":"Golden Idol","floor":4,"gold_loss":0},{"damage_healed":0,"gold_gain":0,"player_choice":"Upgraded","damage_taken":0,"max_hp_gain":0,"max_hp_loss":0,"event_name":"Upgrade Shrine","floor":12,"gold_loss":0,"cards_upgraded":["Metallicize"]},{"damage_healed":0,"gold_gain":0,"player_choice":"Bought 0 Potions","damage_taken":0,"max_hp_gain":0,"max_hp_loss":0,"event_name":"The Woman in Blue","floor":20,"gold_loss":0},{"damage_healed":0,"gold_gain":0,"cards_transformed":["Strike_R","Strike_R"],"player_choice":"Became Test Subject","damage_taken":0,"max_hp_gain":0,"max_hp_loss":0,"event_name":"Drug Dealer","floor":21,"gold_loss":0,"cards_obtained":["Blood for Blood","Corruption"]},{"damage_healed":0,"gold_gain":275,"player_choice":"Desecrate","damage_taken":0,"max_hp_gain":0,"max_hp_loss":0,"event_name":"Golden Shrine","floor":27,"gold_loss":0,"cards_obtained":["Regret"]},{"damage_healed":0,"gold_gain":0,"player_choice":"Copied","damage_taken":0,"max_hp_gain":0,"max_hp_loss":0,"event_name":"Duplicator","floor":28,"gold_loss":0,"cards_obtained":["Limit Break"]},{"damage_healed":0,"gold_gain":0,"player_choice":"Ignored","damage_taken":0,"max_hp_gain":0,"max_hp_loss":0,"event_name":"SecretPortal","floor":47,"gold_loss":0},{"damage_healed":0,"gold_gain":0,"player_choice":"1 cards matched","damage_taken":0,"max_hp_gain":0,"max_hp_loss":0,"event_name":"Match and Keep!","floor":48,"gold_loss":0,"cards_obtained":["Flex"]}],"is_beta":false,"boss_relics":[{"not_picked":["Pandora\u0027s Box","Empty Cage"],"picked":"Sozu"},{"not_picked":["Runic Cube","Cursed Key"],"picked":"Coffee Dripper"}],"items_purged_floors":[29],"is_endless":false,"potions_floor_spawned":[7,10,16,22,23,37,38,39,40,44],"ascension_level":3}}