{"host":"hwrdjx5eod2cxh09","time":1612443216,"event":{"mods":["AchievementEnabler","BaseMod","Bestiary","Minty Spire (QoL Compilation)","Relic Stats"],"gold_per_floor":[109,123,123,139,139,139,154,79,79,119,143,143,166,241,241,241,241],"floor_reached":16,"language":"ENG","playtime":482,"items_purged":["Regret"],"score":107,"play_id":"09fc16d2-8f1b-4e64-a69b-7e8b2f80c2ea","local_time":"20210204215336","is_ascension_mode":true,"campfire_choices":[{"data":"Body Slam","floor":6,"key":"SMITH"},{"data":"Barricade","floor":12,"key":"SMITH"},{"floor":15,"key":"REST"}],"circlet_count":0,"master_deck":["Strike_R","Strike_R","Strike_R","Strike_R","Strike_R","Defend_R","Defend_R","Defend_R","Defend_R","Bash","Barricade+1","Body Slam+1","Pommel Strike","Perfected Strike","Whirlwind","Seeing Red","Flame Barrier"],"relics":["Burning Blood","Ornamental Fan","Golden Idol","Self Forming Clay","Akabeko"],"acts_visited":["Exordium"],"potions_floor_usage":[],"damage_taken":[{"damage":10,"enemies":"Small Slimes","floor":1,"turns":5},{"damage":14,"enemies":"Jaw Worm","floor":2,"turns":4},{"damage":9,"enemies":"2 Louse","floor":4,"turns":3},{"damage":13,"enemies":"Looter","floor":7,"turns":3},{"damage":33,"enemies":"Lagavulin","floor":10,"turns":6},{"damage":10,"enemies":"Large Slime","floor":11,"turns":6},{"damage":7,"enemies":"2 Fungi Beasts","floor":13,"turns":3},{"damage":20,"enemies":"Hexaghost","floor":16,"turns":10}],"seed_played":"9127852316469972978","potions_obtained":[{"floor":4,"key":"Dexterity Potion"},{"floor":11,"key":"Block Potion"},{"floor":13,"key":"Strength Potion"}],"is_trial":false,"path_per_floor":["M","M","?","M","?","R","M","$","T","E","M","R","M","?","R","B"],"character_chosen":"IRONCLAD","items_purchased":[],"campfire_rested":1,"item_purchase_floors":[],"current_hp_per_floor":[76,68,68,65,65,65,58,58,58,31,27,27,26,15,37,17,17],"gold":241,"neow_bonus":"ONE_RANDOM_RARE_CARD","is_daily":false,"chose_seed":false,"campfire_upgraded":2,"win_rate":0.0,"timestamp":1612443216,"path_taken":["M","M","?","M","?","R","M","$","T","E","M","R","?","?","R","BOSS"],"items_purchased_type":[],"build_version":"2020-12-22","purchased_purges":1,"victory":false,"max_hp_per_floor":[80,80,80,80,74,74,74,74,74,74,74,74,74,74,74,74,74],"relic_stats":{"counters":[8,40],"Ornamental Fan":[12],"Golden Idol":21,"Self Forming Clay":[33],"obtain_stats":[{"Ornamental Fan":3,"Golden Idol":5,"Self Forming Clay":9,"Burning Blood":0,"Akabeko":10},{"Ornamental Fan":2,"Golden Idol":3,"Self Forming Clay":4,"Burning Blood":0,"Akabeko":5},{"Ornamental Fan":9,"Golden Idol":12,"Self Forming Clay":15,"Burning Blood":0,"Akabeko":21}],"Burning Blood":42},"card_choices":[{"not_picked":["Havoc","Shockwave"],"picked":"Body Slam","floor":1},{"not_picked":["Havoc","Body Slam","Heavy Blade"],"picked":"SKIP","floor":2},{"not_picked":["Rupture","Pummel"],"picked":"Pommel Strike","floor":4},{"not_picked":["Heavy Blade","Wild Strike"],"picked":"Perfected Strike","floor":7},{"not_picked":["Anger","Cleave"],"picked":"Whirlwind","floor":10},{"not_picked":["Body Slam","Ghostly Armor"],"picked":"Seeing Red","floor":11},{"not_picked":["Clothesline","Dual Wield"],"picked":"Flame Barrier","floor":13}],"player_experience":331215,"relics_obtained":[{"floor":9,"key":"Self Forming Clay"},{"floor":10,"key":"Akabeko"}],"event_choices":[{"damage_healed":0,"gold_gain":0,"player_choice":"Box","damage_taken":0,"relics_obtained":["Ornamental Fan"],"max_hp_gain":0,"max_hp_loss":0,"event_name":"Big Fish","floor":3,"gold_loss":0,"cards_obtained":["Regret"]},{"damage_healed":0,"gold_gain":0,"player_choice":"Lose Max HP","damage_taken":0,"relics_obtained":["Golden Idol"],"max_hp_gain":0,"max_hp_loss":6,"event_name":"Golden Idol","floor":5,"gold_loss":0},{"damage_healed":0,"gold_gain":75,"player_choice":"Gather Gold","damage_taken":11,"max_hp_gain":0,"max_hp_loss":0,"event_name":"World of Goop","floor":14,"gold_loss":0}],"is_beta":false,"boss_relics":[],"items_purged_floors":[8],"is_endless":false,"potions_floor_spawned":[4,11,13],"killed_by":"Hexaghost","ascension_level":1}}