{"host":"neeznpvpgo0qgfkd","time":1612447087,"event":{"mods":["AchievementEnabler","BaseMod","BetterRewards","Colored Map","Colored Powertips","Exacting","Minty Spire (QoL Compilation)","Permanent Neow","Quick Restart","Shop Mod"],"gold_per_floor":[119,133,143,143,157,184,184,221,221,250,250,308,342,395,395,529,529,561,486,515,515,515],"floor_reached":21,"language":"ENG","playtime":1390,"items_purged":[],"score":264,"play_id":"4b3b84cb-71dd-40a4-9382-02eea13545ea","local_time":"20210204085807","is_ascension_mode":true,"campfire_choices":[{"floor":7,"key":"REST"},{"floor":15,"key":"REST"}],"circlet_count":0,"master_deck":["Strike_G","Strike_G","Strike_G","Strike_G","Strike_G","Defend_G","Defend_G","Defend_G","Defend_G","Survivor","Neutralize","Well Laid Plans+1","Cloak And Dagger","Backflip","Outmaneuver","Bouncing Flask","Flying Knee","Flying Knee","Dagger Spray","Riddle With Holes","Tools of the Trade","Dagger Throw+1","Cloak And Dagger"],"relics":["Ring of the Snake","StoneCalendar","Meat on the Bone","Omamori","HandDrill","Kunai","CeramicFish","Gremlin Horn","Golden Idol","Incense Burner","SlaversCollar"],"acts_visited":["Exordium","TheCity"],"potions_floor_usage":[1,2,3,6,14,18],"damage_taken":[{"damage":0,"enemies":"Cultist","floor":1,"turns":4},{"damage":0,"enemies":"2 Louse","floor":2,"turns":3},{"damage":1,"enemies":"Small Slimes","floor":3,"turns":4},{"damage":5,"enemies":"Blue Slaver","floor":5,"turns":5},{"damage":41,"enemies":"Gremlin Nob","floor":6,"turns":6},{"damage":2,"enemies":"Lagavulin","floor":8,"turns":7},{"damage":2,"enemies":"Large Slime","floor":10,"turns":7},{"damage":3,"enemies":"3 Louse","floor":12,"turns":3},{"damage":25,"enemies":"Exordium Wildlife","floor":13,"turns":4},{"damage":27,"enemies":"3 Sentries","floor":14,"turns":7},{"damage":22,"enemies":"Slime Boss","floor":16,"turns":7},{"damage":14,"enemies":"Shell Parasite","floor":18,"turns":2},{"damage":5,"enemies":"Spheric Guardian","floor":20,"turns":4},{"damage":44,"enemies":"Shelled Parasite and Fungi","floor":21,"turns":4}],"seed_played":"5078999739308653911","potions_obtained":[{"floor":2,"key":"Regen Potion"},{"floor":5,"key":"Swift Potion"},{"floor":8,"key":"SteroidPotion"},{"floor":10,"key":"LiquidBronze"},{"floor":12,"key":"DuplicationPotion"}],"is_trial":false,"path_per_floor":["M","M","M","?","M","E","R","E","T","M","?","M","M","E","R","B",null,"M","?","M","M"],"character_chosen":"THE_SILENT","items_purchased":["Meat on the Bone","Omamori","HandDrill","Energy Potion","Block Potion","Well Laid Plans"],"campfire_rested":2,"item_purchase_floors":[0,0,0,0,0,0],"current_hp_per_floor":[63,63,67,67,62,33,54,52,52,50,50,47,34,19,40,30,60,46,46,41,0,0],"gold":515,"neow_bonus":"","is_daily":false,"chose_seed":false,"campfire_upgraded":0,"win_rate":0.0,"timestamp":1612447087,"path_taken":["M","M","?","?","M","E","R","E","T","?","?","M","M","E","R","BOSS","M","?","M","M"],"items_purchased_type":["Relic","Relic","Relic","Potion","Potion","Card"],"build_version":"2020-12-22","purchased_purges":0,"victory":false,"max_hp_per_floor":[70,70,70,70,70,70,70,70,70,70,70,70,70,70,70,70,70,70,70,70,70,70],"card_choices":[{"not_picked":["Backflip","Prepared"],"picked":"Cloak And Dagger","floor":1},{"not_picked":["Concentrate","Underhanded Strike","PiercingWail"],"picked":"SKIP","floor":2},{"not_picked":["Bouncing Flask","Tactician","Deadly Poison"],"picked":"SKIP","floor":3},{"not_picked":["PiercingWail","Predator"],"picked":"Backflip","floor":5},{"not_picked":["Corpse Explosion","Finisher"],"picked":"Outmaneuver","floor":6},{"not_picked":["Reflex","Acrobatics"],"picked":"Bouncing Flask","floor":8},{"not_picked":["PiercingWail","Backflip"],"picked":"Flying Knee","floor":10},{"not_picked":["Terror","Calculated Gamble"],"picked":"Flying Knee","floor":12},{"not_picked":["Outmaneuver","Blur"],"picked":"Dagger Spray","floor":13},{"not_picked":["Outmaneuver","Cloak And Dagger"],"picked":"Riddle With Holes","floor":14},{"not_picked":["Grand Finale","Die Die Die"],"picked":"Tools of the Trade","floor":16},{"not_picked":["Backflip","Dagger Spray+1"],"picked":"Dagger Throw+1","floor":18},{"not_picked":["PiercingWail+1","Concentrate+1"],"picked":"Cloak And Dagger","floor":20}],"player_experience":1307211,"relics_obtained":[{"floor":6,"key":"Kunai"},{"floor":8,"key":"CeramicFish"},{"floor":9,"key":"Gremlin Horn"},{"floor":14,"key":"Incense Burner"}],"event_choices":[{"damage_healed":0,"gold_gain":0,"player_choice":"Upgraded","damage_taken":0,"max_hp_gain":0,"max_hp_loss":0,"event_name":"Upgrade Shrine","floor":4,"gold_loss":0,"cards_upgraded":["Well Laid Plans"]},{"damage_healed":0,"gold_gain":0,"player_choice":"Take Wound","damage_taken":0,"relics_obtained":["Golden Idol"],"max_hp_gain":0,"max_hp_loss":0,"event_name":"Golden Idol","floor":11,"gold_loss":0,"cards_obtained":["Injury"]},{"cards_removed":["Defend_G"],"damage_healed":0,"gold_gain":0,"player_choice":"Gave Gold","damage_taken":0,"max_hp_gain":0,"max_hp_loss":0,"event_name":"Beggar","floor":19,"gold_loss":75}],"is_beta":false,"boss_relics":[{"not_picked":["Pandora\u0027s Box","Philosopher\u0027s Stone"],"picked":"SlaversCollar"}],"items_purged_floors":[],"is_endless":false,"potions_floor_spawned":[5,8,10,12,13],"killed_by":"Shelled Parasite and Fungi","ascension_level":6}}