{"host":"x5w9zppki4gdwvc7","time":1612415496,"event":{"mods":["AchievementEnabler","BaseMod","Colored Powertips","DeckTracker","Minty Spire (QoL Compilation)","Relic Sorter"],"gold_per_floor":[117,117,128,140,140,140,155,330,355,374,399,399,420,438,438,534,534,550,559,484,454,473,473,473,111,111,140,152,189,189,209,209,318,318,336,345,345,395,395,395,415,415,494,152,168,43,43,59,59,59],"floor_reached":51,"language":"ENG","playtime":1873,"items_purged":["Defend_P","Decay","ClearTheMind"],"score":700,"play_id":"4b556514-4652-4faa-b784-524c54fec3f5","local_time":"20210204061136","is_ascension_mode":false,"campfire_choices":[{"data":"PathToVictory","floor":6,"key":"SMITH"},{"data":"Vigilance","floor":15,"key":"SMITH"},{"data":"PathToVictory","floor":24,"key":"SMITH"},{"data":"Sanctity","floor":30,"key":"SMITH"},{"data":"Sanctity","floor":32,"key":"SMITH"},{"data":"Alpha","floor":40,"key":"SMITH"},{"data":"Defend_P","floor":42,"key":"SMITH"},{"data":"Defend_P","floor":47,"key":"SMITH"},{"floor":49,"key":"REST"}],"circlet_count":0,"master_deck":["Strike_P","Defend_P+1","Defend_P+1","Eruption","Vigilance+1","PathToVictory+1","PathToVictory+1","Sanctity+1","PathToVictory+1","Sanctity+1","Alpha+1","Finesse","Sanctity+1"],"relics":["PureWater","CeramicFish","Omamori","Cursed Key","Unceasing Top","HornCleat","Bag of Preparation","Orichalcum","Calling Bell","Lantern","InkBottle","GoldenEye","FossilizedHelix","Ornamental Fan","Gremlin Horn"],"acts_visited":["Exordium","TheCity","TheBeyond"],"potions_floor_usage":[16,18,27,29,50,50,50],"damage_taken":[{"damage":12,"enemies":"2 Louse","floor":1,"turns":2},{"damage":1,"enemies":"Cultist","floor":3,"turns":5},{"damage":0,"enemies":"Small Slimes","floor":4,"turns":3},{"damage":1,"enemies":"Exordium Wildlife","floor":7,"turns":3},{"damage":13,"enemies":"Blue Slaver","floor":10,"turns":4},{"damage":0,"enemies":"Red Slaver","floor":13,"turns":2},{"damage":0,"enemies":"Large Slime","floor":14,"turns":6},{"damage":27,"enemies":"Slime Boss","floor":16,"turns":10},{"damage":0,"enemies":"Chosen","floor":18,"turns":4},{"damage":2,"enemies":"Shell Parasite","floor":22,"turns":4},{"damage":2,"enemies":"Book of Stabbing","floor":27,"turns":3},{"damage":0,"enemies":"Centurion and Healer","floor":28,"turns":3},{"damage":10,"enemies":"Slavers","floor":29,"turns":4},{"damage":7,"enemies":"Sentry and Sphere","floor":31,"turns":4},{"damage":15,"enemies":"Champ","floor":33,"turns":4},{"damage":6,"enemies":"3 Darklings","floor":35,"turns":3},{"damage":22,"enemies":"Mind Bloom Boss Battle","floor":38,"turns":4},{"damage":0,"enemies":"Orb Walker","floor":41,"turns":3},{"damage":0,"enemies":"3 Darklings","floor":45,"turns":3},{"damage":0,"enemies":"4 Shapes","floor":48,"turns":3},{"damage":29,"enemies":"Awakened One","floor":50,"turns":7}],"seed_played":"-1450358195212751330","potions_obtained":[{"floor":4,"key":"AttackPotion"},{"floor":7,"key":"BlessingOfTheForge"},{"floor":16,"key":"SkillPotion"},{"floor":18,"key":"PowerPotion"},{"floor":21,"key":"Weak Potion"},{"floor":21,"key":"Regen Potion"},{"floor":27,"key":"Energy Potion"},{"floor":28,"key":"DuplicationPotion"},{"floor":33,"key":"Regen Potion"}],"is_trial":false,"path_per_floor":["M","?","M","M","?","R","M","?","T","M","T","?","M","M","R","B",null,"M","?","?","?","M","?","R","$","T","E","M","E","R","M","R","B",null,"M","?","?","?","?","R","M","R","T","$","M","$","R","M","R","B",null],"character_chosen":"WATCHER","items_purchased":["Unceasing Top","Gremlin Horn"],"campfire_rested":1,"item_purchase_floors":[25,44],"current_hp_per_floor":[60,60,59,59,52,52,51,51,51,38,38,38,38,38,38,11,72,72,72,72,72,70,70,70,70,70,68,68,58,58,51,51,36,72,66,66,66,44,44,44,44,44,44,44,44,44,44,44,65,49],"gold":59,"neow_bonus":"THREE_CARDS","is_daily":false,"chose_seed":false,"campfire_upgraded":8,"win_rate":0.0,"timestamp":1612415496,"path_taken":["M","?","M","?","?","R","M","?","T","?","?","?","?","M","R","BOSS","M","?","?","?","?","?","R","$","T","E","M","E","R","M","R","BOSS","M","?","?","?","?","R","M","R","T","$","M","?","R","M","R","BOSS"],"items_purchased_type":["Relic","Relic"],"build_version":"2020-12-22","purchased_purges":3,"victory":true,"max_hp_per_floor":[72,72,72,72,72,72,72,72,72,72,72,72,72,72,72,72,72,72,72,72,72,72,72,72,72,72,72,72,72,72,72,72,72,72,72,72,72,72,72,72,72,72,72,72,72,72,72,72,72,72],"card_choices":[{"not_picked":["Weave","Worship"],"picked":"ClearTheMind","floor":0},{"not_picked":["WaveOfTheHand","WheelKick"],"picked":"PathToVictory","floor":1},{"not_picked":["ClearTheMind","JustLucky","Evaluate"],"picked":"SKIP","floor":3},{"not_picked":["CutThroughFate","FlurryOfBlows"],"picked":"PathToVictory","floor":4},{"not_picked":["Vengeance","FollowUp","JustLucky"],"picked":"SKIP","floor":7},{"not_picked":["BowlingBash","ThirdEye","CrushJoints"],"picked":"SKIP","floor":10},{"not_picked":["JustLucky","ForeignInfluence"],"picked":"Sanctity","floor":13},{"not_picked":["EmptyFist","MentalFortress","Consecrate"],"picked":"SKIP","floor":14},{"not_picked":["FlurryOfBlows","CrushJoints","FollowUp+1"],"picked":"SKIP","floor":18},{"not_picked":["Halt","CrushJoints","JustLucky"],"picked":"SKIP","floor":22},{"not_picked":["Consecrate+1","Weave","Worship"],"picked":"SKIP","floor":27},{"not_picked":["SignatureMove","Protect+1","SashWhip"],"picked":"SKIP","floor":28},{"not_picked":["Consecrate","Collect"],"picked":"Sanctity","floor":29},{"not_picked":["Devotion","Evaluate+1","FlyingSleeves"],"picked":"SKIP","floor":31},{"not_picked":["Establishment","Wish"],"picked":"Alpha","floor":33},{"not_picked":["ClearTheMind","WindmillStrike","SashWhip+1"],"picked":"SKIP","floor":35},{"not_picked":["Violence","HandOfGreed"],"picked":"Finesse","floor":36},{"not_picked":["ClearTheMind+1","Collect+1"],"picked":"Sanctity+1","floor":41},{"not_picked":["SashWhip","Crescendo","WreathOfFlame"],"picked":"SKIP","floor":45},{"not_picked":["SashWhip","Crescendo","WreathOfFlame"],"picked":"SKIP","floor":45},{"not_picked":["Wallop","Consecrate+1","FlurryOfBlows+1"],"picked":"SKIP","floor":48}],"player_experience":441045,"relics_obtained":[{"floor":9,"key":"CeramicFish"},{"floor":11,"key":"Omamori"},{"floor":26,"key":"HornCleat"},{"floor":27,"key":"Bag of Preparation"},{"floor":29,"key":"Orichalcum"},{"floor":34,"key":"Lantern"},{"floor":34,"key":"InkBottle"},{"floor":34,"key":"GoldenEye"},{"floor":38,"key":"FossilizedHelix"},{"floor":43,"key":"Ornamental Fan"}],"event_choices":[{"cards_removed":["Strike_P"],"damage_healed":0,"gold_gain":0,"player_choice":"Offered Basic","damage_taken":0,"max_hp_gain":0,"max_hp_loss":0,"event_name":"Bonfire Elementals","floor":2,"gold_loss":0},{"cards_removed":["Strike_P"],"damage_healed":0,"gold_gain":0,"player_choice":"Card Removal","damage_taken":7,"max_hp_gain":0,"max_hp_loss":0,"event_name":"Golden Wing","floor":5,"gold_loss":0},{"damage_healed":0,"gold_gain":175,"player_choice":"AGREE","damage_taken":0,"max_hp_gain":0,"max_hp_loss":0,"event_name":"Liars Game","floor":8,"gold_loss":0,"cards_obtained":["Doubt"]},{"damage_healed":0,"gold_gain":0,"player_choice":"Forge","damage_taken":0,"max_hp_gain":0,"max_hp_loss":0,"event_name":"Accursed Blacksmith","floor":12,"gold_loss":0,"cards_upgraded":["PathToVictory"]},{"damage_healed":0,"gold_gain":0,"player_choice":"Read","damage_taken":0,"max_hp_gain":0,"max_hp_loss":0,"event_name":"The Library","floor":19,"gold_loss":0,"cards_obtained":["PathToVictory"]},{"cards_removed":["Strike_P"],"damage_healed":0,"gold_gain":0,"player_choice":"Gave Gold","damage_taken":0,"max_hp_gain":0,"max_hp_loss":0,"event_name":"Beggar","floor":20,"gold_loss":75},{"damage_healed":0,"gold_gain":0,"player_choice":"Bought 2 Potions","damage_taken":0,"max_hp_gain":0,"max_hp_loss":0,"event_name":"The Woman in Blue","floor":21,"gold_loss":0},{"cards_removed":["Doubt"],"damage_healed":0,"gold_gain":0,"player_choice":"Elegance","damage_taken":0,"max_hp_gain":0,"max_hp_loss":0,"event_name":"Back to Basics","floor":23,"gold_loss":0},{"damage_healed":0,"gold_gain":0,"player_choice":"Memory 1","damage_taken":0,"max_hp_gain":0,"max_hp_loss":0,"event_name":"SensoryStone","floor":36,"gold_loss":0},{"damage_healed":0,"gold_gain":0,"player_choice":"Ignored","damage_taken":0,"max_hp_gain":0,"max_hp_loss":0,"event_name":"Tomb of Lord Red Mask","floor":37,"gold_loss":0},{"damage_healed":0,"gold_gain":0,"player_choice":"Fight","damage_taken":0,"max_hp_gain":0,"max_hp_loss":0,"event_name":"MindBloom","floor":38,"gold_loss":0},{"cards_removed":["Defend_P"],"damage_healed":0,"gold_gain":0,"player_choice":"Removed Skill","damage_taken":0,"max_hp_gain":0,"max_hp_loss":0,"event_name":"Falling","floor":39,"gold_loss":0}],"is_beta":false,"boss_relics":[{"not_picked":["SacredBark","Tiny House"],"picked":"Cursed Key"},{"not_picked":["Snecko Eye","SlaversCollar"],"picked":"Calling Bell"}],"items_purged_floors":[25,44,46],"is_endless":false,"potions_floor_spawned":[4,7,16,18,27,28,33,35,45],"ascension_level":0}}