{"host":"kqjncq1jgqa58i7s","time":1612467379,"event":{"mods":["AchievementEnabler","BaseMod","Colored Map","Minty Spire (QoL Compilation)","Relic Stats"],"gold_per_floor":[110,185,249,262,277,277,295,295,318,332,380,399,399,448,448,525,525,540,465,465,477,477,477],"floor_reached":22,"language":"ENG","playtime":855,"items_purged":["Searing Blow"],"score":352,"play_id":"673dcbdb-4bad-4fbb-b879-28779ad2654b","local_time":"20210204203619","is_ascension_mode":true,"campfire_choices":[{"data":"Rampage","floor":6,"key":"SMITH"},{"floor":8,"key":"REST"},{"data":"Barricade","floor":13,"key":"SMITH"},{"data":"Bash","floor":15,"key":"SMITH"}],"circlet_count":0,"master_deck":["AscendersBane","Bash+1","Clothesline+1","Rampage+1","Flex","Cleave","Barricade+1","Demon Form","Shockwave","Metallicize","Warcry","Hemokinesis","Rage","Twin Strike","Bloodletting","Sever Soul"],"relics":["SlaversCollar","Whetstone","PreservedInsect","Tiny Chest","Pandora\u0027s Box"],"acts_visited":["Exordium","TheCity"],"potions_floor_usage":[16,16,21],"damage_taken":[{"damage":1,"enemies":"Cultist","floor":1,"turns":3},{"damage":16,"enemies":"Jaw Worm","floor":4,"turns":4},{"damage":3,"enemies":"Small Slimes","floor":5,"turns":4},{"damage":28,"enemies":"Exordium Wildlife","floor":7,"turns":6},{"damage":15,"enemies":"Red Slaver","floor":10,"turns":4},{"damage":6,"enemies":"Looter","floor":12,"turns":3},{"damage":8,"enemies":"Hexaghost","floor":16,"turns":7},{"damage":18,"enemies":"Chosen","floor":18,"turns":6},{"damage":35,"enemies":"Shell Parasite","floor":21,"turns":6},{"damage":19,"enemies":"3 Cultists","floor":22,"turns":3}],"seed_played":"-6518861171654670062","potions_obtained":[{"floor":4,"key":"SteroidPotion"},{"floor":5,"key":"Ancient Potion"},{"floor":16,"key":"LiquidBronze"},{"floor":18,"key":"PowerPotion"},{"floor":20,"key":"Regen Potion"}],"is_trial":false,"path_per_floor":["M","?","?","M","M","R","M","R","T","M","T","M","R","T","R","B",null,"M","$","?","M","M"],"character_chosen":"IRONCLAD","items_purchased":[],"campfire_rested":1,"item_purchase_floors":[],"current_hp_per_floor":[67,56,56,40,37,37,9,31,31,16,16,10,10,10,10,2,57,39,39,39,19,0,0],"gold":477,"neow_bonus":"BOSS_RELIC","is_daily":false,"chose_seed":false,"campfire_upgraded":3,"win_rate":0.0,"timestamp":1612467379,"path_taken":["M","?","?","M","M","R","M","R","T","M","?","?","R","?","R","BOSS","M","$","?","?","M"],"items_purchased_type":[],"build_version":"2020-12-22","purchased_purges":1,"victory":false,"max_hp_per_floor":[75,75,75,75,75,75,75,75,75,75,75,75,75,75,75,75,75,75,75,75,75,75,75],"relic_stats":{"counters":[10,46],"Tiny Chest":0,"Pandora\u0027s Box":["Searing Blow","Shockwave","Metallicize","Warcry","Hemokinesis","Rage","Twin Strike","Bloodletting","Sever Soul"],"PreservedInsect":0,"Whetstone":["Clothesline","Strike_R"],"obtain_stats":[{"SlaversCollar":0,"Tiny Chest":14,"Pandora\u0027s Box":17,"PreservedInsect":11,"Whetstone":9,"Burning Blood":0},{"SlaversCollar":0,"Tiny Chest":6,"Pandora\u0027s Box":7,"PreservedInsect":5,"Whetstone":4,"Burning Blood":0},{"SlaversCollar":0,"Tiny Chest":24,"Pandora\u0027s Box":31,"PreservedInsect":21,"Whetstone":17,"Burning Blood":0}]},"card_choices":[{"not_picked":["Dropkick","Rupture"],"picked":"Clothesline","floor":1},{"not_picked":["Body Slam","Entrench"],"picked":"Rampage","floor":4},{"not_picked":["Entrench","Pummel"],"picked":"Flex","floor":5},{"not_picked":["Battle Trance","Havoc"],"picked":"Cleave","floor":7},{"not_picked":["Hemokinesis","Body Slam"],"picked":"Barricade","floor":10},{"not_picked":["Dropkick","Wild Strike","Second Wind"],"picked":"SKIP","floor":12},{"not_picked":["Reaper","Bludgeon"],"picked":"Demon Form","floor":16},{"not_picked":["Flex","Clothesline+1","Twin Strike"],"picked":"SKIP","floor":18},{"not_picked":["Pommel Strike","Iron Wave","Evolve"],"picked":"SKIP","floor":21}],"player_experience":1654184,"relics_obtained":[{"floor":9,"key":"Whetstone"},{"floor":11,"key":"PreservedInsect"},{"floor":14,"key":"Tiny Chest"}],"event_choices":[{"damage_healed":0,"gold_gain":75,"player_choice":"Gather Gold","damage_taken":11,"max_hp_gain":0,"max_hp_loss":0,"event_name":"World of Goop","floor":2,"gold_loss":0},{"damage_healed":0,"gold_gain":64,"player_choice":"Gained Gold","damage_taken":0,"max_hp_gain":0,"max_hp_loss":0,"event_name":"Golden Wing","floor":3,"gold_loss":0},{"damage_healed":0,"gold_gain":0,"player_choice":"Got Potions","damage_taken":0,"max_hp_gain":0,"max_hp_loss":0,"event_name":"Lab","floor":20,"gold_loss":0}],"is_beta":false,"boss_relics":[{"not_picked":["Runic Dome","Coffee Dripper"],"picked":"Pandora\u0027s Box"}],"items_purged_floors":[19],"is_endless":false,"potions_floor_spawned":[4,5,10,16,18],"killed_by":"3 Cultists","ascension_level":20}}