{"host":"6wux4armhsntp4yb","time":1612420913,"event":{"mods":["BaseMod","Colored Map","DeckTracker","Minty Spire (QoL Compilation)","Relic Stats"],"gold_per_floor":[109,109,121,121,135,168,168,168,168],"floor_reached":8,"language":"JPN","playtime":330,"items_purged":[],"score":112,"play_id":"26a00818-dc59-4dd6-8eb1-de7380a52f7b","local_time":"20210204154153","is_ascension_mode":true,"campfire_choices":[{"floor":7,"key":"REST"}],"circlet_count":0,"master_deck":["AscendersBane","Strike_G","Strike_G","Strike_G","Strike_G","Defend_G","Defend_G","Defend_G","Defend_G","Defend_G","Survivor","Neutralize","Bane","Dagger Spray","Dagger Throw","Terror"],"relics":["Velvet Choker","Singing Bowl"],"acts_visited":["Exordium"],"potions_floor_usage":[6,8],"damage_taken":[{"damage":0,"enemies":"2 Louse","floor":1,"turns":3},{"damage":4,"enemies":"Jaw Worm","floor":3,"turns":5},{"damage":1,"enemies":"Small Slimes","floor":5,"turns":4},{"damage":34,"enemies":"Lagavulin","floor":6,"turns":8},{"damage":35,"enemies":"3 Sentries","floor":8,"turns":8}],"seed_played":"3365525944129679474","potions_obtained":[{"floor":5,"key":"DistilledChaos"},{"floor":6,"key":"BlessingOfTheForge"}],"is_trial":false,"path_per_floor":["M","?","M","?","M","E","R","E"],"character_chosen":"THE_SILENT","items_purchased":[],"campfire_rested":1,"item_purchase_floors":[],"current_hp_per_floor":[59,59,55,48,47,13,32,0,0],"gold":168,"neow_bonus":"BOSS_RELIC","is_daily":false,"chose_seed":false,"campfire_upgraded":0,"win_rate":0.0,"timestamp":1612420913,"path_taken":["M","?","M","?","M","E","R","E"],"items_purchased_type":[],"build_version":"2020-12-22","purchased_purges":0,"victory":false,"max_hp_per_floor":[66,66,66,66,66,66,66,66,66],"relic_stats":{"Singing Bowl":0,"counters":[5,28],"obtain_stats":[{"Singing Bowl":6,"Velvet Choker":0,"Ring of the Snake":0},{"Singing Bowl":4,"Velvet Choker":0,"Ring of the Snake":0},{"Singing Bowl":20,"Velvet Choker":0,"Ring of the Snake":0}]},"card_choices":[{"not_picked":["Setup","Acrobatics"],"picked":"Bane","floor":1},{"not_picked":["Masterful Stab","Calculated Gamble"],"picked":"Dagger Spray","floor":3},{"not_picked":["Flechettes","Accuracy"],"picked":"Dagger Throw","floor":5},{"not_picked":["Sucker Punch","Deflect"],"picked":"Terror","floor":6}],"player_experience":5839541,"relics_obtained":[{"floor":6,"key":"Singing Bowl"}],"event_choices":[{"damage_healed":0,"gold_gain":0,"player_choice":"Ignored","damage_taken":0,"max_hp_gain":0,"max_hp_loss":0,"event_name":"Liars Game","floor":2,"gold_loss":0},{"cards_removed":["Strike_G"],"damage_healed":0,"gold_gain":0,"player_choice":"Card Removal","damage_taken":7,"max_hp_gain":0,"max_hp_loss":0,"event_name":"Golden Wing","floor":4,"gold_loss":0}],"is_beta":false,"boss_relics":[],"items_purged_floors":[],"is_endless":false,"potions_floor_spawned":[5,6],"killed_by":"3 Sentries","ascension_level":20}}