{"host":"w7o06k3e8uel8euj","time":1612435734,"event":{"mods":["AchievementEnabler","BaseMod","Colored Powertips","Custom Start","DeckTracker","Keyboard Shortcuts","Minty Spire (QoL Compilation)","Quick Restart","Relic Stats","StSLib","SuperFastMode","everything is the same but u backflip on backflip"],"gold_per_floor":[219,144,144,144,159,159,159,192,215,238,238,256,300,400,400,521,521,536,556,574,600,600,635,635,669,718,226,226,270,270,170,170,294,294,318,116,116,131,152,188,200,212,224,257,309,321,368,404,416,428,440,452,8,42,42],"floor_reached":56,"language":"KOR","playtime":1403,"items_purged":["Strike_G","Strike_G","Strike_G","Strike_G","Strike_G"],"score":1605,"play_id":"8c0b169f-14d7-4f4f-aa45-7a37858adb99","local_time":"20210204194854","is_ascension_mode":true,"campfire_choices":[{"data":"Deadly Poison","floor":6.0,"key":"SMITH"},{"data":"Corpse Explosion","floor":11.0,"key":"SMITH"},{"data":"Crippling Poison","floor":15.0,"key":"SMITH"},{"data":"Bouncing Flask","floor":24.0,"key":"SMITH"},{"data":"Noxious Fumes","floor":28.0,"key":"SMITH"},{"floor":30.0,"key":"REST"},{"floor":32.0,"key":"REST"},{"data":"Footwork","floor":42.0,"key":"SMITH"},{"floor":49.0,"key":"RECALL"},{"data":"Footwork","floor":52.0,"key":"SMITH"}],"circlet_count":0,"master_deck":["Defend_G+1","Defend_G","Defend_G+1","Defend_G+1","Defend_G","Survivor+1","Neutralize+1","Deadly Poison","Deadly Poison+1","Corpse Explosion+1","Backflip","Crippling Poison+1","Bouncing Flask+1","Backstab+1","Backflip+1","Footwork+1","Deflect","Escape Plan","PiercingWail+1","Footwork+1","Wraith Form v2","Venomology","Dodge and Roll"],"relics":["Ring of the Snake","Golden Idol","Mango","Toy Ornithopter","Meat on the Bone","Runic Pyramid","Orichalcum","The Courier","Oddly Smooth Stone","Incense Burner","PreservedInsect","War Paint","Black Star","MawBank","Akabeko","Darkstone Periapt","Bag of Preparation","Regal Pillow","Tough Bandages","Vajra","Art of War","Shuriken","Whetstone"],"acts_visited":["Exordium","TheCity","TheBeyond","TheEnding"],"potions_floor_usage":[55,55,55],"damage_taken":[{"damage":0.0,"enemies":"2 Louse","floor":1.0,"turns":3.0},{"damage":5.0,"enemies":"Small Slimes","floor":5.0,"turns":4.0},{"damage":17.0,"enemies":"Lagavulin","floor":8.0,"turns":6.0},{"damage":0.0,"enemies":"Cultist","floor":10.0,"turns":3.0},{"damage":3.0,"enemies":"Looter","floor":12.0,"turns":3.0},{"damage":8.0,"enemies":"Gremlin Nob","floor":13.0,"turns":4.0},{"damage":2.0,"enemies":"Hexaghost","floor":16.0,"turns":7.0},{"damage":22.0,"enemies":"Spheric Guardian","floor":18.0,"turns":4.0},{"damage":0.0,"enemies":"3 Byrds","floor":19.0,"turns":3.0},{"damage":2.0,"enemies":"Sentry and Sphere","floor":20.0,"turns":4.0},{"damage":23.0,"enemies":"Gremlin Leader","floor":23.0,"turns":7.0},{"damage":35.0,"enemies":"Book of Stabbing","floor":25.0,"turns":6.0},{"damage":15.0,"enemies":"Slavers","floor":29.0,"turns":2.0},{"damage":42.0,"enemies":"Champ","floor":33.0,"turns":11.0},{"damage":16.0,"enemies":"3 Shapes","floor":35.0,"turns":3.0},{"damage":0.0,"enemies":"3 Darklings","floor":38.0,"turns":3.0},{"damage":15.0,"enemies":"Sphere and 2 Shapes","floor":39.0,"turns":4.0},{"damage":31.0,"enemies":"Nemesis","floor":40.0,"turns":7.0},{"damage":12.0,"enemies":"Writhing Mass","floor":44.0,"turns":5.0},{"damage":10.0,"enemies":"Giant Head","floor":45.0,"turns":9.0},{"damage":0.0,"enemies":"Nemesis","floor":47.0,"turns":7.0},{"damage":0.0,"enemies":"4 Shapes","floor":48.0,"turns":5.0},{"damage":32.0,"enemies":"Awakened One","floor":50.0,"turns":17.0},{"damage":13.0,"enemies":"Shield and Spear","floor":54.0,"turns":6.0},{"damage":24,"enemies":"The Heart","floor":55,"turns":11}],"seed_played":"-3415000117422148946","potions_obtained":[{"floor":5.0,"key":"Block Potion"},{"floor":10.0,"key":"AttackPotion"},{"floor":13.0,"key":"SkillPotion"},{"floor":19.0,"key":"SneckoOil"},{"floor":23.0,"key":"DuplicationPotion"},{"floor":25.0,"key":"Dexterity Potion"},{"floor":33.0,"key":"CunningPotion"},{"floor":39.0,"key":"Energy Potion"},{"floor":44.0,"key":"LiquidMemories"},{"floor":47.0,"key":"Explosive Potion"}],"is_trial":false,"path_per_floor":["M","$","?","?","M","R","?","E","T","M","R","M","E","?","R","B",null,"M","M","M","T","?","E","R","E","T","$","R","E","R","$","R","B",null,"M","$","?","M","M","E","?","R","T","M","E","?","E","M","R","B",null,"R","$","E","B",null],"character_chosen":"THE_SILENT","items_purchased":["Incense Burner","PreservedInsect","Noxious Fumes","Footwork","Deflect","Venomology","Dodge and Roll","Art of War","SkillPotion"],"campfire_rested":2,"item_purchase_floors":[27,27,27,36,36,53,53,53,53],"current_hp_per_floor":[70,70,53,70,65,65,51,48,48,48,48,45,42,42,42,50,76,54,54,57,57,57,46,46,28,28,28,28,25,50,50,75,45,74,58,58,73,73,58,37,37,37,37,37,44,44,44,49,49,34,63,63,63,50,41],"gold":42,"neow_bonus":"HUNDRED_GOLD","is_daily":false,"chose_seed":false,"campfire_upgraded":7,"win_rate":0.0,"timestamp":1612435734,"path_taken":["M","$","?","?","?","R","?","E","T","M","R","M","E","?","R","BOSS","M","?","M","?","?","E","R","E","T","$","R","E","R","?","R","BOSS","M","$","?","M","M","E","?","R","T","M","E","?","E","M","R","BOSS","R","$","E","BOSS"],"items_purchased_type":["Relic","Relic","Card","Card","Card","Card","Card","Relic","Potion"],"build_version":"2020-12-22","purchased_purges":5,"victory":true,"max_hp_per_floor":[70,70,70,70,70,70,70,84,84,84,84,84,84,84,84,84,84,84,84,84,84,84,84,84,84,84,84,84,84,84,84,84,84,84,84,84,73,73,73,73,73,73,73,73,73,73,73,73,73,73,73,73,73,73,73],"relic_stats":{"Darkstone Periapt":0,"Regal Pillow":0,"counters":[25,144],"Golden Idol":212,"PreservedInsect":325,"Bag of Preparation":[10],"Whetstone":["Neutralize","Backstab"],"Orichalcum":[180],"War Paint":["Defend_G","Defend_G"],"MawBank":156,"Tough Bandages":[36],"Shuriken":[0],"Black Star":4,"Art of War":[8],"obtain_stats":[{"Darkstone Periapt":43,"Regal Pillow":45,"Golden Idol":3,"Oddly Smooth Stone":26,"Vajra":47,"Mango":8,"The Courier":25,"PreservedInsect":27,"Incense Burner":27,"Bag of Preparation":45,"Whetstone":54,"Orichalcum":23,"War Paint":29,"MawBank":40,"Akabeko":40,"Tough Bandages":47,"Shuriken":54,"Black Star":34,"Art of War":53,"Toy Ornithopter":9,"Ring of the Snake":0,"Meat on the Bone":13,"Runic Pyramid":17},{"Darkstone Periapt":18,"Regal Pillow":20,"Golden Idol":1,"Oddly Smooth Stone":12,"Vajra":21,"Mango":3,"The Courier":12,"PreservedInsect":12,"Incense Burner":12,"Bag of Preparation":20,"Whetstone":24,"Orichalcum":11,"War Paint":13,"MawBank":18,"Akabeko":18,"Tough Bandages":21,"Shuriken":24,"Black Star":14,"Art of War":23,"Toy Ornithopter":3,"Ring of the Snake":0,"Meat on the Bone":6,"Runic Pyramid":7},{"Darkstone Periapt":84,"Regal Pillow":98,"Golden Idol":3,"Oddly Smooth Stone":54,"Vajra":105,"Mango":13,"The Courier":54,"PreservedInsect":54,"Incense Burner":54,"Bag of Preparation":98,"Whetstone":133,"Orichalcum":48,"War Paint":56,"MawBank":84,"Akabeko":84,"Tough Bandages":105,"Shuriken":133,"Black Star":67,"Art of War":127,"Toy Ornithopter":13,"Ring of the Snake":0,"Meat on the Bone":23,"Runic Pyramid":30}],"Toy Ornithopter":65,"Ring of the Snake":[50],"Meat on the Bone":84},"card_choices":[{"not_picked":["PiercingWail","Dagger Throw"],"picked":"Deadly Poison","floor":1.0},{"not_picked":["Dagger Throw","Deflect"],"picked":"Deadly Poison","floor":5.0},{"not_picked":["Deflect","Outmaneuver"],"picked":"Corpse Explosion","floor":8.0},{"not_picked":["Dodge and Roll","Blade Dance"],"picked":"Backflip","floor":10.0},{"not_picked":["Underhanded Strike","Sucker Punch"],"picked":"Crippling Poison","floor":12.0},{"not_picked":["Predator","Choke","Storm of Steel"],"picked":"SKIP","floor":13.0},{"not_picked":["Backflip+1","Escape Plan"],"picked":"Bouncing Flask","floor":18.0},{"not_picked":["Riddle With Holes","Acrobatics","Flechettes"],"picked":"SKIP","floor":19.0},{"not_picked":["Masterful Stab","Dodge and Roll","Sucker Punch"],"picked":"SKIP","floor":20.0},{"not_picked":["Deadly Poison+1","All Out Attack","Dagger Spray"],"picked":"SKIP","floor":23.0},{"not_picked":["Dagger Spray","Finisher+1","Backstab"],"picked":"SKIP","floor":25.0},{"not_picked":["Dagger Spray","Finisher+1"],"picked":"Backstab","floor":25.0},{"not_picked":["Choke","Flechettes+1","All Out Attack+1"],"picked":"SKIP","floor":29.0},{"not_picked":["Poisoned Stab","PiercingWail+1"],"picked":"Backflip+1","floor":35.0},{"not_picked":["Dagger Throw","Slice+1","Acrobatics+1"],"picked":"SKIP","floor":38.0},{"not_picked":["Sucker Punch+1","Prepared+1"],"picked":"Escape Plan","floor":39.0},{"not_picked":["PiercingWail+1","Leg Sweep+1","Cloak And Dagger+1"],"picked":"SKIP","floor":40.0},{"not_picked":["Leg Sweep+1","Cloak And Dagger+1"],"picked":"PiercingWail+1","floor":40.0},{"not_picked":["Cloak And Dagger+1","Dagger Spray+1"],"picked":"Footwork","floor":44.0},{"not_picked":["Acrobatics","Underhanded Strike","Dodge and Roll"],"picked":"SKIP","floor":45.0},{"not_picked":["PiercingWail+1","Eviscerate+1"],"picked":"Wraith Form v2","floor":47.0},{"not_picked":["Deadly Poison+1","Dagger Spray+1","Finisher"],"picked":"SKIP","floor":48.0},{"not_picked":["Calculated Gamble","Skewer+1","Outmaneuver+1"],"picked":"SKIP","floor":54.0}],"player_experience":525347,"relics_obtained":[{"floor":8.0,"key":"Mango"},{"floor":9.0,"key":"Toy Ornithopter"},{"floor":13.0,"key":"Meat on the Bone"},{"floor":23.0,"key":"Orichalcum"},{"floor":25.0,"key":"The Courier"},{"floor":26.0,"key":"Oddly Smooth Stone"},{"floor":29.0,"key":"War Paint"},{"floor":40.0,"key":"MawBank"},{"floor":40.0,"key":"Akabeko"},{"floor":43.0,"key":"Darkstone Periapt"},{"floor":45.0,"key":"Bag of Preparation"},{"floor":45.0,"key":"Regal Pillow"},{"floor":47.0,"key":"Tough Bandages"},{"floor":47.0,"key":"Vajra"},{"floor":54.0,"key":"Shuriken"},{"floor":54.0,"key":"Whetstone"}],"event_choices":[{"damage_healed":0.0,"max_hp_gain":0.0,"max_hp_loss":0.0,"gold_gain":0.0,"event_name":"Golden Idol","player_choice":"Take Damage","floor":3.0,"gold_loss":0.0,"damage_taken":17.0,"relics_obtained":["Golden Idol"]},{"damage_healed":17.0,"max_hp_gain":0.0,"max_hp_loss":0.0,"gold_gain":0.0,"event_name":"Wheel of Change","player_choice":"Full Heal","floor":4.0,"gold_loss":0.0,"damage_taken":0.0},{"damage_healed":0.0,"max_hp_gain":0.0,"max_hp_loss":0.0,"gold_gain":0.0,"event_name":"Shining Light","player_choice":"Entered Light","floor":7.0,"gold_loss":0.0,"damage_taken":14.0,"cards_upgraded":["Defend_G","Survivor"]},{"damage_healed":0.0,"max_hp_gain":0.0,"max_hp_loss":0.0,"gold_gain":100.0,"event_name":"Golden Shrine","player_choice":"Pray","floor":14.0,"gold_loss":0.0,"damage_taken":0.0},{"damage_healed":0.0,"max_hp_gain":0.0,"max_hp_loss":0.0,"gold_gain":0.0,"event_name":"Ghosts","player_choice":"Ignored","floor":22.0,"gold_loss":0.0,"damage_taken":0.0},{"damage_healed":73.0,"max_hp_gain":0.0,"max_hp_loss":11.0,"gold_gain":0.0,"event_name":"The Moai Head","player_choice":"Heal","floor":37.0,"gold_loss":0.0,"damage_taken":0.0},{"damage_healed":0.0,"max_hp_gain":0.0,"max_hp_loss":0.0,"gold_gain":0.0,"event_name":"Tomb of Lord Red Mask","player_choice":"Ignored","floor":41.0,"gold_loss":0.0,"damage_taken":0.0},{"cards_removed":["Noxious Fumes"],"damage_healed":0.0,"max_hp_gain":0.0,"max_hp_loss":0.0,"gold_gain":0.0,"event_name":"Falling","player_choice":"Removed Power","floor":46.0,"gold_loss":0.0,"damage_taken":0.0}],"is_beta":false,"boss_relics":[{"not_picked":["Coffee Dripper","Calling Bell"],"picked":"Runic Pyramid"},{"not_picked":["HoveringKite","SacredBark"],"picked":"Black Star"}],"items_purged_floors":[2,27,31,36,53],"is_endless":false,"potions_floor_spawned":[5,10,13,19,23,25,33,39,44,47],"ascension_level":5}}