{"host":"wuernuywc9gl215o","time":1612463149,"event":{"mods":["AchievementEnabler","BaseMod","Block Reminder","Highlight Path","Key Reminder","Minty Spire (QoL Compilation)","Permanent Neow","Potion Indicator Mod","Quick Restart","Relic Stats"],"gold_per_floor":[114,5,5,23,40,74,91,91,118,118,148,148,34,61,61,132,132,149,165,165,165],"floor_reached":20,"language":"ENG","playtime":1911,"items_purged":["Strike_G"],"score":369,"play_id":"5eb410be-3164-4e60-b535-b8d62aa0c0fc","local_time":"20210204182549","is_ascension_mode":true,"campfire_choices":[{"data":"All Out Attack","floor":8,"key":"SMITH"},{"data":"Neutralize","floor":10,"key":"SMITH"},{"floor":12,"key":"REST"},{"data":"Caltrops","floor":15,"key":"SMITH"}],"circlet_count":0,"master_deck":["AscendersBane","Strike_G","Strike_G","Strike_G","Defend_G","Defend_G","Defend_G","Defend_G","Defend_G","Survivor","Neutralize+1","All Out Attack+1","Flying Knee","Flash of Steel","Poisoned Stab","Predator","Backflip","Outmaneuver","Caltrops+1","Burst","Well Laid Plans","Bouncing Flask"],"relics":["Ring of the Serpent","NeowsBlessing","Omamori","Anchor","Art of War","Du-Vu Doll"],"acts_visited":["Exordium","TheCity"],"potions_floor_usage":[6,6,11],"damage_taken":[{"damage":0,"enemies":"2 Louse","floor":1,"turns":1},{"damage":0,"enemies":"Cultist","floor":4,"turns":1},{"damage":0,"enemies":"Jaw Worm","floor":5,"turns":1},{"damage":0,"enemies":"3 Sentries","floor":6,"turns":4},{"damage":0,"enemies":"Large Slime","floor":7,"turns":7},{"damage":23,"enemies":"Lagavulin","floor":11,"turns":6},{"damage":5,"enemies":"3 Sentries","floor":14,"turns":8},{"damage":9,"enemies":"The Guardian","floor":16,"turns":13},{"damage":23,"enemies":"2 Thieves","floor":18,"turns":3},{"damage":22,"enemies":"Spheric Guardian","floor":19,"turns":4},{"damage":18,"enemies":"Centurion and Healer","floor":20,"turns":4}],"seed_played":"7207204663177568739","potions_obtained":[{"floor":1,"key":"Fire Potion"},{"floor":5,"key":"CunningPotion"},{"floor":7,"key":"Block Potion"}],"is_trial":false,"path_per_floor":["M","$","?","M","M","E","M","R","T","R","E","R","$","E","R","B",null,"M","M","M"],"character_chosen":"THE_SILENT","items_purchased":["Flying Knee","Flash of Steel","Caltrops"],"campfire_rested":1,"item_purchase_floors":[2,2,13],"current_hp_per_floor":[59,59,59,59,59,59,59,59,59,59,36,55,55,50,50,41,60,37,15,0,0],"gold":165,"neow_bonus":"THREE_ENEMY_KILL","is_daily":false,"chose_seed":false,"campfire_upgraded":3,"win_rate":0.0,"timestamp":1612463149,"path_taken":["M","$","?","?","?","E","M","R","T","R","E","R","$","E","R","BOSS","M","?","M"],"items_purchased_type":["Card","Card","Card"],"build_version":"2020-12-22","purchased_purges":1,"victory":false,"max_hp_per_floor":[66,66,66,66,66,66,66,66,66,66,66,66,66,66,66,66,66,66,66,66,66],"relic_stats":{"counters":[11,52],"Art of War":[4],"obtain_stats":[{"Du-Vu Doll":14,"Anchor":9,"NeowsBlessing":0,"Omamori":6,"Art of War":11,"Ring of the Serpent":17,"Ring of the Snake":0},{"Du-Vu Doll":7,"Anchor":5,"NeowsBlessing":0,"Omamori":4,"Art of War":6,"Ring of the Serpent":8,"Ring of the Snake":0},{"Du-Vu Doll":28,"Anchor":14,"NeowsBlessing":0,"Omamori":7,"Art of War":20,"Ring of the Serpent":41,"Ring of the Snake":0}]},"card_choices":[{"not_picked":["Setup","Concentrate"],"picked":"All Out Attack","floor":1},{"not_picked":["Bane","Acrobatics"],"picked":"Poisoned Stab","floor":4},{"not_picked":["Sucker Punch","Dagger Spray"],"picked":"Predator","floor":5},{"not_picked":["Bane","Riddle With Holes"],"picked":"Backflip","floor":6},{"not_picked":["Backflip","Dagger Spray"],"picked":"Outmaneuver","floor":7},{"not_picked":["Eviscerate","Sucker Punch","Choke"],"picked":"SKIP","floor":11},{"not_picked":["Poisoned Stab","Grand Finale","Expertise"],"picked":"SKIP","floor":14},{"not_picked":["Phantasmal Killer","Unload"],"picked":"Burst","floor":16},{"not_picked":["Distraction","Deflect"],"picked":"Well Laid Plans","floor":18},{"not_picked":["All Out Attack","Prepared"],"picked":"Bouncing Flask","floor":19}],"player_experience":817237,"relics_obtained":[{"floor":6,"key":"Omamori"},{"floor":9,"key":"Anchor"},{"floor":11,"key":"Art of War"},{"floor":14,"key":"Du-Vu Doll"}],"event_choices":[{"cards_removed":["Strike_G"],"damage_healed":0,"gold_gain":0,"player_choice":"Offered Basic","damage_taken":0,"max_hp_gain":0,"max_hp_loss":0,"event_name":"Bonfire Elementals","floor":3,"gold_loss":0}],"is_beta":false,"boss_relics":[{"not_picked":["Black Star","Busted Crown"],"picked":"Ring of the Serpent"}],"items_purged_floors":[13],"is_endless":false,"potions_floor_spawned":[1,5,7],"killed_by":"Centurion and Healer","ascension_level":14}}