{"host":"y7b1p9nkx4idorr2","time":1612472972,"event":{"mods":["AchievementEnabler","Act Like it!","BaseMod","Colored Map","Downfall","GifTheSpireLib","Googly Eyes","Highlight Path","Mimic Mod","Minty Spire (QoL Compilation)","Shop Mod","Spicy Shops","StSLib","Unceasing Turn Reminder"],"gold_per_floor":[99,114,114,126,36,36,62,77,105,5,0,13,47,59,72,169,169,69,87,187,203,303,203,203,216,216,241,364,381,381,392,409,512,512,512,522,542,558,558,558,558],"floor_reached":39,"language":"ENG","playtime":1736,"items_purged":["downfall:Bewildered","Injury"],"score":559,"play_id":"975ff906-f1f6-4e0f-9719-667481cfc8dc","local_time":"20210204150932","is_ascension_mode":true,"campfire_choices":[{"floor":1,"key":"RECALL"},{"data":"bronze:Separator","floor":6,"key":"SMITH"},{"data":"bronze:Flail","floor":10,"key":"SMITH"},{"data":"bronze:Repulsor","floor":18,"key":"SMITH"},{"data":"bronze:Library","floor":23,"key":"SMITH"},{"data":"bronze:Boost","floor":26,"key":"SMITH"},{"data":"bronze:Iterate","floor":30,"key":"SMITH"},{"floor":35,"key":"REST"}],"circlet_count":0,"master_deck":["bronze:Strike","bronze:Strike","bronze:Defend","bronze:Defend","bronze:Defend","bronze:Replicate","bronze:Goto","bronze:Invalidate","bronze:Separator+1","bronze:FollowUp","bronze:GetLatest","bronze:Invalidate","bronze:ForceShield","bronze:Flail+1","bronze:Shield","bronze:InfiniteLoop","bronze:FineTuning","bronze:Repulsor+1","bronze:Iterate+1","bronze:Library+1","bronze:FineTuning+1","bronze:OilSpill+1","bronze:Goto","bronze:CutThrough","bronze:FollowUp","bronze:TinkerersToolbox","Jack Of All Trades","bronze:BugBarrage+1","bronze:Boost+1","bronze:BronzeOrb","bronze:ThunderWave","bronze:WildBeam","bronze:ForceShield","bronze:ThunderWave","bronze:GetLatest+1","bronze:CloningBeam+1","bronze:Constructor+1"],"relics":["bronze:PlatinumCore","Boot","downfall:HeartBlessingRed","StrikeDummy","downfall:HeartBlessingGreen","downfall:GremlinSack","downfall:HeartBlessingBlue","FossilizedHelix","Bag of Marbles","Fusion Hammer"],"acts_visited":["Exordium","TheCity","TheBeyond"],"potions_floor_usage":[11,16,16,25,27,32,33,33],"damage_taken":[{"damage":3,"enemies":"Jaw Worm","floor":2,"turns":4},{"damage":0,"enemies":"Cultist","floor":4,"turns":3},{"damage":2,"enemies":"downfall:FleeingMerchant","floor":5,"turns":4},{"damage":7,"enemies":"Small Slimes","floor":8,"turns":2},{"damage":6,"enemies":"Lagavulin","floor":9,"turns":7},{"damage":2,"enemies":"downfall:FleeingMerchant","floor":11,"turns":4},{"damage":0,"enemies":"3 Louse","floor":12,"turns":2},{"damage":9,"enemies":"3 Sentries","floor":13,"turns":2},{"damage":4,"enemies":"Lots of Slimes","floor":14,"turns":2},{"damage":3,"enemies":"Exordium Wildlife","floor":15,"turns":3},{"damage":17,"enemies":"SI_SHIV_ARCHETYPE","floor":16,"turns":6},{"damage":0,"enemies":"3 Byrds","floor":19,"turns":2},{"damage":0,"enemies":"Snecko","floor":21,"turns":2},{"damage":16,"enemies":"Snecko","floor":22,"turns":3},{"damage":12,"enemies":"Snake Plant","floor":25,"turns":2},{"damage":0,"enemies":"Gremlin Leader","floor":27,"turns":6},{"damage":0,"enemies":"downfall:FleeingMerchant","floor":28,"turns":1},{"damage":0,"enemies":"Chosen and Byrds","floor":29,"turns":3},{"damage":0,"enemies":"Centurion and Healer","floor":31,"turns":1},{"damage":0,"enemies":"Cultist and Chosen","floor":32,"turns":4},{"damage":19,"enemies":"IC_MUSHROOM_ARCHETYPE","floor":33,"turns":5},{"damage":9,"enemies":"3 Shapes","floor":36,"turns":3},{"damage":0,"enemies":"Orb Walker","floor":37,"turns":3},{"damage":74,"enemies":"Transient","floor":38,"turns":5},{"damage":10,"enemies":"3 Darklings","floor":39,"turns":1}],"seed_played":"6853963502140300080","potions_obtained":[{"floor":2,"key":"Dexterity Potion"},{"floor":8,"key":"ColorlessPotion"},{"floor":12,"key":"SteroidPotion"},{"floor":13,"key":"Swift Potion"},{"floor":16,"key":"BlessingOfTheForge"},{"floor":22,"key":"SkillPotion"},{"floor":25,"key":"Swift Potion"},{"floor":32,"key":"SneckoOil"},{"floor":36,"key":"BlessingOfTheForge"},{"floor":37,"key":"FearPotion"}],"is_trial":false,"path_per_floor":["R","M","?","M","$","R","T","M","E","R","$","M","E","M","M","B",null,"R","M","?","M","?","R","T","M","R","E","$","M","R","M","M","B",null,"R","M","M","M","M"],"character_chosen":"THE_AUTOMATON","items_purchased":["CultistPotion"],"campfire_rested":1,"item_purchase_floors":[28],"current_hp_per_floor":[77,74,74,74,72,72,72,65,59,59,57,57,48,44,41,24,77,77,77,77,77,61,71,71,59,59,59,59,59,59,59,59,40,87,87,78,78,4,0,0,0],"gold":558,"neow_bonus":"TEN_PERCENT_HP_BONUS","is_daily":false,"chose_seed":false,"campfire_upgraded":6,"win_rate":0.0,"timestamp":1612472972,"path_taken":["R","M","?","M","?","R","T","M","E","R","$","M","E","?","M","BOSS","R","M","?","M","?","R","T","M","R","E","$","?","R","M","M","BOSS","R","M","M","M","?"],"items_purchased_type":["Potion"],"build_version":"2020-12-22","purchased_purges":2,"victory":false,"max_hp_per_floor":[77,77,77,77,77,77,77,77,77,77,77,77,77,77,77,77,77,77,77,77,77,77,87,87,87,87,87,87,87,87,87,87,87,87,87,87,87,87,87,87,87],"card_choices":[{"not_picked":["bronze:Backtrace","bronze:Overload"],"picked":"bronze:Invalidate","floor":2},{"not_picked":["bronze:Branch","bronze:DelayedGuard"],"picked":"bronze:GetLatest","floor":4},{"not_picked":["bronze:WhirlingStrike","bronze:ItsAFeature"],"picked":"bronze:Invalidate","floor":5},{"not_picked":["bronze:Invalidate","bronze:ChildClass"],"picked":"bronze:ForceShield","floor":8},{"not_picked":["bronze:FineTuning","bronze:DelayedGuard"],"picked":"bronze:Flail","floor":9},{"not_picked":["bronze:Mutator","bronze:Overheat"],"picked":"bronze:Shield","floor":11},{"not_picked":["bronze:Overheat","bronze:Shield"],"picked":"bronze:InfiniteLoop","floor":12},{"not_picked":["bronze:Optimize","bronze:Branch"],"picked":"bronze:FineTuning","floor":13},{"not_picked":["bronze:Deprecate","bronze:BuggyMess"],"picked":"bronze:Repulsor","floor":14},{"not_picked":["bronze:FineTuning","bronze:Deprecate"],"picked":"bronze:Iterate","floor":15},{"not_picked":["bronze:Format","bronze:CleanCode"],"picked":"bronze:Library","floor":16},{"not_picked":["bronze:BronzeArmor","bronze:Separator"],"picked":"bronze:FineTuning+1","floor":19},{"not_picked":["bronze:NullPointer","bronze:Allocate+1"],"picked":"bronze:OilSpill+1","floor":21},{"not_picked":["bronze:GetLatest","bronze:Shield"],"picked":"bronze:BugBarrage+1","floor":22},{"not_picked":["bronze:ChildClass","bronze:FineTuning+1"],"picked":"bronze:Boost","floor":25},{"not_picked":["bronze:DigitalCarnage","bronze:Invalidate"],"picked":"bronze:BronzeOrb","floor":27},{"not_picked":["bronze:WhirlingStrike+1","bronze:Return"],"picked":"bronze:ThunderWave","floor":28},{"not_picked":["bronze:GetLatest","bronze:BitShift+1"],"picked":"bronze:WildBeam","floor":29},{"not_picked":["bronze:Invalidate","bronze:Safeguard"],"picked":"bronze:ForceShield","floor":31},{"not_picked":["bronze:InfiniteBeams+1","bronze:BronzeOrb","bronze:WhirlingStrike"],"picked":"SKIP","floor":32},{"not_picked":["bronze:Break","bronze:ShipIt"],"picked":"bronze:ThunderWave","floor":33},{"not_picked":["bronze:DigitalCarnage+1","bronze:Branch+1"],"picked":"bronze:GetLatest+1","floor":36},{"not_picked":["bronze:Safeguard+1","bronze:Separator+1"],"picked":"bronze:CloningBeam+1","floor":37},{"not_picked":["bronze:Separator","bronze:NullPointer"],"picked":"bronze:Constructor+1","floor":38}],"player_experience":2287476,"relics_obtained":[{"floor":9,"key":"Boot"},{"floor":13,"key":"StrikeDummy"},{"floor":22,"key":"downfall:GremlinSack"},{"floor":24,"key":"FossilizedHelix"},{"floor":27,"key":"Bag of Marbles"}],"event_choices":[],"is_beta":false,"boss_relics":[{"not_picked":["Sozu","expansioncontent:StudyCardRelic"],"picked":"bronze:PlatinumCore"},{"not_picked":["Pandora\u0027s Box","Calling Bell"],"picked":"Fusion Hammer"}],"items_purged_floors":[5,28],"is_endless":false,"potions_floor_spawned":[2,8,12,13,16,22,25,31,32,36,37],"killed_by":"3 Darklings","ascension_level":2}}