{"host":"usru02jcpe2a942d","time":1612443879,"event":{"mods":["ATMod(°¢èªMod)","Act Like it!","BaseMod","Better Note","Better Vampires","Challenge The Spire","Colored Powertips","Friendly Minions","GifTheSpireLib","Highlight Path","Hubris","Infinite Spire","Jedi Mod","Minty Spire (QoL Compilation)","MostiFishMod","Pale of the Ancients","Quick Restart","Relic Stats","Reliquary","RumiaBox-Â¶Ã×æ«µÄÉñÃØºÐ×Ó","StSLib","The Hayseed","noobMod","¡¾ÒÅÎï¿¨ÅÆ¡¿REMEMod","óô»ðÖ¸ÄÏ"],"gold_per_floor":[112,21,39,53,71,100,100,132,157,157,157,82,82,100,100,205,205,221,236,236,247,257,257,257,11,92,92,392,49,76,86,86,182,182,202,213,258,258,273,298,309,326,326,326,326,341,369,384,92,192,192,192],"floor_reached":51,"language":"ZHS","playtime":3418,"items_purged":["TheSimpletonMod:Strike_TheSimpleton","Decay","TheSimpletonMod:Defend_TheSimpleton"],"score":1014,"play_id":"5b377e52-fe38-4b1d-8851-7394d700a888","local_time":"20210204210439","is_ascension_mode":false,"campfire_choices":[{"data":"AT_FamilyPortrait","floor":10.0,"key":"SMITH"},{"data":"TheSimpletonMod:Photosynthesis","floor":13.0,"key":"SMITH"},{"data":"Seeing Red","floor":15.0,"key":"SMITH"},{"data":"TheSimpletonMod:Biorefinement","floor":23.0,"key":"SMITH"},{"data":"MostiFishMod:JungleRules","floor":32.0,"key":"SMITH"}],"circlet_count":0,"master_deck":["TheSimpletonMod:Defend_TheSimpleton","TheSimpletonMod:Defend_TheSimpleton","TheSimpletonMod:Defend_TheSimpleton","TheSimpletonMod:Haymaker+1","TheSimpletonMod:ReapAndSow","Seeing Red+1","AT_FamilyPortrait+1","TheSimpletonMod:Sunseed","TheSimpletonMod:Aerate+1","TheSimpletonMod:Pruning","TheSimpletonMod:DoubleBarrel","TheSimpletonMod:Photosynthesis+1","TheSimpletonMod:Aerate+1","TheSimpletonMod:TakeHeart","TheSimpletonMod:Sunchoke+1","TheSimpletonMod:Biorefinement+1","TheSimpletonMod:Photosynthesis+1","TheSimpletonMod:ErosionControl+1","jedi:forcepull","MostiFishMod:JungleRules+1","TheSimpletonMod:SoilSample+1","TheSimpletonMod:VolatileFumes","TheSimpletonMod:Sunseed","TheSimpletonMod:OnionBloom","TheSimpletonMod:SoilSample+1","TheSimpletonMod:Rake+1","TheSimpletonMod:OnionBloom+1","TheSimpletonMod:Onions+1","Chrysalis"],"relics":["TheSimpletonMod:SpudOfTheInnocent","TheSimpletonMod:NightSoil","TheSimpletonMod:TheHarvester","DaveBox","ice","REME_ComplimentaryCards","AT_ATBox","HaiYi:Twilight","SynthV:TestCard","Happy Flower","hubris:OldNail","Art of War","Oddly Smooth Stone","infinitespire:PuzzleCube","Empty Cage","reliquary:Buckler","The Courier","hubris:NiceRug","hubris:FunFungus","TheSimpletonMod:PlanterBox","Technique","Membership Card","Unceasing Top","jedi:heavyjacket","reliquary:QuartzCube","hubris:ScarierMask","SentryEyes","jedi:gremlinknob","AT_Kusabimaru","MagicDraw3","reliquary:SharkskinSheath","reliquary:BoilingFlask","REME_LowDesire","Tiny Chest","AT_RedTearstoneRing","paleoftheancients:Timepiece","CultistMask"],"acts_visited":["Exordium","TheCity","TheBeyond","paleoftheancients:PaleOfTheAncients"],"potions_floor_usage":[],"damage_taken":[{"damage":6.0,"enemies":"2 Louse","floor":1.0,"turns":2.0},{"damage":1.0,"enemies":"Cultist","floor":3.0,"turns":4.0},{"damage":13.0,"enemies":"Jaw Worm","floor":4.0,"turns":3.0},{"damage":8.0,"enemies":"Large Slime","floor":5.0,"turns":7.0},{"damage":9.0,"enemies":"Lagavulin","floor":6.0,"turns":4.0},{"damage":18.0,"enemies":"Gremlin Nob","floor":8.0,"turns":4.0},{"damage":16.0,"enemies":"Exordium Wildlife","floor":14.0,"turns":5.0},{"damage":26.0,"enemies":"Hexaghost","floor":16.0,"turns":9.0},{"damage":4.0,"enemies":"Spheric Guardian","floor":18.0,"turns":4.0},{"damage":32.0,"enemies":"Chosen","floor":19.0,"turns":8.0},{"damage":18.0,"enemies":"Snecko","floor":21.0,"turns":7.0},{"damage":26.0,"enemies":"Sentry and Sphere","floor":22.0,"turns":7.0},{"damage":141.0,"enemies":"hubris:Merchant","floor":28.0,"turns":9.0},{"damage":0.0,"enemies":"Slavers","floor":30.0,"turns":4.0},{"damage":0.0,"enemies":"Shelled Parasite and Fungi","floor":31.0,"turns":5.0},{"damage":2.0,"enemies":"Collector","floor":33.0,"turns":9.0},{"damage":0.0,"enemies":"Orb Walker","floor":35.0,"turns":6.0},{"damage":0.0,"enemies":"3 Darklings","floor":36.0,"turns":9.0},{"damage":0.0,"enemies":"2 Orb Walkers","floor":37.0,"turns":4.0},{"damage":0.0,"enemies":"Transient","floor":39.0,"turns":5.0},{"damage":19.0,"enemies":"Nightmare","floor":40.0,"turns":8.0},{"damage":0.0,"enemies":"Spire Growth","floor":41.0,"turns":4.0},{"damage":0.0,"enemies":"3 Darklings","floor":42.0,"turns":3.0},{"damage":0.0,"enemies":"Jaw Worm Horde","floor":46.0,"turns":3.0},{"damage":0.0,"enemies":"Reptomancer","floor":47.0,"turns":3.0},{"damage":0.0,"enemies":"Spire Growth","floor":48.0,"turns":5.0},{"damage":0.0,"enemies":"hubris:GrandSnecko","floor":50.0,"turns":6.0}],"seed_played":"-8132355974875573649","potions_obtained":[{"floor":3.0,"key":"jedi:StrikingPotion"},{"floor":4.0,"key":"BlessingOfTheForge"},{"floor":5.0,"key":"infinitespire:BlackPotion"},{"floor":6.0,"key":"TheSimpletonMod:MoonshinePotion"},{"floor":16.0,"key":"Dexterity Potion"},{"floor":28.0,"key":"PowerPotion"},{"floor":28.0,"key":"Fire Potion"},{"floor":28.0,"key":"Swift Potion"},{"floor":31.0,"key":"SpeedPotion"},{"floor":33.0,"key":"Regen Potion"},{"floor":39.0,"key":"TheSimpletonMod:MoonshinePotion"},{"floor":42.0,"key":"TheSimpletonMod:KindlingPotion"},{"floor":46.0,"key":"jedi:StrikingPotion"},{"floor":50,"key":"Energy Potion"}],"is_trial":false,"path_per_floor":["M","?","M","M","M","E","?","E","T","R","?","$","R","M","R","B",null,"M","M","?","M","M","R","?","R","T","?","$","R","E","M","R","B",null,"M","M","?","?","M","NM","M","M","T","?","$","M","E","M","R","B",null],"character_chosen":"THE_SIMPLETON","items_purchased":["reliquary:Buckler","Membership Card","Unceasing Top","jedi:heavyjacket","Chrysalis","reliquary:SharkskinSheath","reliquary:BoilingFlask"],"campfire_rested":0,"item_purchase_floors":[25,29,29,29,49,49,49],"current_hp_per_floor":[76,76,79,69,75,70,70,56,56,56,66,66,66,54,54,41,92,92,69,69,60,44,44,44,44,44,44,5,5,14,17,17,35,134,134,134,134,134,134,120,134,134,134,134,134,134,134,134,134,134,134,134],"gold":192,"neow_bonus":"TEN_PERCENT_HP_BONUS","is_daily":false,"chose_seed":false,"campfire_upgraded":5,"win_rate":0.0,"timestamp":1612443879,"path_taken":["M","?","?","M","M","E","?","E","T","R","?","$","R","M","R","BOSS","M","M","?","?","?","R","?","R","T","?","?","R","E","?","R","BOSS","M","M","?","?","M","NM","M","M","T","?","?","M","E","?","R","BOSS","BOSS"],"items_purchased_type":["Relic","Relic","Relic","Relic","Card","Relic","Relic"],"build_version":"2020-12-22","purchased_purges":3,"victory":false,"max_hp_per_floor":[82,82,82,82,82,82,82,82,82,82,92,92,92,92,92,92,92,92,92,92,92,92,92,92,92,92,92,132,132,132,132,132,134,134,134,134,134,134,134,134,134,134,134,134,134,134,134,134,134,134,134,134],"relic_stats":{"Happy Flower":[48],"counters":[27,145],"Tiny Chest":0,"Art of War":[14],"obtain_stats":[{"TheSimpletonMod:PlanterBox":28,"AT_ATBox":0,"DaveBox":0,"reliquary:BoilingFlask":49,"ice":0,"Empty Cage":17,"reliquary:QuartzCube":30,"MagicDraw3":47,"TheSimpletonMod:TheHarvester":0,"AT_Kusabimaru":43,"hubris:ScarierMask":34,"reliquary:Buckler":25,"Tiny Chest":51,"hubris:FunFungus":28,"TheSimpletonMod:SpudOfTheInnocent":0,"REME_LowDesire":51,"TheSimpletonMod:NightSoil":0,"reliquary:SharkskinSheath":49,"AT_RedTearstoneRing":51,"Happy Flower":2,"Oddly Smooth Stone":8,"jedi:gremlinknob":40,"The Courier":26,"paleoftheancients:Timepiece":51,"jedi:heavyjacket":29,"SynthV:TestCard":1,"HaiYi:Twilight":0,"SentryEyes":37,"CultistMask":51,"Art of War":7,"Technique":28,"Membership Card":29,"hubris:OldNail":6,"infinitespire:PuzzleCube":9,"Unceasing Top":29,"REME_ComplimentaryCards":0,"hubris:NiceRug":28},{"TheSimpletonMod:PlanterBox":13,"AT_ATBox":0,"DaveBox":0,"reliquary:BoilingFlask":26,"ice":0,"Empty Cage":8,"reliquary:QuartzCube":14,"MagicDraw3":25,"TheSimpletonMod:TheHarvester":0,"AT_Kusabimaru":23,"hubris:ScarierMask":16,"reliquary:Buckler":12,"Tiny Chest":27,"hubris:FunFungus":13,"TheSimpletonMod:SpudOfTheInnocent":0,"REME_LowDesire":27,"TheSimpletonMod:NightSoil":0,"reliquary:SharkskinSheath":26,"AT_RedTearstoneRing":27,"Happy Flower":1,"Oddly Smooth Stone":6,"jedi:gremlinknob":21,"The Courier":12,"paleoftheancients:Timepiece":27,"jedi:heavyjacket":13,"SynthV:TestCard":1,"HaiYi:Twilight":0,"SentryEyes":19,"CultistMask":27,"Art of War":5,"Technique":13,"Membership Card":13,"hubris:OldNail":5,"infinitespire:PuzzleCube":6,"Unceasing Top":13,"REME_ComplimentaryCards":0,"hubris:NiceRug":13},{"TheSimpletonMod:PlanterBox":73,"AT_ATBox":0,"DaveBox":0,"reliquary:BoilingFlask":139,"ice":0,"Empty Cage":38,"reliquary:QuartzCube":77,"MagicDraw3":134,"TheSimpletonMod:TheHarvester":0,"AT_Kusabimaru":128,"hubris:ScarierMask":91,"reliquary:Buckler":64,"Tiny Chest":145,"hubris:FunFungus":73,"TheSimpletonMod:SpudOfTheInnocent":0,"REME_LowDesire":145,"TheSimpletonMod:NightSoil":0,"reliquary:SharkskinSheath":139,"AT_RedTearstoneRing":145,"Happy Flower":2,"Oddly Smooth Stone":24,"jedi:gremlinknob":121,"The Courier":64,"paleoftheancients:Timepiece":145,"jedi:heavyjacket":73,"SynthV:TestCard":2,"HaiYi:Twilight":0,"SentryEyes":109,"CultistMask":145,"Art of War":20,"Technique":73,"Membership Card":73,"hubris:OldNail":20,"infinitespire:PuzzleCube":24,"Unceasing Top":73,"REME_ComplimentaryCards":0,"hubris:NiceRug":73}],"Unceasing Top":[90]},"card_choices":[{"not_picked":["TheSimpletonMod:Rake","TheSimpletonMod:Onions"],"picked":"TheSimpletonMod:Sunseed","floor":1.0},{"not_picked":["TheSimpletonMod:VineRipen","TheSimpletonMod:Rototilling","TheSimpletonMod:Pruning","TheSimpletonMod:Germinate"],"picked":"TheSimpletonMod:Aerate","floor":3.0},{"not_picked":["TheSimpletonMod:Germinate","TheSimpletonMod:ToughenUp","TheSimpletonMod:SpiceUp","TheSimpletonMod:CullingStrike"],"picked":"TheSimpletonMod:Pruning","floor":4.0},{"not_picked":["TheSimpletonMod:SpiceUp","TheSimpletonMod:Sunseed","TheSimpletonMod:SaladShooter","TheSimpletonMod:Sunchoke"],"picked":"TheSimpletonMod:DoubleBarrel","floor":5.0},{"not_picked":["TheSimpletonMod:RootDown","TheSimpletonMod:SoilSample","TheSimpletonMod:ToughenUp","TheSimpletonMod:VineRipen"],"picked":"TheSimpletonMod:Photosynthesis","floor":6.0},{"not_picked":["TheSimpletonMod:Thresh","TheSimpletonMod:Pruning","TheSimpletonMod:Rake","TheSimpletonMod:SpiceUp"],"picked":"TheSimpletonMod:Aerate","floor":8.0},{"not_picked":["TheSimpletonMod:CropRotation","TheSimpletonMod:CullingStrike","TheSimpletonMod:DoubleBarrel","TheSimpletonMod:SlashAndBurn","TheSimpletonMod:SpiceUp"],"picked":"SKIP","floor":14.0},{"not_picked":["TheSimpletonMod:DesperatePlunge","TheSimpletonMod:CrackOfDawn","TheSimpletonMod:Spinach","TheSimpletonMod:BuzzBomb"],"picked":"TheSimpletonMod:TakeHeart","floor":16.0},{"not_picked":["TheSimpletonMod:SpiceUp","TheSimpletonMod:DoubleBarrel+1","TheSimpletonMod:Onions","TheSimpletonMod:Pruning"],"picked":"TheSimpletonMod:Sunchoke","floor":18.0},{"not_picked":["TheSimpletonMod:KeenEdge+1","TheSimpletonMod:CloseScrape","TheSimpletonMod:Swelter","TheSimpletonMod:PestManagement"],"picked":"TheSimpletonMod:Biorefinement","floor":19.0},{"not_picked":["TheSimpletonMod:Germinate","TheSimpletonMod:Aerate","TheSimpletonMod:Fertilaser","TheSimpletonMod:Corn","TheSimpletonMod:Sunchoke"],"picked":"SKIP","floor":21.0},{"not_picked":["TheSimpletonMod:Sunchoke","TheSimpletonMod:CloseScrape","TheSimpletonMod:Rototilling","TheSimpletonMod:GoToMarket","TheSimpletonMod:Pruning"],"picked":"SKIP","floor":22.0},{"not_picked":[],"picked":"TheSimpletonMod:ErosionControl","floor":28.0},{"not_picked":[],"picked":"jedi:forcepull","floor":28.0},{"not_picked":[],"picked":"MostiFishMod:JungleRules","floor":28.0},{"not_picked":["TheSimpletonMod:Fertilaser"],"picked":"SKIP","floor":28.0},{"not_picked":["TheSimpletonMod:SlashAndBurn"],"picked":"SKIP","floor":28.0},{"not_picked":["TheSimpletonMod:Ferment"],"picked":"SKIP","floor":28.0},{"not_picked":["TheSimpletonMod:Onions"],"picked":"SKIP","floor":28.0},{"not_picked":["TheSimpletonMod:Sunchoke","TheSimpletonMod:CropRotation","TheSimpletonMod:Corn","TheSimpletonMod:Germinate","TheSimpletonMod:Thresh+1"],"picked":"SKIP","floor":30.0},{"not_picked":["TheSimpletonMod:Sunseed","TheSimpletonMod:Sunchoke+1","TheSimpletonMod:Corn","TheSimpletonMod:KeenEdge"],"picked":"TheSimpletonMod:SoilSample+1","floor":31.0},{"not_picked":["TheSimpletonMod:ErosionControl","TheSimpletonMod:ResearchGrant","TheSimpletonMod:SaltTheEarth","TheSimpletonMod:Photosynthesis"],"picked":"TheSimpletonMod:VolatileFumes","floor":33.0},{"not_picked":["TheSimpletonMod:SaladShooter","TheSimpletonMod:CloseScrape","TheSimpletonMod:StockTheCellar","TheSimpletonMod:Sunchoke+1","TheSimpletonMod:DigIn+1"],"picked":"SKIP","floor":35.0},{"not_picked":["TheSimpletonMod:SaladShooter","TheSimpletonMod:CloseScrape","TheSimpletonMod:StockTheCellar","TheSimpletonMod:Sunchoke+1","TheSimpletonMod:DigIn+1"],"picked":"SKIP","floor":35.0},{"not_picked":["TheSimpletonMod:SpiceUp","TheSimpletonMod:Fertilaser","TheSimpletonMod:Ferment+1","TheSimpletonMod:Corn+1","TheSimpletonMod:BumperCrop"],"picked":"SKIP","floor":36.0},{"not_picked":["TheSimpletonMod:DoubleBarrel","TheSimpletonMod:Innovate+1","TheSimpletonMod:Fertilaser+1","TheSimpletonMod:FlashPasteurize"],"picked":"TheSimpletonMod:Sunseed","floor":37.0},{"not_picked":["TheSimpletonMod:GoToMarket+1","TheSimpletonMod:StockTheCellar+1","TheSimpletonMod:Corn","TheSimpletonMod:BumperCrop+1"],"picked":"TheSimpletonMod:OnionBloom","floor":39.0},{"not_picked":["TheSimpletonMod:Aerate","TheSimpletonMod:DigIn","TheSimpletonMod:SaladShooter","TheSimpletonMod:Ferment+1"],"picked":"TheSimpletonMod:SoilSample+1","floor":40.0},{"not_picked":["TheSimpletonMod:TakeHeart","TheSimpletonMod:Pruning","TheSimpletonMod:Swelter","TheSimpletonMod:BumperCrop+1","TheSimpletonMod:VineRipen+1"],"picked":"SKIP","floor":41.0},{"not_picked":["TheSimpletonMod:Mulch","TheSimpletonMod:Onions","TheSimpletonMod:PestManagement","TheSimpletonMod:Ferment"],"picked":"TheSimpletonMod:Rake+1","floor":42.0},{"not_picked":["TheSimpletonMod:SoilSample","TheSimpletonMod:ToughenUp+1","TheSimpletonMod:DigIn+1","TheSimpletonMod:BumperCrop+1"],"picked":"TheSimpletonMod:OnionBloom+1","floor":46.0},{"not_picked":["TheSimpletonMod:CloseScrape+1","TheSimpletonMod:Corn","TheSimpletonMod:BumperCrop","TheSimpletonMod:SaladShooter"],"picked":"TheSimpletonMod:Onions+1","floor":47.0},{"not_picked":["TheSimpletonMod:Aerate+1","TheSimpletonMod:OnionBloom+1","TheSimpletonMod:SoilSample+1","TheSimpletonMod:Mulch+1","TheSimpletonMod:VineRipen+1"],"picked":"SKIP","floor":48.0}],"player_experience":243698,"relics_obtained":[{"floor":1.0,"key":"SynthV:TestCard"},{"floor":6.0,"key":"hubris:OldNail"},{"floor":7.0,"key":"Art of War"},{"floor":8.0,"key":"Oddly Smooth Stone"},{"floor":9.0,"key":"infinitespire:PuzzleCube"},{"floor":26.0,"key":"The Courier"},{"floor":28.0,"key":"hubris:FunFungus"},{"floor":28.0,"key":"TheSimpletonMod:PlanterBox"},{"floor":28.0,"key":"Technique"},{"floor":30.0,"key":"reliquary:QuartzCube"},{"floor":37.0,"key":"SentryEyes"},{"floor":40.0,"key":"jedi:gremlinknob"},{"floor":43.0,"key":"AT_Kusabimaru"},{"floor":47.0,"key":"MagicDraw3"},{"floor":51,"key":"Tiny Chest"},{"floor":51,"key":"AT_RedTearstoneRing"}],"event_choices":[{"damage_healed":0.0,"max_hp_gain":0.0,"max_hp_loss":0.0,"gold_gain":0.0,"event_name":"WeMeetAgain","player_choice":"Paid Gold","floor":2.0,"gold_loss":91.0,"damage_taken":0.0,"relics_obtained":["Happy Flower"]},{"damage_healed":0.0,"max_hp_gain":0.0,"max_hp_loss":0.0,"gold_gain":0.0,"event_name":"The Woman in Blue","player_choice":"Bought 0 Potions","floor":20.0,"gold_loss":0.0,"damage_taken":0.0},{"damage_healed":0.0,"max_hp_gain":0.0,"max_hp_loss":0.0,"gold_gain":0.0,"event_name":"Wheel of Change","player_choice":"Cursed","floor":24.0,"gold_loss":0.0,"damage_taken":0.0,"cards_obtained":["Decay"]},{"damage_healed":0.0,"max_hp_gain":0.0,"max_hp_loss":0.0,"gold_gain":0.0,"event_name":"Duplicator","player_choice":"Copied","floor":27.0,"gold_loss":0.0,"damage_taken":0.0,"cards_obtained":["TheSimpletonMod:Photosynthesis"]},{"damage_healed":0.0,"max_hp_gain":0.0,"max_hp_loss":0.0,"gold_gain":0.0,"event_name":"Mysterious Sphere","player_choice":"Fight","floor":37.0,"gold_loss":0.0,"damage_taken":0.0},{"cards_removed":["TheSimpletonMod:Strike_TheSimpleton"],"damage_healed":0.0,"max_hp_gain":0.0,"max_hp_loss":0.0,"gold_gain":0.0,"event_name":"Falling","player_choice":"Removed Attack","floor":44.0,"gold_loss":0.0,"damage_taken":0.0}],"is_beta":false,"boss_relics":[{"not_picked":["JellyFishMachine","reliquary:WritOfMandamus"],"picked":"Empty Cage"},{"not_picked":["jedi:hotpepper","reliquary:Ember"],"picked":"hubris:ScarierMask"},{"not_picked":["jedi:paperlyon","TheSimpletonMod:OnionBelt"],"picked":"REME_LowDesire"}],"items_purged_floors":[12,25,49],"is_endless":true,"potions_floor_spawned":[3,4,5,6,16,18,22,31,33,39,42,46,48,50],"ascension_level":0}}