{"host":"msfr2axb1w9025n0","time":1612411247,"event":{"mods":["BaseMod","Colored Map","DeckTracker","Minty Spire (QoL Compilation)","Relic Stats"],"gold_per_floor":[117,130,146,157,167,196,196,208,208,133,133,133,133,155,155,155,155],"floor_reached":16,"language":"ENG","playtime":418,"items_purged":["Defend_R"],"score":168,"play_id":"c7e7f568-781f-487f-8f68-590dc99fd5bb","local_time":"20210204110047","is_ascension_mode":true,"campfire_choices":[{"data":"Bash","floor":7,"key":"SMITH"},{"data":"Seeing Red","floor":12,"key":"SMITH"},{"data":"Flame Barrier","floor":15,"key":"SMITH"}],"circlet_count":0,"master_deck":["AscendersBane","Strike_R","Strike_R","Strike_R","Strike_R","Defend_R","Defend_R","Defend_R","Bash+1","Thunderclap","Cleave","Twin Strike","Seeing Red+1","Headbutt","Flame Barrier+1","Power Through"],"relics":["Burning Blood","NeowsBlessing","Ginger","Gremlin Horn","Odd Mushroom"],"acts_visited":["Exordium"],"potions_floor_usage":[8],"damage_taken":[{"damage":0.0,"enemies":"Jaw Worm","floor":1.0,"turns":1.0},{"damage":0.0,"enemies":"Small Slimes","floor":2.0,"turns":1.0},{"damage":0.0,"enemies":"2 Louse","floor":3.0,"turns":1.0},{"damage":0,"enemies":"Large Slime","floor":4,"turns":4},{"damage":12,"enemies":"Looter","floor":5,"turns":3},{"damage":45,"enemies":"3 Sentries","floor":6,"turns":6},{"damage":14,"enemies":"Exordium Wildlife","floor":8,"turns":3},{"damage":0,"enemies":"The Mushroom Lair","floor":14,"turns":2},{"damage":27,"enemies":"Hexaghost","floor":16,"turns":8}],"seed_played":"-7517199340720720209","potions_obtained":[{"floor":2.0,"key":"LiquidMemories"},{"floor":6,"key":"Fire Potion"},{"floor":8,"key":"ColorlessPotion"}],"is_trial":false,"path_per_floor":["M","M","M","M","M","E","R","M","T","$","?","R","?","?","R","B"],"character_chosen":"IRONCLAD","items_purchased":[],"campfire_rested":0,"item_purchase_floors":[],"current_hp_per_floor":[78,80,80,80,74,35,35,27,27,27,27,27,20,26,26,0,0],"gold":155,"neow_bonus":"THREE_ENEMY_KILL","is_daily":false,"chose_seed":false,"campfire_upgraded":3,"win_rate":0.0,"timestamp":1612411247,"path_taken":["M","M","M","M","M","E","R","M","T","$","?","R","?","?","R","BOSS"],"items_purchased_type":[],"build_version":"2020-12-22","purchased_purges":1,"victory":false,"max_hp_per_floor":[80,80,80,80,80,80,80,80,80,80,80,80,80,80,80,80,80],"relic_stats":{"Gremlin Horn":[2,2],"counters":[9,29],"Ginger":[0],"obtain_stats":[{"NeowsBlessing":0,"Gremlin Horn":9,"Ginger":6,"Odd Mushroom":14,"Burning Blood":0},{"NeowsBlessing":0,"Gremlin Horn":7,"Ginger":6,"Odd Mushroom":8,"Burning Blood":0},{"NeowsBlessing":0,"Gremlin Horn":19,"Ginger":16,"Odd Mushroom":21,"Burning Blood":0}],"Burning Blood":32},"card_choices":[{"not_picked":["Iron Wave","Armaments"],"picked":"Thunderclap","floor":1.0},{"not_picked":["Intimidate","Warcry","Anger"],"picked":"SKIP","floor":2.0},{"not_picked":["Ghostly Armor","Power Through"],"picked":"Cleave","floor":3.0},{"not_picked":["Wild Strike","Cleave"],"picked":"Twin Strike","floor":4},{"not_picked":["Evolve","Thunderclap"],"picked":"Seeing Red","floor":5},{"not_picked":["Rupture","Havoc"],"picked":"Headbutt","floor":6},{"not_picked":["Infernal Blade","Sentinel"],"picked":"Flame Barrier","floor":8},{"not_picked":["Iron Wave","Heavy Blade"],"picked":"Power Through","floor":14}],"player_experience":278283,"relics_obtained":[{"floor":6,"key":"Ginger"},{"floor":9,"key":"Gremlin Horn"},{"floor":14,"key":"Odd Mushroom"}],"event_choices":[{"damage_healed":0,"gold_gain":0,"player_choice":"Ignored","damage_taken":0,"max_hp_gain":0,"max_hp_loss":0,"event_name":"Liars Game","floor":11,"gold_loss":0},{"cards_removed":["Strike_R"],"damage_healed":0,"gold_gain":0,"player_choice":"Card Removal","damage_taken":7,"max_hp_gain":0,"max_hp_loss":0,"event_name":"Golden Wing","floor":13,"gold_loss":0},{"damage_healed":0,"gold_gain":0,"player_choice":"Fought Mushrooms","damage_taken":0,"max_hp_gain":0,"max_hp_loss":0,"event_name":"Mushrooms","floor":14,"gold_loss":0}],"is_beta":false,"boss_relics":[],"items_purged_floors":[10],"is_endless":false,"potions_floor_spawned":[2,6,8],"killed_by":"Hexaghost","ascension_level":13}}