{"host":"k5fgrtcqzqosfxt0","time":1612427798,"event":{"mods":["Act Like it!","Aspiration","BaseMod","Downfall","Gensokyo","Minty Spire (QoL Compilation)","StSLib","TestMod","The Runesmith","UnlockEverythingMod"],"gold_per_floor":[115,125,125,525,545,545,563,563,563,563,575,216,227,242,242,242,242],"floor_reached":16,"language":"ZHS","playtime":690,"items_purged":["Strike_G"],"score":238,"play_id":"b88e9153-e6a8-434d-b437-b65f101b7af3","local_time":"20210204163638","is_ascension_mode":true,"campfire_choices":[{"data":"Dagger Spray","floor":6,"key":"SMITH"},{"floor":10,"key":"REST"},{"data":"Neutralize","floor":15,"key":"SMITH"}],"circlet_count":0,"master_deck":["AscendersBane","Strike_G","Strike_G+1","Strike_G","Defend_G","Defend_G","Defend_G","Defend_G+1","Defend_G","Survivor","Neutralize+1","Acrobatics","Acrobatics","Dagger Spray+1","Well Laid Plans","Bane","After Image"],"relics":["Ring of the Snake","testmod-HarvestTotem","aspiration:Nostalgia","Guardian:ModeShifter","White Beast Statue","Mummified Hand"],"acts_visited":["Exordium"],"potions_floor_usage":[2,14,16],"damage_taken":[{"damage":11,"enemies":"Jaw Worm","floor":1,"turns":5},{"damage":21,"enemies":"Cultist","floor":2,"turns":6},{"damage":6,"enemies":"2 Louse","floor":5,"turns":4},{"damage":6,"enemies":"Blue Slaver","floor":7,"turns":6},{"damage":3,"enemies":"2 Fungi Beasts","floor":11,"turns":4},{"damage":1,"enemies":"Exordium Wildlife","floor":13,"turns":3},{"damage":4,"enemies":"3 Louse","floor":14,"turns":3},{"damage":57,"enemies":"Hexaghost","floor":16,"turns":10}],"seed_played":"-1049649300596990","potions_obtained":[{"floor":1,"key":"testmod-SpacePotion"},{"floor":7,"key":"EssenceOfSteel"},{"floor":11,"key":"Ancient Potion"},{"floor":13,"key":"PowerPotion"},{"floor":14,"key":"Fire Potion"}],"is_trial":false,"path_per_floor":["M","M","?","?","M","R","M","?","T","R","M","$","M","M","R","B"],"character_chosen":"THE_SILENT","items_purchased":["Mummified Hand"],"campfire_rested":1,"item_purchase_floors":[12],"current_hp_per_floor":[114,93,53,53,47,47,41,41,41,119,116,116,115,111,111,54,54],"gold":242,"neow_bonus":"NOSTALGIA","is_daily":false,"chose_seed":false,"campfire_upgraded":2,"win_rate":0.0,"timestamp":1612427798,"path_taken":["M","M","?","?","M","R","?","?","T","R","?","$","M","M","R","BOSS"],"items_purchased_type":["Relic"],"build_version":"2020-12-22","purchased_purges":1,"victory":false,"max_hp_per_floor":[132,132,132,132,132,132,132,132,132,132,132,132,132,132,132,132,132],"card_choices":[{"not_picked":["All Out Attack","Blade Dance"],"picked":"Acrobatics","floor":1},{"not_picked":["Bane","Blade Dance"],"picked":"Acrobatics","floor":2},{"not_picked":["Quick Slash","Acrobatics"],"picked":"Dagger Spray","floor":5},{"not_picked":["Skewer","Setup"],"picked":"Well Laid Plans","floor":7},{"not_picked":["Infinite Blades","Quick Slash","Dodge and Roll"],"picked":"SKIP","floor":11},{"not_picked":["Underhanded Strike","Endless Agony"],"picked":"After Image","floor":13},{"not_picked":["Blade Dance","Accuracy","Acrobatics"],"picked":"SKIP","floor":14}],"player_experience":621087,"relics_obtained":[{"floor":9,"key":"White Beast Statue"}],"event_choices":[{"damage_healed":0,"gold_gain":0,"player_choice":"Entered Light","damage_taken":40,"max_hp_gain":0,"max_hp_loss":0,"event_name":"Shining Light","floor":3,"gold_loss":0,"cards_upgraded":["Defend_G","Strike_G"]},{"damage_healed":0,"gold_gain":400,"player_choice":"Sell","damage_taken":0,"max_hp_gain":0,"max_hp_loss":0,"event_name":"¶÷ÂåË¹µÄÅÌ×Ó","floor":4,"relics_lost":["testmod-TestBox"],"gold_loss":0},{"damage_healed":0,"gold_gain":0,"cards_transformed":["Strike_G"],"player_choice":"Transformed","damage_taken":0,"max_hp_gain":0,"max_hp_loss":0,"event_name":"Transmorgrifier","floor":8,"gold_loss":0,"cards_obtained":["Bane"]}],"is_beta":false,"boss_relics":[],"items_purged_floors":[12],"is_endless":false,"potions_floor_spawned":[1,7,11,13,14],"killed_by":"Hexaghost","ascension_level":20}}