{"host":"92wx9z21c4p52du4","time":1612480223,"event":{"mods":["BaseMod","Downfall","Hermit","Minty Spire (QoL Compilation)","Reliquary","StSLib","The Hierophant"],"gold_per_floor":[0,15,15,32,32,43,43,58,5,16,26,44,73,134,152,248,248,148,158,158,158,158,173,173,173,12,41,26,44,63,74,74,74,74],"floor_reached":32,"language":"ENG","playtime":1993,"items_purged":[],"score":291,"play_id":"9d1ab018-87f9-4b3a-a59d-946074f69f56","local_time":"20210204171023","is_ascension_mode":false,"campfire_choices":[{"data":"Magnetism","floor":1,"key":"SMITH"},{"data":"bronze:Virus","floor":18,"key":"SMITH"}],"circlet_count":0,"master_deck":["bronze:Strike","bronze:Strike","bronze:Strike","bronze:Defend+1","bronze:Defend","bronze:Defend","bronze:Defend","bronze:Replicate","bronze:Goto","Magnetism+1","bronze:Iterate+1","bronze:DelayedSlice+1","bronze:Shield","bronze:FineTuning","bronze:GetLatest","bronze:MaxOutput+1","bronze:Branch","bronze:Virus+1","bronze:BuggyMess","bronze:Optimize","bronze:BronzeOrb","bronze:ThunderWave","bronze:BugBarrage","bronze:CloningBeam","bronze:Allocate+1","downfall:Haunted","bronze:Safeguard","bronze:Shield","bronze:SpaghettiCode","bronze:ItsAFeature","bronze:FineTuning"],"relics":["bronze:BronzeCore","Sundial","reliquary:NewFriend","Lizard Tail","Cursed Key","downfall:HeartBlessingGreen","Nilry\u0027s Codex","reliquary:QuartzCube","Strange Spoon","Mango"],"acts_visited":["Exordium","TheCity"],"potions_floor_usage":[13,14,14,26,27],"damage_taken":[{"damage":10,"enemies":"Small Slimes","floor":2,"turns":3},{"damage":9,"enemies":"2 Louse","floor":4,"turns":3},{"damage":1,"enemies":"Jaw Worm","floor":6,"turns":3},{"damage":0,"enemies":"Gremlin Gang","floor":8,"turns":2},{"damage":10,"enemies":"downfall:FleeingMerchant","floor":9,"turns":4},{"damage":5,"enemies":"3 Louse","floor":10,"turns":2},{"damage":1,"enemies":"2 Fungi Beasts","floor":11,"turns":3},{"damage":4,"enemies":"Blue Slaver","floor":12,"turns":2},{"damage":0,"enemies":"Gremlin Nob","floor":13,"turns":2},{"damage":7,"enemies":"Lagavulin Event","floor":14,"turns":5},{"damage":13,"enemies":"Red Slaver","floor":15,"turns":3},{"damage":28,"enemies":"IC_STATUS_ARCHETYPE","floor":16,"turns":10},{"damage":0,"enemies":"Shell Parasite","floor":19,"turns":2},{"damage":1,"enemies":"Spheric Guardian","floor":23,"turns":3},{"damage":0,"enemies":"downfall:FleeingMerchant","floor":26,"turns":4},{"damage":24,"enemies":"Gremlin Leader","floor":27,"turns":4},{"damage":2,"enemies":"downfall:FleeingMerchant","floor":28,"turns":4},{"damage":0,"enemies":"Cultist and Chosen","floor":29,"turns":3},{"damage":5,"enemies":"Centurion and Healer","floor":30,"turns":3},{"damage":19,"enemies":"Snecko","floor":31,"turns":5},{"damage":9,"enemies":"Snake Plant","floor":32,"turns":2}],"seed_played":"-6991456924133381956","potions_obtained":[{"floor":10,"key":"DistilledChaos"},{"floor":11,"key":"Block Potion"},{"floor":13,"key":"GamblersBrew"},{"floor":14,"key":"Ancient Potion"},{"floor":16,"key":"EssenceOfSteel"},{"floor":19,"key":"Swift Potion"}],"is_trial":false,"path_per_floor":["R","M","?","M","?","M","T","M","$","M","M","M","E","?","M","B",null,"R","M","?","?","?","M","T","?","$","E","$","M","M","M","M"],"character_chosen":"THE_AUTOMATON","items_purchased":["bronze:MaxOutput","Strange Spoon"],"campfire_rested":0,"item_purchase_floors":[9,26],"current_hp_per_floor":[70,60,60,51,51,50,50,50,40,35,34,30,30,23,10,26,70,70,70,70,54,54,53,53,45,45,35,33,33,28,9,0,0,0],"gold":74,"neow_bonus":"RANDOM_COLORLESS_2","is_daily":false,"chose_seed":false,"campfire_upgraded":2,"win_rate":0.0,"timestamp":1612480223,"path_taken":["R","M","?","M","?","M","T","M","?","M","?","M","E","?","M","BOSS","R","M","?","?","?","M","T","?","$","E","$","M","M","?","M"],"items_purchased_type":["Card","Relic"],"build_version":"2020-12-22","purchased_purges":0,"victory":false,"max_hp_per_floor":[70,70,70,70,70,70,70,70,70,70,70,70,70,70,70,70,70,70,70,70,70,70,70,70,70,70,84,84,84,84,84,84,84,84],"card_choices":[{"not_picked":["Chrysalis","Thinking Ahead"],"picked":"Magnetism","floor":0},{"not_picked":["bronze:DelayedGuard","bronze:Invalidate"],"picked":"bronze:Iterate","floor":2},{"not_picked":["bronze:OilSpill","bronze:Separator"],"picked":"bronze:DelayedSlice","floor":4},{"not_picked":["bronze:Turbo","bronze:OilSpill"],"picked":"bronze:Shield","floor":6},{"not_picked":["bronze:WildBeam","bronze:Iterate"],"picked":"bronze:FineTuning","floor":8},{"not_picked":["bronze:Flail","bronze:WhirlingStrike"],"picked":"bronze:GetLatest","floor":9},{"not_picked":["bronze:OilSpill","bronze:DelayedSlice"],"picked":"bronze:Branch","floor":10},{"not_picked":["bronze:Safeguard","bronze:BugBarrage"],"picked":"bronze:Virus","floor":11},{"not_picked":["bronze:Constructor","bronze:Return"],"picked":"bronze:BuggyMess","floor":12},{"not_picked":["bronze:Frontload","bronze:Invalidate","bronze:DelayedGuard"],"picked":"SKIP","floor":13},{"not_picked":["bronze:CutThrough","bronze:Shield"],"picked":"bronze:Optimize","floor":14},{"not_picked":["bronze:Deprecate","bronze:Invalidate"],"picked":"bronze:BronzeOrb","floor":15},{"not_picked":["bronze:Assembly","bronze:Virus"],"picked":"bronze:ThunderWave","floor":16},{"not_picked":["bronze:BuggyMess","bronze:Shield+1"],"picked":"bronze:BugBarrage","floor":19},{"not_picked":["bronze:Branch+1","bronze:BitShift"],"picked":"bronze:Allocate+1","floor":23},{"not_picked":["bronze:DarkDash","bronze:OilSpill"],"picked":"bronze:Safeguard","floor":26},{"not_picked":["bronze:WildBeam","bronze:Separator"],"picked":"bronze:Shield","floor":27},{"not_picked":["bronze:CloningBeam+1","bronze:Overload"],"picked":"bronze:SpaghettiCode","floor":28},{"not_picked":["bronze:WhirlingStrike","bronze:Optimize+1","bronze:BugBarrage"],"picked":"SKIP","floor":29},{"not_picked":["bronze:Turbo","bronze:Optimize+1"],"picked":"bronze:ItsAFeature","floor":30},{"not_picked":["bronze:Refactor","bronze:DelayedSlice"],"picked":"bronze:FineTuning","floor":31}],"player_experience":270951,"relics_obtained":[{"floor":7,"key":"Sundial"},{"floor":13,"key":"reliquary:NewFriend"},{"floor":14,"key":"Lizard Tail"},{"floor":21,"key":"Nilry\u0027s Codex"},{"floor":24,"key":"reliquary:QuartzCube"},{"floor":27,"key":"Mango"}],"event_choices":[{"cards_removed":["bronze:Strike"],"damage_healed":0,"gold_gain":0,"player_choice":"Card Removal","damage_taken":0,"max_hp_gain":0,"max_hp_loss":0,"event_name":"The Cleric","floor":3,"gold_loss":0},{"damage_healed":0,"gold_gain":0,"player_choice":"Read","damage_taken":0,"max_hp_gain":0,"max_hp_loss":0,"event_name":"The Library","floor":20,"gold_loss":0,"cards_obtained":["bronze:CloningBeam"]},{"damage_healed":0,"gold_gain":0,"player_choice":"Ignored","damage_taken":0,"max_hp_gain":0,"max_hp_loss":0,"event_name":"Vampires","floor":22,"gold_loss":0}],"is_beta":false,"boss_relics":[{"not_picked":["SacredBark","Fusion Hammer"],"picked":"Cursed Key"}],"items_purged_floors":[],"is_endless":false,"potions_floor_spawned":[10,11,13,14,16,19],"killed_by":"Snake Plant","ascension_level":0}}