{"host":"w4b7hmige5bnqipq","time":1612466090,"event":{"mods":["2.2 Compatiblity","BaseMod","Colored Map","DeckTracker","Keyboard Shortcuts","Minty Spire (QoL Compilation)","Permanent Neow","Rare Cards Sparkle","SuperFastMode","everything is the same but u backflip on backflip","slay the spire mod where everything is the same but ironclad has a cowboy hat"],"gold_per_floor":[135,169,169,169,204,204,224,224],"floor_reached":7,"language":"KOR","playtime":149,"items_purged":[],"score":66,"play_id":"5d5072c9-8b2c-474d-9d7f-70c487b2d4b5","local_time":"20210205041450","is_ascension_mode":true,"campfire_choices":[{"floor":6,"key":"REST"}],"circlet_count":0,"master_deck":["AscendersBane","Strike_B","Strike_B+1","Strike_B","Strike_B","Defend_B","Defend_B","Defend_B","Defend_B+1","Zap","Dualcast","HandOfGreed","Capacitor","Cold Snap","Go for the Eyes"],"relics":["Cracked Core","Calipers"],"acts_visited":["Exordium"],"potions_floor_usage":[],"damage_taken":[{"damage":1,"enemies":"Cultist","floor":1,"turns":4},{"damage":2,"enemies":"2 Louse","floor":2,"turns":2},{"damage":16,"enemies":"Small Slimes","floor":5,"turns":5},{"damage":36,"enemies":"3 Sentries","floor":7,"turns":5}],"seed_played":"-3490321911765799845","potions_obtained":[{"floor":1,"key":"Energy Potion"},{"floor":2,"key":"Weak Potion"}],"is_trial":false,"path_per_floor":["M","M","?","?","M","R","E"],"character_chosen":"DEFECT","items_purchased":[],"campfire_rested":1,"item_purchase_floors":[],"current_hp_per_floor":[49,47,32,25,9,31,0,0],"gold":224,"neow_bonus":"RANDOM_COLORLESS_2","is_daily":false,"chose_seed":false,"campfire_upgraded":0,"win_rate":0.0,"timestamp":1612466090,"path_taken":["M","M","?","?","M","R","E"],"items_purchased_type":[],"build_version":"2020-12-22","purchased_purges":0,"victory":false,"max_hp_per_floor":[75,75,75,75,75,75,75,75],"card_choices":[{"not_picked":["Thinking Ahead","The Bomb"],"picked":"HandOfGreed","floor":0},{"not_picked":["Lockon","Gash"],"picked":"Capacitor","floor":1},{"not_picked":["Hello World","Capacitor"],"picked":"Cold Snap","floor":2},{"not_picked":["Auto Shields","Compile Driver"],"picked":"Go for the Eyes","floor":5}],"player_experience":700111,"relics_obtained":[],"event_choices":[{"damage_healed":0,"gold_gain":0,"player_choice":"Entered Light","damage_taken":15,"max_hp_gain":0,"max_hp_loss":0,"event_name":"Shining Light","floor":3,"gold_loss":0,"cards_upgraded":["Defend_B","Strike_B"]},{"damage_healed":0,"gold_gain":0,"player_choice":"Success","damage_taken":7,"relics_obtained":["Calipers"],"max_hp_gain":0,"max_hp_loss":0,"event_name":"Scrap Ooze","floor":4,"gold_loss":0}],"is_beta":false,"boss_relics":[],"items_purged_floors":[],"is_endless":false,"potions_floor_spawned":[1,2],"killed_by":"3 Sentries","ascension_level":12}}