{"host":"gudagy66iu284b8o","time":1612428193,"event":{"mods":["Aspiration","BaseMod","Colored Map","Colored Powertips","Downfall","Marisa（F雨　魔理沙）","Minty Spire (QoL Compilation)","Remilia（蕾米莉亚）","StSLib","Td1madao Mod","WarShipGirlsR/战舰少女R mod","Yuri Mod","篝火指南"],"gold_per_floor":[109,109,119,119,119,148,148,148,148,161,171,171,171,171,171,295,295,320,0,0,0,25,64,64,64,64,12,33,48,8,8,8],"floor_reached":31,"language":"ZHS","playtime":1210,"items_purged":["Regret"],"score":289,"play_id":"ec97050c-b12d-473d-a443-125188c48559","local_time":"20210204164313","is_ascension_mode":true,"campfire_choices":[{"floor":7,"key":"REST"},{"data":"Hello World","floor":12,"key":"SMITH"},{"data":"Zap","floor":15,"key":"SMITH"},{"floor":24,"key":"REST"}],"circlet_count":0,"master_deck":["Strike_B","Strike_B","Strike_B","Defend_B","Defend_B","Defend_B","Defend_B","Zap+1","Dualcast","Hello World+1","Beam Cell","Cold Snap","Defragment","Conserve Battery","Creative AI","Writhe","Hello World+1","Turbo","Self Repair"],"relics":["Cracked Core","Kunai","Mummified Hand","Golden Idol","Akabeko","SacredBark","Bottled Tornado","yuri:PortableGlitches","CultistMask","Vajra","Bird Faced Urn"],"acts_visited":["Exordium","TheCity"],"potions_floor_usage":[23],"damage_taken":[{"damage":8,"enemies":"2 Louse","floor":1,"turns":3},{"damage":3,"enemies":"Jaw Worm","floor":3,"turns":4},{"damage":18,"enemies":"Gremlin Nob","floor":6,"turns":3},{"damage":0,"enemies":"Small Slimes","floor":10,"turns":2},{"damage":5,"enemies":"Blue Slaver","floor":11,"turns":3},{"damage":45,"enemies":"Slime Boss","floor":16,"turns":14},{"damage":12,"enemies":"3 Byrds","floor":18,"turns":6},{"damage":22,"enemies":"Shell Parasite","floor":22,"turns":7},{"damage":32,"enemies":"Slavers","floor":23,"turns":6},{"damage":32,"enemies":"Centurion and Healer","floor":28,"turns":7},{"damage":10,"enemies":"Chosen and Byrds","floor":29,"turns":6},{"damage":39,"enemies":"Gremlin Leader","floor":31,"turns":3}],"seed_played":"6678104954297298088","potions_obtained":[{"floor":1,"key":"BlessingOfTheForge"},{"floor":11,"key":"Fire Potion"},{"floor":28,"key":"PowerPotion"}],"is_trial":false,"path_per_floor":["M","?","M","T","?","E","R","$","T","M","M","R","?","?","R","B",null,"M","$","?","?","M","E","R","$","T","$","M","M","$","E"],"character_chosen":"DEFECT","items_purchased":["Bottled Tornado","FocusPotion","Self Repair"],"campfire_rested":2,"item_purchase_floors":[19,27,30],"current_hp_per_floor":[74,74,71,71,64,46,70,70,70,70,65,65,65,65,65,20,76,64,64,64,64,42,10,32,32,32,32,16,24,24,0,0],"gold":8,"neow_bonus":"TEN_PERCENT_HP_BONUS","is_daily":false,"chose_seed":false,"campfire_upgraded":2,"win_rate":0.0,"timestamp":1612428193,"path_taken":["M","?","M","?","?","E","R","$","T","M","?","R","?","?","R","BOSS","M","$","?","?","?","E","R","$","T","$","M","M","?","E"],"items_purchased_type":["Relic","Potion","Card"],"build_version":"2020-12-22","purchased_purges":1,"victory":false,"max_hp_per_floor":[82,82,82,82,82,82,82,82,82,82,82,82,76,76,76,76,76,76,76,76,76,76,76,76,76,76,76,76,76,76,76,76],"card_choices":[{"not_picked":["Consume","Heatsinks"],"picked":"Hello World","floor":1},{"not_picked":["Streamline","Go for the Eyes"],"picked":"Beam Cell","floor":3},{"not_picked":["Chill","Auto Shields"],"picked":"Cold Snap","floor":6},{"not_picked":["Cold Snap","Ball Lightning"],"picked":"Defragment","floor":10},{"not_picked":["Reinforced Body","Sunder"],"picked":"Conserve Battery","floor":11},{"not_picked":["Meteor Strike","Fission"],"picked":"Creative AI","floor":16},{"not_picked":["Undo","White Noise","Sweeping Beam"],"picked":"SKIP","floor":18},{"not_picked":["FTL+1","Double Energy"],"picked":"Hello World+1","floor":22},{"not_picked":["All For One","Leap","Cold Snap+1"],"picked":"SKIP","floor":23},{"not_picked":["Streamline","Conserve Battery"],"picked":"Turbo","floor":28},{"not_picked":["Stack","Chaos","Barrage"],"picked":"SKIP","floor":29}],"player_experience":10593,"relics_obtained":[{"floor":6,"key":"Kunai"},{"floor":9,"key":"Mummified Hand"},{"floor":23,"key":"Vajra"},{"floor":26,"key":"Bird Faced Urn"}],"event_choices":[{"cards_removed":["Strike_B"],"damage_healed":0,"gold_gain":0,"player_choice":"Card Removal","damage_taken":7,"max_hp_gain":0,"max_hp_loss":0,"event_name":"Golden Wing","floor":5,"gold_loss":0},{"damage_healed":0,"gold_gain":0,"player_choice":"Lose Max HP","damage_taken":0,"relics_obtained":["Golden Idol"],"max_hp_gain":0,"max_hp_loss":6,"event_name":"Golden Idol","floor":13,"gold_loss":0},{"damage_healed":0,"gold_gain":0,"player_choice":"Box","damage_taken":0,"relics_obtained":["Akabeko"],"max_hp_gain":0,"max_hp_loss":0,"event_name":"Big Fish","floor":14,"gold_loss":0,"cards_obtained":["Regret"]},{"damage_healed":0,"gold_gain":0,"player_choice":"Opened","damage_taken":0,"relics_obtained":["yuri:PortableGlitches"],"max_hp_gain":0,"max_hp_loss":0,"event_name":"The Mausoleum","floor":20,"gold_loss":0,"cards_obtained":["Writhe"]},{"damage_healed":0,"gold_gain":0,"player_choice":"Trade","damage_taken":0,"relics_obtained":["CultistMask"],"max_hp_gain":0,"max_hp_loss":0,"event_name":"FaceTrader","floor":21,"gold_loss":0}],"is_beta":false,"boss_relics":[{"not_picked":["aspiration:WatcherSkillbook","Coffee Dripper"],"picked":"SacredBark"}],"items_purged_floors":[19],"is_endless":false,"potions_floor_spawned":[1,11,28],"killed_by":"Gremlin Leader","ascension_level":3}}