{"host":"idjwbq71yrpkph1r","time":1612473750,"event":{"mods":["AchievementEnabler","Alarm Clock","BaseMod","Block Reminder","Colored Map","Colored Powertips","Minty Spire (QoL Compilation)","Morshu Shopkeeper","Rare Cards Sparkle","StSLib","everything is the same but u backflip on backflip"],"gold_per_floor":[119,119,219,239,254,254,271,146,146,180,255,271,271,15,15,112,112,132,148,148,23,39,39,59,59,59,59,59,9,23,35,35,35,35],"floor_reached":33,"language":"ENG","playtime":1190,"items_purged":["Defend_B","Strike_B","Strike_B","Writhe"],"score":296,"play_id":"e644a5ff-dbef-493f-8b81-26b875483c1b","local_time":"20210204222230","is_ascension_mode":true,"campfire_choices":[{"data":"Chill","floor":6,"key":"SMITH"},{"floor":15,"key":"REST"},{"floor":28,"key":"REST"},{"floor":32,"key":"REST"}],"circlet_count":0,"master_deck":["Strike_B","Defend_B","Defend_B","Defend_B","Zap","Dualcast","Capacitor","Chill+1","Go for the Eyes","FTL","Streamline","Scrape","All For One","BootSequence","Beam Cell","Go for the Eyes","Defragment+1"],"relics":["Cracked Core","Unceasing Top","InkBottle","Boot","Strange Spoon","SlaversCollar","MutagenicStrength","Smiling Mask","Frozen Egg 2"],"acts_visited":["Exordium","TheCity"],"potions_floor_usage":[30,33],"damage_taken":[{"damage":3,"enemies":"Small Slimes","floor":1,"turns":3},{"damage":8,"enemies":"2 Louse","floor":4,"turns":2},{"damage":0,"enemies":"Cultist","floor":5,"turns":3},{"damage":0,"enemies":"2 Fungi Beasts","floor":7,"turns":4},{"damage":32,"enemies":"Gremlin Nob","floor":10,"turns":5},{"damage":0,"enemies":"Large Slime","floor":12,"turns":3},{"damage":27,"enemies":"Hexaghost","floor":16,"turns":10},{"damage":17,"enemies":"Spheric Guardian","floor":18,"turns":4},{"damage":0,"enemies":"Chosen","floor":19,"turns":4},{"damage":33,"enemies":"Shelled Parasite and Fungi","floor":22,"turns":6},{"damage":27,"enemies":"Snecko","floor":24,"turns":5},{"damage":4,"enemies":"Snake Plant","floor":30,"turns":4},{"damage":0,"enemies":"3 Cultists","floor":31,"turns":6},{"damage":56,"enemies":"Collector","floor":33,"turns":7}],"seed_played":"7780956588788844145","potions_obtained":[{"floor":4,"key":"SneckoOil"},{"floor":7,"key":"BlessingOfTheForge"},{"floor":10,"key":"GamblersBrew"},{"floor":12,"key":"SpeedPotion"},{"floor":30,"key":"FearPotion"},{"floor":31,"key":"Strength Potion"}],"is_trial":false,"path_per_floor":["M","?","?","M","M","R","M","$","T","E","?","M","?","$","R","B",null,"M","M","?","$","M","?","M","?","T","?","R","$","M","M","R","B"],"character_chosen":"DEFECT","items_purchased":["Streamline","Strange Spoon"],"campfire_rested":3,"item_purchase_floors":[8,14],"current_hp_per_floor":[79,72,72,64,64,64,64,64,64,32,21,21,21,21,45,18,82,65,65,65,65,32,32,5,5,5,5,29,29,25,25,49,0,0],"gold":35,"neow_bonus":"TEN_PERCENT_HP_BONUS","is_daily":false,"chose_seed":false,"campfire_upgraded":1,"win_rate":0.0,"timestamp":1612473750,"path_taken":["M","?","?","M","?","R","M","$","T","E","?","M","?","$","R","BOSS","M","M","?","$","M","?","M","?","T","?","R","$","?","M","R","BOSS"],"items_purchased_type":["Card","Relic"],"build_version":"2020-12-22","purchased_purges":4,"victory":false,"max_hp_per_floor":[82,82,82,82,82,82,82,82,82,82,82,82,82,82,82,82,82,82,82,82,82,82,82,82,82,82,82,82,82,82,82,82,82,82],"card_choices":[{"not_picked":["Streamline","Rebound"],"picked":"Capacitor","floor":1},{"not_picked":["Chaos","Steam"],"picked":"Chill","floor":4},{"not_picked":["Rebound","Barrage"],"picked":"Go for the Eyes","floor":5},{"not_picked":["Streamline","Consume"],"picked":"FTL","floor":7},{"not_picked":["Doom and Gloom","Fusion"],"picked":"Scrape","floor":10},{"not_picked":["Hologram","Heatsinks","Static Discharge"],"picked":"SKIP","floor":12},{"not_picked":["Core Surge","Reboot"],"picked":"All For One","floor":16},{"not_picked":["Steam Power","Recycle"],"picked":"BootSequence","floor":18},{"not_picked":["Hologram","Go for the Eyes"],"picked":"Beam Cell","floor":19},{"not_picked":["Redo","Steam","Loop"],"picked":"SKIP","floor":22},{"not_picked":["Chaos+1","Glacier"],"picked":"Go for the Eyes","floor":24},{"not_picked":["Blizzard","Cold Snap"],"picked":"Defragment+1","floor":30},{"not_picked":["Sweeping Beam","Steam Power","Rebound"],"picked":"SKIP","floor":31}],"player_experience":329225,"relics_obtained":[{"floor":9,"key":"InkBottle"},{"floor":10,"key":"Boot"},{"floor":26,"key":"Frozen Egg 2"}],"event_choices":[{"damage_healed":0,"gold_gain":0,"player_choice":"Success","damage_taken":7,"relics_obtained":["Unceasing Top"],"max_hp_gain":0,"max_hp_loss":0,"event_name":"Scrap Ooze","floor":2,"gold_loss":0},{"damage_healed":0,"gold_gain":100,"player_choice":"Pray","damage_taken":0,"max_hp_gain":0,"max_hp_loss":0,"event_name":"Golden Shrine","floor":3,"gold_loss":0},{"damage_healed":0,"gold_gain":75,"player_choice":"Gather Gold","damage_taken":11,"max_hp_gain":0,"max_hp_loss":0,"event_name":"World of Goop","floor":11,"gold_loss":0},{"damage_healed":0,"gold_gain":0,"player_choice":"Ignored","damage_taken":0,"max_hp_gain":0,"max_hp_loss":0,"event_name":"Liars Game","floor":13,"gold_loss":0},{"damage_healed":0,"gold_gain":0,"player_choice":"Inject Mutagens","damage_taken":0,"relics_obtained":["MutagenicStrength"],"max_hp_gain":0,"max_hp_loss":0,"event_name":"Drug Dealer","floor":20,"gold_loss":0},{"damage_healed":0,"gold_gain":0,"player_choice":"Opened","damage_taken":0,"relics_obtained":["Smiling Mask"],"max_hp_gain":0,"max_hp_loss":0,"event_name":"The Mausoleum","floor":23,"gold_loss":0,"cards_obtained":["Writhe"]},{"damage_healed":0,"gold_gain":0,"player_choice":"Ignored","damage_taken":0,"max_hp_gain":0,"max_hp_loss":0,"event_name":"Ghosts","floor":25,"gold_loss":0},{"cards_removed":["Strike_B"],"damage_healed":0,"gold_gain":0,"player_choice":"Elegance","damage_taken":0,"max_hp_gain":0,"max_hp_loss":0,"event_name":"Back to Basics","floor":27,"gold_loss":0}],"is_beta":false,"boss_relics":[{"not_picked":["Astrolabe","Fusion Hammer"],"picked":"SlaversCollar"}],"items_purged_floors":[8,14,21,29],"is_endless":false,"potions_floor_spawned":[4,7,10,12,19,30,31],"killed_by":"Collector","ascension_level":4}}