{"host":"x730sfaw5rd1mxd8","time":1612406585,"event":{"mods":["BaseMod","BetterRewards","Colored Powertips","Highlight Path","Minty Spire (QoL Compilation)","Relic Sorter","Relic Stats","Replay The Spire","StSLib"],"gold_per_floor":[122,154,185,209,234,234,272,103,103,127,168,168,194,194,194,307,307,337,437,458,495,528,570,570,617,617,653,793,793,821,865,865,981,981,1024,1024,1055,606,649,649,706,751,804,867,867,967,967,1024,1024,1050,1050,1050,452,525,545],"floor_reached":56,"language":"ENG","playtime":3351,"items_purged":["Strike_B","Strike_B","Strike_B","Defend_B","Defend_B"],"score":2397,"play_id":"bc8b2db7-a546-4f3d-a56f-c3e335173b1b","local_time":"20210203214305","is_ascension_mode":true,"campfire_choices":[{"data":"Loop","floor":6,"key":"SMITH"},{"data":"Apotheosis","floor":12,"key":"SMITH"},{"data":"Loop","floor":15,"key":"SMITH"},{"data":"Echo Form","floor":24,"key":"SMITH"},{"data":"Biased Cognition","floor":29,"key":"SMITH"},{"floor":32,"key":"REST"},{"floor":40,"key":"RECALL"},{"data":"ReplaySolidLightProjector","floor":45,"key":"SMITH"},{"data":"Seek","floor":47,"key":"SMITH"},{"data":"Defend_B","floor":49,"key":"PURGE"},{"data":"Seek","floor":52,"key":"SMITH"}],"circlet_count":0,"master_deck":["AscendersBane","Strike_B","Zap","Dualcast","Loop+1","Cold Snap+1","Gash","Cold Snap+1","Ball Lightning","Sweeping Beam","Hologram","Cold Snap","Loop+1","Gash","Seek+1","Apotheosis+1","White Noise","Ball Lightning","Coolheaded","Gash","Electrodynamics","Go for the Eyes+1","Gash","Echo Form+1","Stack+1","Barrage+1","Biased Cognition+1","ReplayTheSpireMod:Calculation Training+1","Turbo+1","Seek+1","Gash","Skim+1","Fusion+1","Flash of Steel","Defragment+1","Gash+1","ReplaySolidLightProjector+1","Gash","Coolheaded+1"],"relics":["Cracked Core","FossilizedHelix","Replay:Bandana","Replay:Kaleidoscope","Anchor","Prayer Wheel","Runic Capacitor","ReplayFunnel","MealTicket","Question Card","Replay:Bronze Core","Pen Nib","Girya","ReplayTheSpireMod:Ninjato","Torii","Pantograph","Counterbalance","Busted Crown","ReplayTheSpireMod:Lightbulb","CeramicFish","Boot","Happy Flower","ReplayTheSpireMod:TigerMarble","Replay:Bottled Flurry","StrikeDummy"],"acts_visited":["Exordium","TheCity","TheBeyond","TheEnding"],"potions_floor_usage":[7,11,21,22,22,28,28,42,48,55,55,55],"damage_taken":[{"damage":0,"enemies":"Cultist","floor":1,"turns":3},{"damage":0,"enemies":"2 Louse","floor":2,"turns":2},{"damage":0,"enemies":"Small Slimes","floor":3,"turns":3},{"damage":0,"enemies":"Exordium Thugs","floor":4,"turns":4},{"damage":0,"enemies":"Red Slaver","floor":5,"turns":3},{"damage":0,"enemies":"3 Sentries","floor":7,"turns":5},{"damage":0,"enemies":"Large Slime","floor":10,"turns":3},{"damage":0,"enemies":"Gremlin Nob","floor":11,"turns":2},{"damage":0,"enemies":"3 Louse","floor":13,"turns":3},{"damage":1,"enemies":"The Guardian","floor":16,"turns":8},{"damage":0,"enemies":"Chosen","floor":18,"turns":4},{"damage":0,"enemies":"Spheric Guardian","floor":20,"turns":3},{"damage":0,"enemies":"Centurion and Healer","floor":21,"turns":4},{"damage":0,"enemies":"3 Cultists","floor":22,"turns":4},{"damage":18,"enemies":"Slavers","floor":23,"turns":4},{"damage":0,"enemies":"Book of Stabbing","floor":25,"turns":4},{"damage":0,"enemies":"Cultist and Chosen","floor":27,"turns":5},{"damage":8,"enemies":"Colosseum Slavers","floor":28,"turns":3},{"damage":3,"enemies":"Colosseum Nobs","floor":28,"turns":4},{"damage":0,"enemies":"Snecko","floor":30,"turns":4},{"damage":18,"enemies":"Gremlin Leader","floor":31,"turns":4},{"damage":7,"enemies":"Collector","floor":33,"turns":5},{"damage":0,"enemies":"3 Darklings","floor":35,"turns":4},{"damage":0,"enemies":"3 Shapes","floor":37,"turns":4},{"damage":0,"enemies":"Spire Growth","floor":39,"turns":4},{"damage":0,"enemies":"R_Hoarder","floor":41,"turns":5},{"damage":0,"enemies":"3 Darklings","floor":42,"turns":3},{"damage":0,"enemies":"Giant Head","floor":44,"turns":5},{"damage":0,"enemies":"Transient","floor":48,"turns":5},{"damage":27,"enemies":"Donu and Deca","floor":50,"turns":4},{"damage":16,"enemies":"Shield and Spear","floor":54,"turns":5},{"damage":39,"enemies":"The Heart","floor":55,"turns":7}],"seed_played":"5332093916384911111","potions_obtained":[{"floor":1,"key":"Dexterity Potion"},{"floor":2,"key":"Death Potion"},{"floor":7,"key":"EssenceOfSteel"},{"floor":13,"key":"AttackPotion"},{"floor":20,"key":"Swift Potion"},{"floor":21,"key":"PowerPotion"},{"floor":25,"key":"PowerPotion"},{"floor":27,"key":"Explosive Potion"},{"floor":41,"key":"Ancient Potion"},{"floor":42,"key":"SkillPotion"},{"floor":48,"key":"AttackPotion"},{"floor":54,"key":"LifebloodPotion"}],"is_trial":false,"path_per_floor":["M","M","M","M","M","R","E","$","T","M","E","R","M","?","R","B",null,"M","?","M","M","M","E","R","E","T","M","?","R","M","E","R","B",null,"M","?","M","$","M","R","E","M","T","E","R","?","R","M","R","B",null,"R","$","E","B",null],"character_chosen":"DEFECT","items_purchased":["Loop","Replay:Bandana","Cold Snap+1","Anchor","Gash","Runic Capacitor","Cold Snap+1","Ball Lightning","Block Potion","Apotheosis","ReplayTheSpireMod:Lightbulb","Flash of Steel","Elixir","ReplayTheSpireMod:TigerMarble","Replay:Bottled Flurry"],"campfire_rested":1,"item_purchase_floors":[0,0,0,0,0,0,0,0,0,8,38,38,53,53,53],"current_hp_per_floor":[68,68,68,68,68,68,68,68,68,68,68,68,68,68,68,67,73,73,73,73,73,73,55,55,55,55,55,44,44,44,26,48,66,73,73,73,73,75,75,75,75,75,75,75,75,75,75,75,75,48,68,68,75,59,36],"gold":545,"neow_bonus":"","is_daily":false,"chose_seed":false,"campfire_upgraded":8,"win_rate":0.0,"timestamp":1612406585,"path_taken":["M","M","M","M","M","R","E","$","T","?","E","R","M","?","R","BOSS","M","?","M","M","M","E","R","E","T","?","?","R","M","E","R","BOSS","M","?","M","$","M","R","E","?","T","E","R","?","R","M","R","BOSS","R","$","E","BOSS"],"items_purchased_type":["Card","Relic","Card","Relic","Card","Relic","Card","Card","Potion","Card","Relic","Card","Potion","Relic","Relic"],"build_version":"2020-12-22","purchased_purges":5,"victory":true,"max_hp_per_floor":[75,75,75,75,75,75,75,75,75,75,75,75,75,75,75,75,75,75,75,75,75,75,75,75,75,75,75,75,75,75,75,75,75,75,75,75,75,75,75,75,75,75,75,75,75,75,75,75,75,75,75,75,75,75,75],"relic_stats":{"Busted Crown":26,"Torii":30,"Happy Flower":[7],"counters":[299,1354],"Pantograph":61,"CeramicFish":27,"Prayer Wheel":50,"MealTicket":9,"Pen Nib":[23],"Question Card":31,"Boot":[15],"obtain_stats":[{"Golden Egg":26,"Vampiric Spirits":0,"Whetstone":55,"Boot":55,"Sling":55,"Blood Vial":20,"Replay:Wanted Poster":17,"Replay:Ringing Soul":0,"Sundial":29,"Replay:Bronze Core":17,"MealTicket":27,"Fusion Hammer":36,"Replay:Bottled Flurry":53,"Kunai":10,"Replay:Wax Seal":11,"Electric Blood":17,"Replay:Bottled Steam":43,"Pear":46,"Blue Candle":30,"Counterbalance":31,"Velvet Choker":17,"Tingsha":0,"Pen Nib":23,"Paper Crane":8,"Akabeko":28,"Cables":54,"SlaversCollar":17,"Snecko Scales":34,"Bird Faced Urn":12,"Mark of Pain":0,"StrikeDummy":6,"Regal Pillow":0,"Lantern":28,"Singing Bowl":10,"Torii":0,"Magic Flower":11,"Painkiller Herb":19,"Bag of Preparation":55,"Replay:Multitool":44,"Cursed Key":34,"Burning Blood":0,"Pet Ghost":23,"Replay:Rubber Ducky":55,"Matryoshka":0,"Shovel":47,"Replay:Bottled Eggs":0,"InkBottle":27,"Inserter":17,"The Specimen":25,"Golden Idol":11,"Basket Of Snakes":39,"The Courier":14,"PreservedInsect":22,"Geode":40,"Omamori":40,"Frozen Egg 2":0,"MawBank":31,"Nuclear Battery":34,"Busted Crown":17,"Ornamental Fan":55,"Orrery":0,"Turnip":46,"Art of War":40,"ReplayTheSpireMod:Ring of Challenge":38,"ReplayTheSpireMod:Lightbulb":0,"Ice Cream":14,"Divine Protection":22,"Gremlin Horn":9,"Nilry\u0027s Codex":23,"CeramicFish":26,"Vajra":28,"Runic Capacitor":53,"Sozu":34,"Centennial Puzzle":9,"Lizard Tail":10,"Replay:Frozen Program":48,"Strawberry":28,"Prayer Wheel":0,"Iron Hammer":7,"Byrd Skull":11,"Girya":25,"Happy Flower":55,"Oddly Smooth Stone":26,"Ring of Chaos":47,"Letter Opener":48,"Replay:Kaleidoscope":0,"War Paint":23,"Question Card":8,"OrangePellets":0,"Bottled Flame":15,"Replay:Baseball":0,"Shuriken":24,"Bronze Scales":12,"Simple Rune":55,"Onion Ring":40,"ReplayTheSpireMod:TigerMarble":6,"Mirror":26,"Pocketwatch":0,"Meat on the Bone":38,"Darkstone Periapt":5,"ReplayFunnel":55,"Mango":6,"Snake Skull":29,"Incense Burner":45,"Juzu Bracelet":39,"Dream Catcher":43,"Nunchaku":24,"Replay:Bandana":10,"Chameleon Ring":53,"Pantograph":23,"Gambling Chip":24,"Replay:Antivirus Software":43,"Cracked Core":0,"Red Skull":6,"Gremlin Food":44,"ReplayTheSpireMod:Ninjato":0,"Replay:Towering Pillar of Hats":10,"Quantum Egg":46,"Guide Book":0,"Replay:WaspNest":0,"Orichalcum":56,"Medical Kit":42,"White Beast Statue":0,"Mercury Hourglass":0,"Peace Pipe":39,"Strange Spoon":0,"Anchor":11,"CaptainsWheel":43,"Pondfish Scales":55,"DataDisk":0,"Snack Pack":8,"Bag of Marbles":31,"Membership Card":0,"FossilizedHelix":48},{"Golden Egg":166,"Vampiric Spirits":61,"Whetstone":91,"Boot":91,"Sling":91,"Blood Vial":26,"Replay:Wanted Poster":163,"Replay:Ringing Soul":237,"Sundial":254,"Replay:Bronze Core":134,"MealTicket":58,"Fusion Hammer":80,"Replay:Bottled Flurry":297,"Kunai":244,"Replay:Wax Seal":214,"Electric Blood":51,"Replay:Bottled Steam":119,"Pear":122,"Blue Candle":30,"Counterbalance":288,"Velvet Choker":216,"Tingsha":93,"Pen Nib":282,"Paper Crane":66,"Akabeko":167,"Cables":153,"SlaversCollar":24,"Snecko Scales":115,"Bird Faced Urn":22,"Mark of Pain":0,"StrikeDummy":98,"Regal Pillow":93,"Lantern":199,"Singing Bowl":21,"Torii":154,"Magic Flower":49,"Painkiller Herb":72,"Bag of Preparation":91,"Replay:Multitool":120,"Cursed Key":31,"Burning Blood":0,"Pet Ghost":56,"Replay:Rubber Ducky":91,"Matryoshka":61,"Shovel":179,"Replay:Bottled Eggs":237,"InkBottle":141,"Inserter":193,"The Specimen":76,"Golden Idol":5,"Basket Of Snakes":82,"The Courier":7,"PreservedInsect":11,"Geode":146,"Omamori":175,"Frozen Egg 2":14,"MawBank":79,"Nuclear Battery":257,"Busted Crown":8,"Ornamental Fan":91,"Orrery":209,"Turnip":38,"Art of War":36,"ReplayTheSpireMod:Ring of Challenge":81,"ReplayTheSpireMod:Lightbulb":154,"Ice Cream":23,"Divine Protection":164,"Gremlin Horn":20,"Nilry\u0027s Codex":75,"CeramicFish":198,"Vajra":77,"Runic Capacitor":180,"Sozu":170,"Centennial Puzzle":5,"Lizard Tail":213,"Replay:Frozen Program":234,"Strawberry":13,"Prayer Wheel":93,"Iron Hammer":212,"Byrd Skull":66,"Girya":283,"Happy Flower":91,"Oddly Smooth Stone":57,"Ring of Chaos":122,"Letter Opener":264,"Replay:Kaleidoscope":267,"War Paint":139,"Question Card":188,"OrangePellets":93,"Bottled Flame":70,"Replay:Baseball":93,"Shuriken":252,"Bronze Scales":6,"Simple Rune":91,"Onion Ring":205,"ReplayTheSpireMod:TigerMarble":158,"Mirror":252,"Pocketwatch":41,"Meat on the Bone":117,"Darkstone Periapt":18,"ReplayFunnel":91,"Mango":19,"Snake Skull":78,"Incense Burner":87,"Juzu Bracelet":204,"Dream Catcher":37,"Nunchaku":75,"Replay:Bandana":100,"Chameleon Ring":235,"Pantograph":12,"Gambling Chip":27,"Replay:Antivirus Software":261,"Cracked Core":0,"Red Skull":47,"Gremlin Food":87,"ReplayTheSpireMod:Ninjato":237,"Replay:Towering Pillar of Hats":66,"Quantum Egg":87,"Guide Book":93,"Replay:WaspNest":61,"Orichalcum":92,"Medical Kit":119,"White Beast Statue":182,"Mercury Hourglass":61,"Peace Pipe":146,"Strange Spoon":209,"Anchor":66,"CaptainsWheel":86,"Pondfish Scales":91,"DataDisk":126,"Snack Pack":48,"Bag of Marbles":225,"Membership Card":61,"FossilizedHelix":151},{"Golden Egg":701,"Vampiric Spirits":244,"Whetstone":364,"Boot":364,"Sling":364,"Blood Vial":107,"Replay:Wanted Poster":686,"Replay:Ringing Soul":1108,"Sundial":1165,"Replay:Bronze Core":537,"MealTicket":230,"Fusion Hammer":315,"Replay:Bottled Flurry":1342,"Kunai":1129,"Replay:Wax Seal":964,"Electric Blood":208,"Replay:Bottled Steam":471,"Pear":484,"Blue Candle":123,"Counterbalance":1304,"Velvet Choker":978,"Tingsha":376,"Pen Nib":1280,"Paper Crane":257,"Akabeko":708,"Cables":637,"SlaversCollar":100,"Snecko Scales":459,"Bird Faced Urn":86,"Mark of Pain":0,"StrikeDummy":392,"Regal Pillow":376,"Lantern":864,"Singing Bowl":82,"Torii":646,"Magic Flower":200,"Painkiller Herb":279,"Bag of Preparation":364,"Replay:Multitool":475,"Cursed Key":130,"Burning Blood":0,"Pet Ghost":224,"Replay:Rubber Ducky":364,"Matryoshka":244,"Shovel":766,"Replay:Bottled Eggs":1108,"InkBottle":568,"Inserter":829,"The Specimen":292,"Golden Idol":17,"Basket Of Snakes":325,"The Courier":25,"PreservedInsect":40,"Geode":594,"Omamori":747,"Frozen Egg 2":51,"MawBank":304,"Nuclear Battery":1176,"Busted Crown":30,"Ornamental Fan":364,"Orrery":932,"Turnip":156,"Art of War":146,"ReplayTheSpireMod:Ring of Challenge":318,"ReplayTheSpireMod:Lightbulb":646,"Ice Cream":93,"Divine Protection":690,"Gremlin Horn":78,"Nilry\u0027s Codex":288,"CeramicFish":857,"Vajra":296,"Runic Capacitor":779,"Sozu":726,"Centennial Puzzle":17,"Lizard Tail":956,"Replay:Frozen Program":1086,"Strawberry":48,"Prayer Wheel":376,"Iron Hammer":952,"Byrd Skull":257,"Girya":1284,"Happy Flower":364,"Oddly Smooth Stone":226,"Ring of Chaos":484,"Letter Opener":1204,"Replay:Kaleidoscope":1226,"War Paint":559,"Question Card":811,"OrangePellets":376,"Bottled Flame":268,"Replay:Baseball":376,"Shuriken":1159,"Bronze Scales":20,"Simple Rune":364,"Onion Ring":895,"ReplayTheSpireMod:TigerMarble":663,"Mirror":1159,"Pocketwatch":170,"Meat on the Bone":463,"Darkstone Periapt":65,"ReplayFunnel":364,"Mango":73,"Snake Skull":300,"Incense Burner":344,"Juzu Bracelet":888,"Dream Catcher":151,"Nunchaku":288,"Replay:Bandana":399,"Chameleon Ring":1093,"Pantograph":44,"Gambling Chip":111,"Replay:Antivirus Software":1192,"Cracked Core":0,"Red Skull":189,"Gremlin Food":344,"ReplayTheSpireMod:Ninjato":1108,"Replay:Towering Pillar of Hats":257,"Quantum Egg":344,"Guide Book":376,"Replay:WaspNest":244,"Orichalcum":369,"Medical Kit":471,"White Beast Statue":795,"Mercury Hourglass":244,"Peace Pipe":594,"Strange Spoon":932,"Anchor":257,"CaptainsWheel":341,"Pondfish Scales":364,"DataDisk":505,"Snack Pack":196,"Bag of Marbles":1023,"Membership Card":244,"FossilizedHelix":621}]},"card_choices":[{"not_picked":["FIFO Queue","Barrage"],"picked":"Sweeping Beam","floor":1},{"not_picked":["Reprogram","Rebound","Beam Cell"],"picked":"SKIP","floor":1},{"not_picked":["Compile Driver","ReplaySort"],"picked":"Hologram","floor":2},{"not_picked":["Undo","Leap"],"picked":"Cold Snap","floor":2},{"not_picked":["Self Repair","Beam Cell"],"picked":"Loop","floor":3},{"not_picked":["Go for the Eyes","Lockon","Rebound"],"picked":"SKIP","floor":3},{"not_picked":["Skim","Rebound"],"picked":"Gash","floor":4},{"not_picked":["Coolheaded","Leap","Barrage"],"picked":"SKIP","floor":4},{"not_picked":["Crystallizer","FIFO Queue","Go for the Eyes"],"picked":"SKIP","floor":5},{"not_picked":["Hologram","Static Discharge","Storm"],"picked":"SKIP","floor":5},{"not_picked":["Tempest","Storm"],"picked":"Seek","floor":7},{"not_picked":["Genetic Algorithm","Chaos"],"picked":"White Noise","floor":10},{"not_picked":["Sweeping Beam","FTL","Melter"],"picked":"SKIP","floor":10},{"not_picked":["White Noise","ReplaySolidLightProjector"],"picked":"Ball Lightning","floor":11},{"not_picked":["Barrage","Stack"],"picked":"Coolheaded","floor":13},{"not_picked":["Barrage","Cold Snap"],"picked":"Gash","floor":13},{"not_picked":["Biased Cognition","ReplayRNGCard","Hyperbeam"],"picked":"Electrodynamics","floor":16},{"not_picked":["ReplayGash+1","Leap+1","BasicCrystalCard","Redo"],"picked":"SKIP","floor":18},{"not_picked":["Doom and Gloom","Rebound","Turbo","BasicCrystalCard"],"picked":"SKIP","floor":18},{"not_picked":["Steam","Hologram","Reinforced Body"],"picked":"Go for the Eyes+1","floor":20},{"not_picked":["Panic Button","Crystallizer+1","Barrage"],"picked":"Gash","floor":20},{"not_picked":["Heatsinks","Turbo+1","Double Energy+1","Coolheaded"],"picked":"SKIP","floor":21},{"not_picked":["ReplayTheSpireMod:Omega Cannon","Melter","Aggregate","Ball Lightning+1"],"picked":"SKIP","floor":21},{"not_picked":["Panic Button","Recycle+1","FTL"],"picked":"Echo Form","floor":22},{"not_picked":["Beam Cell+1","Go for the Eyes","Melter+1","Panic Button+1"],"picked":"SKIP","floor":22},{"not_picked":["Leap","Redo","Coolheaded"],"picked":"Stack+1","floor":23},{"not_picked":["Blizzard+1","Panic Button","Coolheaded","Chaos"],"picked":"SKIP","floor":25},{"not_picked":["Sweeping Beam","Rip and Tear","Leap"],"picked":"Barrage+1","floor":27},{"not_picked":["Blizzard","Streamline","ReplaySort+1","Ball Lightning+1"],"picked":"SKIP","floor":27},{"not_picked":["Go for the Eyes","Steam+1","Hologram"],"picked":"Biased Cognition","floor":28},{"not_picked":["Turbo","Go for the Eyes","Rebound"],"picked":"ReplayTheSpireMod:Calculation Training+1","floor":30},{"not_picked":["Panic Button+1","Redo","Skim","Steam"],"picked":"SKIP","floor":30},{"not_picked":["Rebound","Coolheaded","Leap"],"picked":"Turbo+1","floor":31},{"not_picked":["Electrodynamics","ReplayRNGCard","Meteor Strike"],"picked":"Seek","floor":33},{"not_picked":["Panic Button+1"],"picked":"Gash","floor":35},{"not_picked":["Redo+1","Panic Button"],"picked":"SKIP","floor":35},{"not_picked":["Lockon"],"picked":"Skim+1","floor":37},{"not_picked":["Cold Snap"],"picked":"Fusion+1","floor":37},{"not_picked":["Stack"],"picked":"Defragment+1","floor":39},{"not_picked":["Leap"],"picked":"Gash+1","floor":39},{"not_picked":["Go for the Eyes+1"],"picked":"ReplaySolidLightProjector","floor":41},{"not_picked":["Rebound"],"picked":"Gash","floor":42},{"not_picked":["Storm","Turbo+1"],"picked":"SKIP","floor":42},{"not_picked":["Rip and Tear","Fusion"],"picked":"SKIP","floor":44},{"not_picked":["Leap","Self Repair"],"picked":"SKIP","floor":48},{"not_picked":["Multi-Cast","Doom and Gloom+1"],"picked":"SKIP","floor":48},{"not_picked":["Storm+1"],"picked":"Coolheaded+1","floor":54}],"player_experience":4082695,"relics_obtained":[{"floor":7,"key":"ReplayFunnel"},{"floor":11,"key":"MealTicket"},{"floor":23,"key":"Pen Nib"},{"floor":25,"key":"Girya"},{"floor":26,"key":"ReplayTheSpireMod:Ninjato"},{"floor":28,"key":"Torii"},{"floor":28,"key":"Pantograph"},{"floor":31,"key":"Counterbalance"},{"floor":41,"key":"CeramicFish"},{"floor":43,"key":"Boot"},{"floor":44,"key":"Happy Flower"},{"floor":54,"key":"StrikeDummy"}],"event_choices":[{"damage_healed":0,"gold_gain":0,"player_choice":"Gave Potion","damage_taken":0,"relics_obtained":["Question Card"],"max_hp_gain":0,"max_hp_loss":0,"event_name":"WeMeetAgain","floor":14,"gold_loss":0},{"damage_healed":0,"gold_gain":100,"player_choice":"Pray","damage_taken":0,"max_hp_gain":0,"max_hp_loss":0,"event_name":"Golden Shrine","floor":19,"gold_loss":0},{"damage_healed":0,"gold_gain":0,"player_choice":"Fight","damage_taken":0,"max_hp_gain":0,"max_hp_loss":0,"event_name":"Colosseum","floor":28,"gold_loss":0},{"damage_healed":0,"gold_gain":0,"player_choice":"Fought Nobs","damage_taken":0,"max_hp_gain":0,"max_hp_loss":0,"event_name":"Colosseum","floor":28,"gold_loss":0},{"cards_removed":["Defend_B"],"damage_healed":0,"gold_gain":0,"player_choice":"Purged","damage_taken":0,"max_hp_gain":0,"max_hp_loss":0,"event_name":"Purifier","floor":36,"gold_loss":0},{"damage_healed":0,"gold_gain":100,"player_choice":"Pray","damage_taken":0,"max_hp_gain":0,"max_hp_loss":0,"event_name":"Golden Shrine","floor":46,"gold_loss":0}],"is_beta":false,"boss_relics":[{"not_picked":["Pandora\u0027s Box","Runic Dome"],"picked":"Replay:Bronze Core"},{"not_picked":["Snecko Heart","Replay:Ancient Bell"],"picked":"Busted Crown"}],"items_purged_floors":[0,0,0,38,53],"is_endless":false,"potions_floor_spawned":[1,2,5,7,13,20,21,25,27,28,41,42,48,54],"ascension_level":10}}