{"host":"osk2oboccoevp2u5","time":1612464478,"event":{"mods":["AchievementEnabler","Alarm Clock","BaseMod","Colored Powertips","Disable Question Mark Monsters","Displayed Cursed Tome","Key Reminder","Minty Spire (QoL Compilation)","Potion Indicator Mod","Quick Restart","Rare Cards Sparkle","Reorder Act Four","StSLib","The Bug Knight","Useless Jewels Mod"],"gold_per_floor":[111,36,36,55,68,68,102,120,146,164,164,183,183,200,200,200,200],"floor_reached":16,"language":"ENG","playtime":880,"items_purged":["HollowMod:NailStrikeStart"],"score":104,"play_id":"0b6b20c2-ca62-4d49-bb0b-4f631cc69d5b","local_time":"20210204144758","is_ascension_mode":false,"campfire_choices":[{"data":"HollowMod:NewJinnsSoul","floor":6,"key":"SMITH"},{"floor":11,"key":"REST"},{"floor":13,"key":"REST"},{"data":"HollowMod:DescendingDark","floor":15,"key":"SMITH"}],"circlet_count":0,"master_deck":["HollowMod:NailStrikeStart","HollowMod:NailStrikeStart","HollowMod:NailStrikeStart","HollowMod:QuickDashStart","HollowMod:QuickDashStart","HollowMod:QuickDashStart","HollowMod:QuickDashStart","HollowMod:FocusHealStart","HollowMod:PogoStrike","HollowMod:WraithStrike","HollowMod:DescendingDark+1","HollowMod:NewJinnsSoul+1","HollowMod:LifebloodCocoon","HollowMod:SiblingsSouls","HollowMod:LifebloodCocoon"],"relics":["Runic Pyramid","Ancient Tea Set","keyreminder:keyreminder","Blood Vial"],"acts_visited":["Exordium"],"potions_floor_usage":[7,7,7],"damage_taken":[{"damage":5,"enemies":"Small Slimes","floor":1,"turns":3},{"damage":5,"enemies":"Cultist","floor":4,"turns":3},{"damage":1,"enemies":"Jaw Worm","floor":5,"turns":3},{"damage":26,"enemies":"Lagavulin","floor":7,"turns":10},{"damage":8,"enemies":"3 Louse","floor":8,"turns":2},{"damage":10,"enemies":"Gremlin Gang","floor":10,"turns":2},{"damage":10,"enemies":"Large Slime","floor":12,"turns":9},{"damage":0,"enemies":"3 Louse","floor":14,"turns":2},{"damage":36,"enemies":"Slime Boss","floor":16,"turns":8}],"seed_played":"3918898063087619557","potions_obtained":[{"floor":1,"key":"AttackPotion"},{"floor":3,"key":"FearPotion"},{"floor":3,"key":"Dexterity Potion"},{"floor":12,"key":"SmokeBomb"}],"is_trial":false,"path_per_floor":["M","$","?","M","M","R","E","M","T","M","R","M","R","M","R","B"],"character_chosen":"THE_BUGKNIGHT","items_purchased":[],"campfire_rested":2,"item_purchase_floors":[],"current_hp_per_floor":[70,70,70,65,64,64,38,30,30,22,44,36,58,60,60,26,26],"gold":200,"neow_bonus":"BOSS_RELIC","is_daily":false,"chose_seed":false,"campfire_upgraded":2,"win_rate":0.0,"timestamp":1612464478,"path_taken":["M","$","?","M","M","R","E","M","T","M","R","?","R","M","R","BOSS"],"items_purchased_type":[],"build_version":"2020-12-22","purchased_purges":1,"victory":false,"max_hp_per_floor":[75,75,75,75,75,75,75,75,75,75,75,75,75,75,75,75,75],"card_choices":[{"not_picked":["HollowMod:SharpenedNail","HollowMod:SoulSplash"],"picked":"HollowMod:WraithStrike","floor":1},{"not_picked":["HollowMod:NewJinnsSoul","HollowMod:SoulSplash"],"picked":"HollowMod:DescendingDark","floor":4},{"not_picked":["HollowMod:CornifersMapStart","HollowMod:SoulShaman"],"picked":"HollowMod:NewJinnsSoul","floor":5},{"not_picked":["HollowMod:HeavyBlow","HollowMod:CornifersMapStart","HollowMod:DreamGate"],"picked":"SKIP","floor":7},{"not_picked":["HollowMod:DreamGate","HollowMod:NewJinnsSoul"],"picked":"HollowMod:LifebloodCocoon","floor":8},{"not_picked":["HollowMod:SharpenedNail","HollowMod:GrimmsGift"],"picked":"HollowMod:SiblingsSouls","floor":10},{"not_picked":["HollowMod:theNailsmith","HollowMod:GrimmsGift"],"picked":"HollowMod:LifebloodCocoon","floor":12},{"not_picked":["HollowMod:InfectedAttack","HollowMod:SoulStrike","HollowMod:HowlingWraiths"],"picked":"SKIP","floor":14}],"player_experience":932154,"relics_obtained":[{"floor":7,"key":"Ancient Tea Set"},{"floor":9,"key":"Blood Vial"}],"event_choices":[{"damage_healed":0,"gold_gain":0,"player_choice":"Got Potions","damage_taken":0,"max_hp_gain":0,"max_hp_loss":0,"event_name":"Lab","floor":3,"gold_loss":0}],"is_beta":false,"boss_relics":[],"items_purged_floors":[2],"is_endless":false,"potions_floor_spawned":[1,5,12],"killed_by":"Slime Boss","ascension_level":0}}