{"host":"746m694if73h3gai","time":1612450335,"event":{"mods":["2.2 Compatiblity","AchievementEnabler","Act Like it!","BaseMod","Colored Map","Colored Powertips","Minty Spire (QoL Compilation)","Quick Restart","Rare Cards Sparkle","Relic Stats","StSLib","everything is the same but u backflip on backflip","slay the spire mod where everything is the same but ironclad has a cowboy hat"],"gold_per_floor":[119,19,69,86,36,67,67,92,145,145,163,195,107,137,137,237,237,250,267,284,284,304,335,250,250,326,12,12,37,37,55,55,152,152,163,180,280,299,315,344,42,42,92,123,135,146,146,156,156,156,156],"floor_reached":50,"language":"ENG","playtime":2086,"items_purged":["Strike_G","Accuracy+1"],"score":706,"play_id":"1451ccfc-f15f-40d5-9658-7f4fc1203810","local_time":"20210204155215","is_ascension_mode":true,"campfire_choices":[{"data":"Noxious Fumes","floor":7.0,"key":"SMITH"},{"data":"Glass Knife","floor":10.0,"key":"SMITH"},{"data":"Bane","floor":15.0,"key":"SMITH"},{"data":"Wraith Form v2","floor":25.0,"key":"SMITH"},{"data":"Caltrops","floor":30,"key":"SMITH"},{"data":"Leg Sweep","floor":32,"key":"SMITH"},{"data":"Deadly Poison","floor":42,"key":"SMITH"},{"floor":49,"key":"RECALL"}],"circlet_count":0,"master_deck":["Strike_G","Defend_G","Defend_G","Defend_G","Defend_G","Survivor","Neutralize","Noxious Fumes+1","Bane+1","Deadly Poison+1","Leg Sweep+1","Glass Knife+1","Poisoned Stab","Cloak And Dagger","Well Laid Plans","Cloak And Dagger","Wraith Form v2+1","Dagger Spray+1","Expertise+1","Footwork","Reflex+1","Well Laid Plans","Caltrops+1","Adrenaline+1","Corpse Explosion+1","Concentrate+1","Cloak And Dagger+1","Cloak And Dagger+1","Night Terror+1","Prepared+1","Doubt","Backflip+1","Leg Sweep+1","Deadly Poison+1"],"relics":["Coffee Dripper","Art of War","Eternal Feather","Smiling Mask","Bronze Scales","Bottled Flame","Lantern","Astrolabe","Paper Crane","Bag of Preparation","Toxic Egg 2","Akabeko","Pocketwatch","Cursed Key","Mango","FossilizedHelix","Kunai"],"acts_visited":["Exordium","TheCity","TheBeyond"],"potions_floor_usage":[29,31,31,33,40,50,50,50],"damage_taken":[{"damage":0.0,"enemies":"Cultist","floor":1.0,"turns":4.0},{"damage":6.0,"enemies":"2 Louse","floor":4.0,"turns":3.0},{"damage":14.0,"enemies":"Lagavulin","floor":6.0,"turns":6.0},{"damage":22.0,"enemies":"3 Sentries","floor":8.0,"turns":8.0},{"damage":0.0,"enemies":"Jaw Worm","floor":11.0,"turns":3.0},{"damage":15.0,"enemies":"Lagavulin","floor":12.0,"turns":5.0},{"damage":10.0,"enemies":"Gremlin Nob","floor":14.0,"turns":3.0},{"damage":1.0,"enemies":"Hexaghost","floor":16.0,"turns":7.0},{"damage":1.0,"enemies":"Chosen","floor":18.0,"turns":3.0},{"damage":0.0,"enemies":"3 Byrds","floor":19.0,"turns":3.0},{"damage":2.0,"enemies":"3 Cultists","floor":20.0,"turns":4.0},{"damage":18.0,"enemies":"Chosen and Byrds","floor":22.0,"turns":5.0},{"damage":15.0,"enemies":"Gremlin Leader","floor":23.0,"turns":6.0},{"damage":4,"enemies":"Book of Stabbing","floor":29,"turns":5},{"damage":9,"enemies":"Snake Plant","floor":31,"turns":3},{"damage":30,"enemies":"Collector","floor":33,"turns":9},{"damage":0,"enemies":"3 Darklings","floor":35,"turns":4},{"damage":0,"enemies":"Orb Walker","floor":36,"turns":2},{"damage":12,"enemies":"Sphere and 2 Shapes","floor":38,"turns":6},{"damage":23,"enemies":"Spire Growth","floor":39,"turns":5},{"damage":26,"enemies":"Nemesis","floor":40,"turns":9},{"damage":13,"enemies":"Reptomancer","floor":44,"turns":6},{"damage":26,"enemies":"Jaw Worm Horde","floor":45,"turns":4},{"damage":0,"enemies":"4 Shapes","floor":46,"turns":4},{"damage":0,"enemies":"Maw","floor":48,"turns":6},{"damage":39,"enemies":"Time Eater","floor":50,"turns":9}],"seed_played":"-5940563212344523219","potions_obtained":[{"floor":8.0,"key":"SpeedPotion"},{"floor":12.0,"key":"Strength Potion"},{"floor":16.0,"key":"SneckoOil"},{"floor":18.0,"key":"BlessingOfTheForge"},{"floor":22.0,"key":"EssenceOfSteel"},{"floor":29,"key":"CunningPotion"},{"floor":31,"key":"PowerPotion"},{"floor":33,"key":"BlessingOfTheForge"},{"floor":39,"key":"Block Potion"},{"floor":44,"key":"Ancient Potion"},{"floor":46,"key":"Energy Potion"},{"floor":48,"key":"Swift Potion"}],"is_trial":false,"path_per_floor":["M","$","T","M","?","E","R","E","T","R","M","E","$","E","R","B",null,"M","M","M","?","M","E","?","R","T","$","?","E","R","M","R","B",null,"M","M","?","M","M","E","$","R","T","E","M","M","?","M","R","B"],"character_chosen":"THE_SILENT","items_purchased":["Noxious Fumes","Bane","Well Laid Plans","Akabeko","Well Laid Plans","Block Potion","FossilizedHelix"],"campfire_rested":0,"item_purchase_floors":[2,2,13,27,27,27,41],"current_hp_per_floor":[70,70,70,64,64,50,59,37,37,46,46,31,31,21,30,29,70,69,69,67,67,49,34,34,46,46,46,33,29,41,32,44,14,75,75,75,75,63,40,28,28,46,46,33,7,7,7,7,25,0,0],"gold":156,"neow_bonus":"BOSS_RELIC","is_daily":false,"chose_seed":false,"campfire_upgraded":7,"win_rate":0.0,"timestamp":1612450335,"path_taken":["M","?","?","M","?","E","R","E","T","R","M","E","?","E","R","BOSS","M","M","M","?","M","E","?","R","T","$","?","E","R","M","R","BOSS","M","M","?","?","M","E","$","R","T","E","M","M","?","M","R","BOSS"],"items_purchased_type":["Card","Card","Card","Relic","Card","Potion","Relic"],"build_version":"2020-12-22","purchased_purges":2,"victory":false,"max_hp_per_floor":[70,70,70,70,70,70,70,70,70,70,70,70,70,70,70,70,70,70,70,70,70,70,70,70,70,70,70,75,75,75,75,75,75,75,75,75,75,75,75,89,89,89,89,89,89,89,89,89,89,89,89],"relic_stats":{"counters":[26,132],"Bronze Scales":[324],"Astrolabe":["Dagger Spray","Expertise","Accuracy"],"Eternal Feather":99,"Art of War":[6],"Bag of Preparation":[26],"Kunai":[11],"Smiling Mask":75,"Cursed Key":1,"obtain_stats":[{"Lantern":14,"Astrolabe":17,"Eternal Feather":6,"Mango":40,"Bag of Preparation":24,"Paper Crane":23,"Smiling Mask":8,"Cursed Key":34,"Akabeko":27,"Bottled Flame":12,"Bronze Scales":9,"Coffee Dripper":0,"Art of War":3,"Kunai":44,"Toxic Egg 2":26,"FossilizedHelix":41,"Ring of the Snake":0,"Pocketwatch":29},{"Lantern":7,"Astrolabe":8,"Eternal Feather":3,"Mango":21,"Bag of Preparation":13,"Paper Crane":13,"Smiling Mask":4,"Cursed Key":16,"Akabeko":13,"Bottled Flame":6,"Bronze Scales":4,"Coffee Dripper":0,"Art of War":1,"Kunai":22,"Toxic Egg 2":13,"FossilizedHelix":21,"Ring of the Snake":0,"Pocketwatch":14},{"Lantern":32,"Astrolabe":39,"Eternal Feather":13,"Mango":103,"Bag of Preparation":60,"Paper Crane":60,"Smiling Mask":21,"Cursed Key":77,"Akabeko":60,"Bottled Flame":29,"Bronze Scales":21,"Coffee Dripper":0,"Art of War":4,"Kunai":109,"Toxic Egg 2":60,"FossilizedHelix":103,"Ring of the Snake":0,"Pocketwatch":65}],"Pocketwatch":[18]},"card_choices":[{"not_picked":["PiercingWail","Distraction","Accuracy"],"picked":"SKIP","floor":1.0},{"not_picked":["Underhanded Strike","Cloak And Dagger"],"picked":"Deadly Poison","floor":4.0},{"not_picked":["Heel Hook","Expertise"],"picked":"Leg Sweep","floor":6.0},{"not_picked":["Outmaneuver","Dash"],"picked":"Glass Knife","floor":8.0},{"not_picked":["Flying Knee","Backflip"],"picked":"Poisoned Stab","floor":11.0},{"not_picked":["All Out Attack","Deflect"],"picked":"Cloak And Dagger","floor":12.0},{"not_picked":["Flying Knee","Dagger Throw"],"picked":"Cloak And Dagger","floor":14.0},{"not_picked":["Burst","Doppelganger"],"picked":"Wraith Form v2","floor":16.0},{"not_picked":["Blur","Expertise","Flying Knee"],"picked":"SKIP","floor":18.0},{"not_picked":["Heel Hook","Prepared","Masterful Stab"],"picked":"SKIP","floor":19.0},{"not_picked":["Heel Hook","Prepared","Masterful Stab"],"picked":"SKIP","floor":19.0},{"not_picked":["Expertise","Quick Slash+1","Bane"],"picked":"SKIP","floor":20.0},{"not_picked":["Riddle With Holes","Dagger Spray","Cloak And Dagger"],"picked":"SKIP","floor":22.0},{"not_picked":["Dagger Spray","Dagger Throw+1"],"picked":"Reflex+1","floor":23.0},{"not_picked":["Quick Slash+1","Dagger Spray"],"picked":"Caltrops","floor":29},{"not_picked":["Flying Knee+1","Dodge and Roll+1"],"picked":"Adrenaline+1","floor":31},{"not_picked":["Burst+1","Bullet Time+1"],"picked":"Corpse Explosion+1","floor":33},{"not_picked":["Underhanded Strike+1","Sucker Punch+1"],"picked":"Concentrate+1","floor":35},{"not_picked":["Underhanded Strike","Quick Slash+1"],"picked":"Cloak And Dagger+1","floor":36},{"not_picked":["Caltrops","Eviscerate+1"],"picked":"Cloak And Dagger+1","floor":38},{"not_picked":["Catalyst+1","Dodge and Roll+1"],"picked":"Night Terror+1","floor":39},{"not_picked":["Deflect+1","Dagger Throw+1"],"picked":"Prepared+1","floor":40},{"not_picked":["Deflect+1","Outmaneuver+1"],"picked":"Backflip+1","floor":44},{"not_picked":["Dagger Spray+1","Dagger Throw+1","Caltrops+1"],"picked":"SKIP","floor":45},{"not_picked":["Masterful Stab+1","Quick Slash"],"picked":"Leg Sweep+1","floor":46},{"not_picked":["Cloak And Dagger+1","Backflip+1"],"picked":"Deadly Poison+1","floor":48}],"player_experience":86310,"relics_obtained":[{"floor":3.0,"key":"Art of War"},{"floor":6.0,"key":"Eternal Feather"},{"floor":8.0,"key":"Smiling Mask"},{"floor":9.0,"key":"Bronze Scales"},{"floor":12.0,"key":"Bottled Flame"},{"floor":14.0,"key":"Lantern"},{"floor":23.0,"key":"Paper Crane"},{"floor":26.0,"key":"Toxic Egg 2"},{"floor":29,"key":"Pocketwatch"},{"floor":40,"key":"Mango"},{"floor":44,"key":"Kunai"}],"event_choices":[{"cards_removed":["Strike_G"],"damage_healed":0.0,"max_hp_gain":0.0,"max_hp_loss":0.0,"gold_gain":0.0,"event_name":"The Cleric","player_choice":"Card Removal","floor":5.0,"gold_loss":50.0,"damage_taken":0.0},{"damage_healed":0.0,"max_hp_gain":0.0,"max_hp_loss":0.0,"gold_gain":0.0,"event_name":"The Library","player_choice":"Read","floor":21.0,"gold_loss":0.0,"damage_taken":0.0,"cards_obtained":["Footwork"]},{"damage_healed":0.0,"max_hp_gain":0.0,"max_hp_loss":0.0,"gold_gain":0.0,"event_name":"Addict","player_choice":"Obtained Relic","floor":24.0,"gold_loss":85.0,"damage_taken":0.0,"relics_obtained":["Bag of Preparation"]},{"damage_healed":0.0,"max_hp_gain":5.0,"max_hp_loss":0.0,"gold_gain":0.0,"event_name":"Forgotten Altar","player_choice":"Shed Blood","floor":28.0,"gold_loss":0.0,"damage_taken":18.0},{"damage_healed":0,"gold_gain":100,"player_choice":"Pray","damage_taken":0,"max_hp_gain":0,"max_hp_loss":0,"event_name":"Golden Shrine","floor":37,"gold_loss":0},{"damage_healed":0,"gold_gain":0,"player_choice":"Ignored","damage_taken":0,"max_hp_gain":0,"max_hp_loss":0,"event_name":"Mysterious Sphere","floor":47,"gold_loss":0}],"is_beta":false,"boss_relics":[{"not_picked":["Busted Crown","Fusion Hammer"],"picked":"Astrolabe"},{"not_picked":["Snecko Eye","Runic Pyramid"],"picked":"Cursed Key"}],"items_purged_floors":[13,27],"is_endless":false,"potions_floor_spawned":[8,12,16,18,22,29,31,33,39,44,46,48],"killed_by":"Time Eater","ascension_level":3}}