{"host":"jlcm6ljyvzfcs06u","time":1612451974,"event":{"mods":["Act Like it!","BaseMod","Better Note","Better Vampires","Downfall","Gensokyo","Hallownest","Jorbs\u0027s Wanderer Trilogy","Marisa£®ÏF”Í°°ƒß¿Ì…≥£©","Minty Spire (QoL Compilation)","Rare Cards Sparkle","Reimu£®≤©¿ˆ¡È√Œ£©","StSLib","The Construct","The Cursed","The Hierophant","The Servant 0.9.4","UnlockEverythingMod","Yakumo Yukari mod"],"gold_per_floor":[136,146,146,160,175,175,188,206,206,236,236,236,236,266,266,368,368,381,401,356,366,35,66,86,86,167,87,105,105,121,21,21,117,117,137,137,137,148,162,193,193,213,264,281,296,116,116,126,126,126],"floor_reached":51,"language":"ZHS","playtime":4568,"items_purged":["AT_purpleEX","AT_purpleEX"],"score":763,"play_id":"559c0038-621f-47b4-bf5e-a15b4ebfa66d","local_time":"20210204231934","is_ascension_mode":false,"campfire_choices":[{"data":"Observe_purple_2","floor":6.0,"key":"SMITH"},{"floor":13.0,"key":"REST"},{"data":"Defend_purpleEX","floor":15.0,"key":"SMITH"},{"data":"Charmbait_purple","floor":25.0,"key":"SMITH"},{"data":"WangLiang_OokamiKakushi_purple","floor":29.0,"key":"SMITH"},{"data":"OmniscientAndOmnipotent_Monster_purple","floor":32.0,"key":"SMITH"},{"data":"Monsters_DoubleDeathButterfly_purple","floor":41,"key":"SMITH"},{"data":"Umbrella_purple","floor":49,"key":"SMITH"}],"circlet_count":0,"master_deck":["Defend_purpleEX+1","Defend_purpleEX","Observe_purple_1","Observe_purple_2+1","Charmbait_purple+1","Umbrella_purple+1","PurpleNeedle_purple","MeetDecomposer_purple","RuleDissolution_purple","WangLiang_OokamiKakushi_purple+1","CommonSense_AntiCommonSense_purple","Mirror_TwoAndThreeElementRealm_purple+1","SharpContractionReality_purple+1","MeetDecomposer_purple+1","OmniscientAndOmnipotent_Monster_purple+1","Fantasy_PerpetualMotionMachine_purple+1","Anti_communist_purple+1","Hallownest:skillCityofTearsMap+1","Monsters_DoubleDeathButterfly_purple+1","WorldDissolvedintheRealm_purple+1"],"relics":["Boundary_crack","Memoryfragments_purpleEX","Hallownest:DreamNailRelic","Toxic Egg 2","Gremlin Horn","Peace Pipe","RedLine:ReiMu","Ornamental Fan","Meat on the Bone","Tea:ReiMu","SlaversCollar","Kunai","Strawberry","Hallownest:StagBellRelic1","Hallownest:BeastSealRelic"],"acts_visited":["Hallownest:Greenpath","Hallownest:CityofTears","Hallownest:KingdomsEdge"],"potions_floor_usage":[48,50],"damage_taken":[{"damage":4.0,"enemies":"Hallownest:monsterHuskWarrior","floor":1.0,"turns":5.0},{"damage":2.0,"enemies":"2_ Uuma","floor":2.0,"turns":3.0},{"damage":0.0,"enemies":"Hallownest:monsterHuskGuard","floor":4.0,"turns":2.0},{"damage":0.0,"enemies":"Hallownest:Wandering_and_Horned","floor":5.0,"turns":4.0},{"damage":3.0,"enemies":"Hallownest:monsterFoolEater","floor":7.0,"turns":3.0},{"damage":8.0,"enemies":"Hallownest:1_Baldur_1_Crawlid_1_Warrior","floor":8.0,"turns":3.0},{"damage":13.0,"enemies":"Hallownest:eliteVengeflyKing","floor":10.0,"turns":4.0},{"damage":0.0,"enemies":"Hallownest:monsterAspidMother","floor":12.0,"turns":2.0},{"damage":22.0,"enemies":"Hallownest:eliteMossKnight","floor":14.0,"turns":4.0},{"damage":0.0,"enemies":"Hallownest:BossFalseKnight","floor":16.0,"turns":6.0},{"damage":12.0,"enemies":"Hallownest:Flukemon_and_Top","floor":18.0,"turns":4.0},{"damage":11.0,"enemies":"Hallownest:2_Mistakes","floor":19.0,"turns":5.0},{"damage":8.0,"enemies":"Hallownest:monsterMisterMushroom","floor":21.0,"turns":4.0},{"damage":15.0,"enemies":"Hallownest:Nosk","floor":23.0,"turns":4.0},{"damage":12.0,"enemies":"Hallownest:monsterShrumalOgre","floor":24.0,"turns":4.0},{"damage":7.0,"enemies":"Hallownest:Warrior_and_Youth","floor":28.0,"turns":3.0},{"damage":0.0,"enemies":"Hallownest:Master_and_Novice","floor":30.0,"turns":3.0},{"damage":6.0,"enemies":"Hallownest:BossMantisLord","floor":33.0,"turns":6.0},{"damage":12.0,"enemies":"Hallownest:3_Siblings","floor":35.0,"turns":4.0},{"damage":13,"enemies":"Hallownest:3_Siblings","floor":37,"turns":4},{"damage":33,"enemies":"Hallownest:2_Littles","floor":38,"turns":6},{"damage":41,"enemies":"Hallownest:monsterPrimalAspid","floor":39,"turns":4},{"damage":29,"enemies":"Hallownest:eliteHiveKnight","floor":40,"turns":3},{"damage":37,"enemies":"Hallownest:Xero_Hu_Marmu","floor":42,"turns":3},{"damage":17,"enemies":"Hallownest:2_Soldiers_and_1_Guardian","floor":44,"turns":3},{"damage":31,"enemies":"Hallownest:Slobbering_and_Violent","floor":45,"turns":4},{"damage":13,"enemies":"Hallownest:2_Wandering_and_1_Horned","floor":48,"turns":3},{"damage":20,"enemies":"Hallownest:BossGreyPrinceZote","floor":50,"turns":2}],"seed_played":"6821316434925362963","potions_obtained":[{"floor":2.0,"key":"FearPotion"},{"floor":8.0,"key":"LiquidMemories"},{"floor":14.0,"key":"DistilledChaos"},{"floor":16.0,"key":"SteroidPotion"},{"floor":21.0,"key":"PowerPotion"},{"floor":23.0,"key":"RealmPotion"},{"floor":28.0,"key":"DuplicationPotion"},{"floor":30.0,"key":"Energy Potion"},{"floor":33.0,"key":"RealmPotion"},{"floor":45,"key":"Energy Potion"},{"floor":48,"key":"SteroidPotion"}],"is_trial":false,"path_per_floor":["M","M","?","M","M","R","M","M","T","E","?","M","R","E","R","B",null,"M","M","?","M","$","E","M","R","T","?","M","R","M","$","R","B",null,"M","?","?","M","M","E","R","M","T","M","M","?","?","M","R","B",null],"character_chosen":"Youkari","items_purchased":["Ornamental Fan"],"campfire_rested":1,"item_purchase_floors":[22],"current_hp_per_floor":[48,46,46,46,46,46,44,37,37,28,28,31,52,34,34,36,70,61,53,53,49,49,36,41,41,41,41,46,46,51,51,70,65,70,70,70,70,61,52,49,49,48,55,60,68,68,68,74,74,77],"gold":126,"neow_bonus":"REMOVE_TWO","is_daily":false,"chose_seed":false,"campfire_upgraded":7,"win_rate":0.0,"timestamp":1612451974,"path_taken":["M","M","?","M","M","R","M","?","T","E","?","?","R","E","R","BOSS","M","M","?","M","$","E","M","R","T","?","M","R","M","$","R","BOSS","M","?","?","M","?","E","R","M","T","M","M","?","?","?","R","BOSS"],"items_purchased_type":["Relic"],"build_version":"2020-12-22","purchased_purges":2,"victory":true,"max_hp_per_floor":[70,70,70,70,70,70,70,70,70,70,70,70,70,70,70,70,70,70,70,70,70,70,70,70,70,70,70,70,70,70,70,70,70,70,70,70,70,70,70,70,70,70,77,77,77,77,77,77,77,77],"card_choices":[{"not_picked":["WeekHit_purple","Worldmountain_purple"],"picked":"Charmbait_purple","floor":1.0},{"not_picked":["StateDuplicate_purple","AdvanceAttack_purple"],"picked":"Umbrella_purple","floor":2.0},{"not_picked":["Charmbait_purple","ButterflyHabitatTemple_purple"],"picked":"PurpleNeedle_purple","floor":4.0},{"not_picked":["WeekHit_purple","Boundary_DreamRealityDamnation_purple","Shallow_ocean_purpleEX"],"picked":"SKIP","floor":5.0},{"not_picked":["RuleDissolution_purple","Shallow_ocean_purpleEX"],"picked":"MeetDecomposer_purple","floor":7.0},{"not_picked":["Yakumo_Ran_purple","Realm_recovery_purpleEX"],"picked":"RuleDissolution_purple","floor":8.0},{"not_picked":["PurpleNeedle_purple","Charmbait_purple"],"picked":"WangLiang_OokamiKakushi_purple","floor":10.0},{"not_picked":["Worldmountain_purple","ExistenceContinue_purple"],"picked":"CommonSense_AntiCommonSense_purple","floor":12.0},{"not_picked":["Umbrella_purple","Realm_recovery_purpleEX+1","RuleDissolution_purple+1"],"picked":"SKIP","floor":14.0},{"not_picked":["D_absorption_purple+1","MagicEyes_LaplaceDemon_purple+1"],"picked":"Mirror_TwoAndThreeElementRealm_purple+1","floor":16.0},{"not_picked":["Boundary_DreamRealityDamnation_purple","StateDuplicate_purple+1"],"picked":"SharpContractionReality_purple+1","floor":18.0},{"not_picked":["AdvanceAttack_purple+1","RuleDissolution_purple+1"],"picked":"MeetDecomposer_purple+1","floor":19.0},{"not_picked":["DimensionStaggered_purple+1","SharpContractionReality_purple"],"picked":"OmniscientAndOmnipotent_Monster_purple","floor":21.0},{"not_picked":["Mirror_Drifter_purple","UniverseChoice_purple"],"picked":"Fantasy_PerpetualMotionMachine_purple+1","floor":23.0},{"not_picked":["SfantasyHide_purple+1","Bait_Toxicbait_purple+1"],"picked":"Anti_communist_purple+1","floor":24.0},{"not_picked":["SharpContractionReality_purple","OmniscientAndOmnipotent_Monster_purple","StateErode_purple"],"picked":"SKIP","floor":28.0},{"not_picked":["Shallow_ocean_purpleEX","StateErode_purple","Worldmountain_purple"],"picked":"SKIP","floor":30.0},{"not_picked":["BarrageBoundary_PipeDream_purple","WangLiang_OokamiKakushi_purple"],"picked":"Monsters_DoubleDeathButterfly_purple","floor":33.0},{"not_picked":["Realm_recovery_purpleEX+1","StateDuplicate_purple+1","Mirror_FormAndEmptin_purple+1"],"picked":"SKIP","floor":35.0},{"not_picked":["PurpleNeedle_purple+1","Worldmountain_purple","RuleDissolution_purple+1"],"picked":"SKIP","floor":38},{"not_picked":["MonsterNeedle_purple+1","Worldmountain_purple","WingOfChimera_purple+1"],"picked":"SKIP","floor":39},{"not_picked":["Mirror_Drifter_purple+1","StateErode_purple","ButterflyHabitatTemple_purple+1"],"picked":"SKIP","floor":40},{"not_picked":["StateErode_purple+1","MeetDecomposer_purple+1"],"picked":"WorldDissolvedintheRealm_purple+1","floor":42},{"not_picked":["OmniscientAndOmnipotent_Monster_purple","Anti_communist_purple+1","SharpContractionReality_purple"],"picked":"SKIP","floor":44},{"not_picked":["Nest_LightFlightworm_purple","Mirror_FormAndEmptin_purple+1","Charmbait_purple"],"picked":"SKIP","floor":45},{"not_picked":["RuleDissolution_purple+1","StateErode_purple","Extrememeaning_purpleEX+1"],"picked":"SKIP","floor":48}],"player_experience":268433,"relics_obtained":[{"floor":9.0,"key":"Toxic Egg 2"},{"floor":10.0,"key":"Gremlin Horn"},{"floor":14.0,"key":"Peace Pipe"},{"floor":23.0,"key":"Meat on the Bone"},{"floor":26.0,"key":"Tea:ReiMu"},{"floor":40,"key":"Kunai"},{"floor":43,"key":"Strawberry"}],"event_choices":[],"is_beta":false,"boss_relics":[{"not_picked":["Pandora\u0027s Box","Snecko Eye"],"picked":"RedLine:ReiMu"},{"not_picked":["Velvet Choker","Cursed Key"],"picked":"SlaversCollar"}],"items_purged_floors":[22,31],"is_endless":false,"potions_floor_spawned":[2,8,14,16,21,23,28,30,33,37,45,48],"ascension_level":0}}