{"host":"l4p18zw33fr8bdc3","time":1612442217,"event":{"mods":["AchievementEnabler","BaseMod","Bestiary","Block Reminder","Colored Map","Colored Powertips","Curses Come First","Minty Spire (QoL Compilation)","Quick Restart","Rare Cards Sparkle","StSLib"],"gold_per_floor":[115,129,140,158,175,209,209,224,247,197,207,207,207],"floor_reached":12,"language":"ENG","playtime":735,"items_purged":[],"score":92,"play_id":"9dcab842-d822-4e27-ba4d-5cec43eb4b67","local_time":"20210204073657","is_ascension_mode":true,"campfire_choices":[{"floor":7,"key":"REST"}],"circlet_count":0,"master_deck":["Strike_P","Strike_P","Strike_P","Defend_P","Defend_P","Defend_P","Defend_P","Eruption","Vigilance","Omniscience","MentalFortress","Tantrum","FlurryOfBlows","Consecrate","Perseverance","WheelKick","InnerPeace"],"relics":["PureWater","Vajra","Orichalcum"],"acts_visited":["Exordium"],"potions_floor_usage":[11],"damage_taken":[{"damage":5,"enemies":"Small Slimes","floor":1,"turns":5},{"damage":0,"enemies":"Cultist","floor":2,"turns":3},{"damage":0,"enemies":"2 Louse","floor":3,"turns":1},{"damage":0,"enemies":"Large Slime","floor":4,"turns":3},{"damage":10,"enemies":"Gremlin Gang","floor":5,"turns":3},{"damage":44,"enemies":"Gremlin Nob","floor":6,"turns":6},{"damage":0,"enemies":"2 Fungi Beasts","floor":8,"turns":2},{"damage":0,"enemies":"Exordium Wildlife","floor":11,"turns":3},{"damage":26,"enemies":"Lagavulin","floor":12,"turns":2}],"seed_played":"7808795625718810320","potions_obtained":[{"floor":4,"key":"SteroidPotion"},{"floor":5,"key":"Block Potion"},{"floor":6,"key":"Energy Potion"}],"is_trial":false,"path_per_floor":["M","M","M","M","M","E","R","M","T","?","M","E"],"character_chosen":"WATCHER","items_purchased":[],"campfire_rested":1,"item_purchase_floors":[],"current_hp_per_floor":[60,60,60,60,50,6,25,25,25,25,25,0,0],"gold":207,"neow_bonus":"THREE_RARE_CARDS","is_daily":false,"chose_seed":false,"campfire_upgraded":0,"win_rate":0.0,"timestamp":1612442217,"path_taken":["M","M","M","M","M","E","R","M","T","?","M","E"],"items_purchased_type":[],"build_version":"2020-12-22","purchased_purges":0,"victory":false,"max_hp_per_floor":[65,65,65,65,65,65,65,65,65,65,65,65,65],"card_choices":[{"not_picked":["DeusExMachina","Alpha"],"picked":"Omniscience","floor":0},{"not_picked":["Halt","CrushJoints"],"picked":"MentalFortress","floor":1},{"not_picked":["Perseverance","WheelKick"],"picked":"Tantrum","floor":2},{"not_picked":["Swivel","ThirdEye"],"picked":"FlurryOfBlows","floor":3},{"not_picked":["Indignation","Crescendo"],"picked":"Consecrate","floor":4},{"not_picked":["Consecrate","ThirdEye"],"picked":"Perseverance","floor":5},{"not_picked":["WreathOfFlame","Fasting2"],"picked":"WheelKick","floor":6},{"not_picked":["Prostrate","BowlingBash"],"picked":"InnerPeace","floor":8},{"not_picked":["MentalFortress","Prostrate","Weave"],"picked":"SKIP","floor":11}],"player_experience":224910,"relics_obtained":[{"floor":6,"key":"Vajra"},{"floor":9,"key":"Orichalcum"}],"event_choices":[{"cards_removed":["Strike_P"],"damage_healed":0,"gold_gain":0,"player_choice":"Card Removal","damage_taken":0,"max_hp_gain":0,"max_hp_loss":0,"event_name":"The Cleric","floor":10,"gold_loss":50}],"is_beta":false,"boss_relics":[],"items_purged_floors":[],"is_endless":false,"potions_floor_spawned":[4,5,6],"killed_by":"Lagavulin","ascension_level":2}}