{"host":"21ilc3txkeir89i9","time":1612427778,"event":{"mods":["BaseMod","BetterRewards","Block Reminder","Card Forge","Hermit","Minty Spire (QoL Compilation)","Spicy Shops","StSLib","The Jungle"],"gold_per_floor":[112,149,149,40,50,50,225,255,255,255,330,342,375,142,142,244,244,259,259,23,35,60,73,103,103,103,138,138,39,72,91,91,195,195,213,213,261,261,114,114,169,169,169,202,2,17,17,35,35,35],"floor_reached":51,"language":"ENG","playtime":2182,"items_purged":[],"score":1263,"play_id":"88c89503-a308-4d3f-8915-422e24703d64","local_time":"20210204003618","is_ascension_mode":true,"campfire_choices":[{"floor":6,"key":"RECALL"},{"floor":10,"key":"DIG"},{"floor":15,"key":"DIG"},{"floor":25,"key":"DIG"},{"floor":32,"key":"DIG"},{"floor":40,"key":"DIG"},{"floor":42,"key":"REST"},{"data":"1","floor":47,"key":"LIFT"},{"floor":49,"key":"REST"}],"circlet_count":0,"master_deck":["Strike_R+1","Strike_R+1","Strike_R+1","Strike_R+1","Defend_R+1","Defend_R+1","Defend_R+1","Defend_R+1","Bash+1","Panache+1","Pommel Strike+1","Twin Strike+1","Metallicize+1","Wild Strike+1","Iron Wave+1","Clash+1","Inflame+1","Twin Strike+1","Finesse+1","Whirlwind+1","Offering+1","Twin Strike+1","Immolate+1","Heavy Blade+1","Inflame+1","Seeing Red+1","Offering+1","Heavy Blade+1","Bandage Up+1","Shrug It Off+1","Combust+1","Pommel Strike+1","Cleave+1","Body Slam+1","Spot Weakness+1","Wild Strike+1","Double Tap+1","Rampage+1","Madness+1","Fire Breathing+1","Hemokinesis+1","Iron Wave+1","Uppercut+1"],"relics":["Black Blood","Hammer of Thor","Seething Fire","Anvil of the Gods","Membership Card","Shovel","TungstenRod","Pear","Happy Flower","Ornamental Fan","Incense Burner","Pen Nib","HandDrill","Orichalcum","Juzu Bracelet","Thread and Needle","Blood Vial","theJungle:BirthdayCakeSlice","Oddly Smooth Stone","Toxic Egg 2","Akabeko","Empty Cage","Du-Vu Doll","Bronze Scales","Strawberry","Frozen Egg 2","Vajra","Potion Belt","Girya","Regal Pillow","Mercury Hourglass"],"acts_visited":["Exordium","Exordium","TheBeyond"],"potions_floor_usage":[2,2],"damage_taken":[{"damage":0,"enemies":"2 Louse","floor":1,"turns":2},{"damage":0,"enemies":"Small Slimes","floor":2,"turns":2},{"damage":0,"enemies":"Jaw Worm","floor":5,"turns":3},{"damage":12,"enemies":"Lagavulin","floor":8,"turns":5},{"damage":5,"enemies":"Looter","floor":12,"turns":1},{"damage":5,"enemies":"Gremlin Nob","floor":13,"turns":2},{"damage":18,"enemies":"The Guardian","floor":16,"turns":4},{"damage":5,"enemies":"theJungle:Flameango_and_Byrd","floor":18,"turns":4},{"damage":0,"enemies":"theJungle:GiantWrat","floor":21,"turns":2},{"damage":0,"enemies":"theJungle:JungleHuntersEncounter","floor":23,"turns":2},{"damage":22,"enemies":"theJungle:Cassacara","floor":24,"turns":5},{"damage":11,"enemies":"theJungle:2_Phrogs","floor":27,"turns":3},{"damage":2,"enemies":"theJungle:MamaSnecko","floor":30,"turns":5},{"damage":5,"enemies":"theJungle:2_Snecko_Cultists","floor":31,"turns":2},{"damage":8,"enemies":"theJungle:FunGuy","floor":33,"turns":5},{"damage":0,"enemies":"Orb Walker","floor":35,"turns":2},{"damage":28,"enemies":"2 Orb Walkers","floor":37,"turns":5},{"damage":11,"enemies":"Nemesis","floor":44,"turns":5},{"damage":12,"enemies":"3 Shapes","floor":46,"turns":1},{"damage":40,"enemies":"Maw","floor":48,"turns":6},{"damage":33,"enemies":"Donu and Deca","floor":50,"turns":4}],"seed_played":"5270831577857204455","potions_obtained":[{"floor":1,"key":"EntropicBrew"},{"floor":2,"key":"SkillPotion"},{"floor":5,"key":"BloodPotion"},{"floor":8,"key":"Explosive Potion"},{"floor":35,"key":"Ancient Potion"},{"floor":46,"key":"DistilledChaos"}],"is_trial":false,"path_per_floor":["M","M","?","$","M","R","?","E","T","R","?","M","E","$","R","B",null,"M","?","$","M","T","M","E","R","T","E","?","$","E","M","R","B",null,"M","?","?","?","$","R","T","R","T","E","$","M","R","M","R","B",null],"character_chosen":"IRONCLAD","items_purchased":["Membership Card","Panache","Pommel Strike","Twin Strike","Metallicize","Inflame","Twin Strike","Finesse","Incense Burner","Heavy Blade","Inflame","Seeing Red","Bandage Up","Shrug It Off","Combust","HandDrill","Body Slam","Oddly Smooth Stone","Bronze Scales","Strawberry","Regal Pillow","Mercury Hourglass"],"campfire_rested":2,"item_purchase_floors":[0,0,0,0,0,4,4,4,14,14,14,14,20,20,20,20,29,29,39,39,45,45],"current_hp_per_floor":[80,80,80,80,80,80,80,74,84,84,74,75,76,76,76,64,90,90,90,90,90,90,90,80,80,80,87,92,92,95,95,95,95,95,95,84,76,76,83,83,83,102,102,102,102,102,102,80,102,87],"gold":35,"neow_bonus":"","is_daily":false,"chose_seed":false,"campfire_upgraded":0,"win_rate":0.0,"timestamp":1612427778,"path_taken":["M","M","?","$","M","R","?","E","T","R","?","M","E","?","R","BOSS","M","?","$","M","?","?","E","R","T","E","?","$","E","M","R","BOSS","M","?","?","?","$","R","?","R","T","E","?","M","R","M","R","BOSS"],"items_purchased_type":["Relic","Card","Card","Card","Card","Card","Card","Card","Relic","Card","Card","Card","Card","Card","Card","Relic","Card","Relic","Relic","Relic","Relic","Relic"],"build_version":"2020-12-22","purchased_purges":0,"victory":true,"max_hp_per_floor":[80,80,80,80,80,80,80,80,90,90,90,90,90,90,90,90,90,90,90,90,90,90,90,90,90,90,90,95,95,95,95,95,95,95,95,95,95,95,102,102,102,102,102,102,102,102,102,102,102,102],"card_choices":[{"not_picked":["Armaments","Clash"],"picked":"Wild Strike","floor":1},{"not_picked":["Warcry","Pommel Strike"],"picked":"Iron Wave","floor":2},{"not_picked":["True Grit","Warcry"],"picked":"Whirlwind","floor":5},{"not_picked":["Sword Boomerang","Flex"],"picked":"Offering","floor":8},{"not_picked":["Uppercut","True Grit"],"picked":"Twin Strike","floor":12},{"not_picked":["Seeing Red","Cleave"],"picked":"Immolate","floor":13},{"not_picked":["Corruption","Demon Form"],"picked":"Offering","floor":16},{"not_picked":["Disarm","Uppercut"],"picked":"Heavy Blade","floor":18},{"not_picked":["Havoc+1","Dual Wield+1"],"picked":"Pommel Strike","floor":21},{"not_picked":["Clash","Anger"],"picked":"Cleave","floor":23},{"not_picked":["Shockwave","Battle Trance"],"picked":"Dark Embrace+1","floor":24},{"not_picked":["Blood for Blood","Warcry"],"picked":"Sever Soul","floor":27},{"not_picked":["Flex","Fiend Fire"],"picked":"Spot Weakness","floor":30},{"not_picked":["Body Slam","Thunderclap"],"picked":"Wild Strike","floor":31},{"not_picked":["Fiend Fire","Juggernaut"],"picked":"Double Tap+1","floor":33},{"not_picked":["Sever Soul+1","Warcry+1"],"picked":"Rampage+1","floor":35},{"not_picked":["Armaments+1","Anger"],"picked":"Fire Breathing+1","floor":37},{"not_picked":["Brutality+1","Rampage"],"picked":"Hemokinesis","floor":44},{"not_picked":["Twin Strike+1","Flex+1"],"picked":"Iron Wave","floor":46},{"not_picked":["Burning Pact+1","Fire Breathing+1"],"picked":"Uppercut","floor":48}],"player_experience":279208,"relics_obtained":[{"floor":8,"key":"TungstenRod"},{"floor":9,"key":"Pear"},{"floor":10,"key":"Happy Flower"},{"floor":13,"key":"Ornamental Fan"},{"floor":15,"key":"Pen Nib"},{"floor":24,"key":"Orichalcum"},{"floor":25,"key":"Juzu Bracelet"},{"floor":26,"key":"Thread and Needle"},{"floor":27,"key":"Blood Vial"},{"floor":30,"key":"Toxic Egg 2"},{"floor":32,"key":"Akabeko"},{"floor":37,"key":"Du-Vu Doll"},{"floor":40,"key":"Frozen Egg 2"},{"floor":41,"key":"Vajra"},{"floor":43,"key":"Potion Belt"},{"floor":44,"key":"Girya"}],"event_choices":[{"damage_healed":0,"gold_gain":0,"cards_transformed":["Strike_R"],"player_choice":"Change","damage_taken":0,"max_hp_gain":0,"max_hp_loss":0,"event_name":"Living Wall","floor":3,"gold_loss":0,"cards_obtained":["Clash"]},{"damage_healed":0,"gold_gain":175,"player_choice":"AGREE","damage_taken":0,"max_hp_gain":0,"max_hp_loss":0,"event_name":"Liars Game","floor":7,"gold_loss":0,"cards_obtained":["Doubt"]},{"damage_healed":0,"gold_gain":75,"player_choice":"Gather Gold","damage_taken":11,"max_hp_gain":0,"max_hp_loss":0,"event_name":"World of Goop","floor":11,"gold_loss":0},{"damage_healed":0,"gold_gain":0,"player_choice":"Embrace Madness","damage_taken":12,"max_hp_gain":0,"max_hp_loss":0,"event_name":"Winding Halls","floor":36,"gold_loss":0,"cards_obtained":["Madness","Madness"]},{"damage_healed":0,"gold_gain":0,"player_choice":"Fight","damage_taken":0,"max_hp_gain":0,"max_hp_loss":0,"event_name":"Mysterious Sphere","floor":37,"gold_loss":0},{"cards_removed":["Madness"],"damage_healed":0,"gold_gain":0,"player_choice":"Removed Skill","damage_taken":0,"max_hp_gain":0,"max_hp_loss":0,"event_name":"Falling","floor":38,"gold_loss":0}],"is_beta":false,"boss_relics":[{"not_picked":["Cursed Key","SacredBark"],"picked":"Black Blood"},{"not_picked":["Runic Pyramid","Pandora\u0027s Box"],"picked":"Empty Cage"}],"items_purged_floors":[],"is_endless":false,"potions_floor_spawned":[1,2,5,8,18,30,31,35,46],"ascension_level":2}}