{"host":"i0avyit1s6jb1siw","time":1612469603,"event":{"mods":["BaseMod","DeckTracker","Dota2Spire","Highlight Path","Minty Spire (QoL Compilation)","Quick Restart","StSLib","SuperFastMode"],"gold_per_floor":[111,36,51,126,126,153,153,61,77,125,150,164,197,197,223,236,236,236,310,310,283,298,332,122,122,122,122],"floor_reached":26,"language":"ENG","playtime":450,"items_purged":["Strike_G","Strike_G"],"score":498,"play_id":"4bd3c3b0-dab2-4764-86c3-c736ade37277","local_time":"20210204211323","is_ascension_mode":true,"campfire_choices":[{"data":"Neutralize","floor":7.0,"key":"SMITH"},{"data":"Noxious Fumes","floor":14.0,"key":"SMITH"},{"data":"After Image","floor":17.0,"key":"SMITH"},{"floor":18.0,"key":"REST"}],"circlet_count":0,"master_deck":["AscendersBane","Strike_G","Strike_G","Strike_G","Defend_G","Defend_G","Defend_G","Defend_G","Defend_G","Survivor","Neutralize+1","Poisoned Stab","Masterful Stab","Endless Agony","Blade Dance","Footwork","Noxious Fumes+1","Crippling Poison","After Image+1","Catalyst","Predator","Backflip","Acrobatics"],"relics":["Ring of the Snake","NeowsBlessing","Bag of Marbles","Dota2Spire:DrumOfEndurance","Anchor","Lantern","Regal Pillow","Snecko Eye","Red Mask"],"acts_visited":["TheCity"],"potions_floor_usage":[],"damage_taken":[{"damage":0.0,"enemies":"Cultist","floor":1.0,"turns":1.0},{"damage":0.0,"enemies":"Jaw Worm","floor":3.0,"turns":1.0},{"damage":0.0,"enemies":"Gremlin Nob","floor":6.0,"turns":1.0},{"damage":0.0,"enemies":"2 Louse","floor":9.0,"turns":2.0},{"damage":0.0,"enemies":"Blue Slaver","floor":12.0,"turns":1.0},{"damage":15.0,"enemies":"Lagavulin","floor":13.0,"turns":5.0},{"damage":7.0,"enemies":"3 Sentries","floor":15.0,"turns":7.0},{"damage":3.0,"enemies":"Red Slaver","floor":16.0,"turns":3.0},{"damage":48.0,"enemies":"Slime Boss","floor":19.0,"turns":9.0},{"damage":1.0,"enemies":"2 Thieves","floor":21.0,"turns":4.0},{"damage":0.0,"enemies":"Spheric Guardian","floor":22.0,"turns":5.0},{"damage":9,"enemies":"Masked Bandits","floor":23,"turns":5},{"damage":55,"enemies":"Slavers","floor":26,"turns":4}],"seed_played":"5542631545766284084","potions_obtained":[{"floor":1.0,"key":"BlessingOfTheForge"},{"floor":9.0,"key":"LiquidBronze"},{"floor":19.0,"key":"EssenceOfSteel"}],"is_trial":false,"path_per_floor":["M","$","M","?","?","E","R","$","M","T","T","M","E","R","E","M","R","R","B",null,"M","M","?","$","?","E"],"character_chosen":"THE_SILENT","items_purchased":["Blade Dance","Footwork","Backflip","Acrobatics"],"campfire_rested":1,"item_purchase_floors":[8,8,24,24],"current_hp_per_floor":[59,59,59,48,53,53,53,53,53,53,53,53,38,38,31,28,28,64,16,57,56,56,47,47,47,0,0],"gold":122,"neow_bonus":"THREE_ENEMY_KILL","is_daily":false,"chose_seed":false,"campfire_upgraded":3,"win_rate":0.0,"timestamp":1612469603,"path_taken":["M","$","?","?","?","E","R","?","M","T","T","M","E","R","E","M","R","R","BOSS","M","M","?","$","?","E"],"items_purchased_type":["Card","Card","Card","Card"],"build_version":"2020-12-22","purchased_purges":2,"victory":false,"max_hp_per_floor":[66,66,66,66,71,71,71,71,71,71,71,71,71,71,71,71,71,71,71,71,71,71,71,71,71,71,71],"card_choices":[{"not_picked":["Outmaneuver","Dodge and Roll"],"picked":"Poisoned Stab","floor":1.0},{"not_picked":["Blade Dance","Backflip"],"picked":"Masterful Stab","floor":3.0},{"not_picked":["Terror","Dodge and Roll"],"picked":"Endless Agony","floor":6.0},{"not_picked":["Dash","Well Laid Plans"],"picked":"Noxious Fumes","floor":9.0},{"not_picked":["Acrobatics","Outmaneuver"],"picked":"Crippling Poison","floor":12.0},{"not_picked":["Distraction","Flying Knee","Underhanded Strike"],"picked":"SKIP","floor":13.0},{"not_picked":["Sucker Punch","Masterful Stab","Poisoned Stab"],"picked":"SKIP","floor":15.0},{"not_picked":["Terror","Dagger Spray"],"picked":"After Image","floor":16.0},{"not_picked":["Blade Dance","Heel Hook","Terror"],"picked":"SKIP","floor":21.0},{"not_picked":["Underhanded Strike+1","Blur"],"picked":"Catalyst","floor":22.0},{"not_picked":["Caltrops","Distraction+1"],"picked":"Predator","floor":23}],"player_experience":2407677,"relics_obtained":[{"floor":6.0,"key":"Bag of Marbles"},{"floor":10.0,"key":"Dota2Spire:DrumOfEndurance"},{"floor":11.0,"key":"Anchor"},{"floor":13.0,"key":"Lantern"},{"floor":15.0,"key":"Regal Pillow"},{"floor":23,"key":"Red Mask"}],"event_choices":[{"damage_healed":0.0,"max_hp_gain":0.0,"max_hp_loss":0.0,"gold_gain":75.0,"event_name":"World of Goop","player_choice":"Gather Gold","floor":4.0,"gold_loss":0.0,"damage_taken":11.0},{"damage_healed":0.0,"max_hp_gain":5.0,"max_hp_loss":0.0,"gold_gain":0.0,"event_name":"Big Fish","player_choice":"Donut","floor":5.0,"gold_loss":0.0,"damage_taken":0.0},{"damage_healed":0,"gold_gain":0,"player_choice":"Fought Bandits","damage_taken":0,"max_hp_gain":0,"max_hp_loss":0,"event_name":"Masked Bandits","floor":23,"gold_loss":0},{"damage_healed":0,"gold_gain":0,"player_choice":"Ignored","damage_taken":0,"max_hp_gain":0,"max_hp_loss":0,"event_name":"Ghosts","floor":25,"gold_loss":0}],"is_beta":false,"boss_relics":[{"not_picked":["Black Star","Philosopher\u0027s Stone"],"picked":"Snecko Eye"}],"items_purged_floors":[2,24],"is_endless":false,"potions_floor_spawned":[1,9,19,23],"killed_by":"Slavers","ascension_level":20}}