{"host":"19r1ww88x2tc73i0","time":1612421241,"event":{"mods":["BaseMod","BetterRewards","Colored Map","Minty Spire (QoL Compilation)","Relic Stats","StSLib","SuperFastMode","slay the spire mod where everything is the same but ironclad has a cowboy hat"],"gold_per_floor":[112,124,135,135,135,135,135,156,156,189,212,247,48,92,92,211,211,227,227,246,264,285,285,320,320,345,376,402,447,459,471,483,626,638,664,327,347,365,150,185,185,185,185,185,209,248,581,581,581,581,581,581,24,52,52],"floor_reached":56,"language":"ENG","playtime":3712,"items_purged":["Strike_P","Strike_P","Strike_P+1","Strike_P+1","PathToVictory+1"],"score":2701,"play_id":"fa5ab411-2292-4b8e-be2b-4fbe68998d00","local_time":"25640204134721","is_ascension_mode":true,"campfire_choices":[{"data":"FlyingSleeves","floor":6.0,"key":"SMITH"},{"data":"CrushJoints","floor":15.0,"key":"SMITH"},{"data":"Wallop","floor":23.0,"key":"SMITH"},{"data":"LessonLearned","floor":25.0,"key":"SMITH"},{"data":"Prostrate","floor":32.0,"key":"SMITH"},{"data":"Vault","floor":41,"key":"SMITH"},{"floor":49,"key":"RECALL"},{"floor":52,"key":"REST"}],"circlet_count":0,"master_deck":["AscendersBane","Defend_P+1","Defend_P+1","Defend_P+1","Eruption+1","Vigilance+1","FlyingSleeves+1","Prostrate+1","CrushJoints+1","Fasting2+1","WheelKick+1","Wallop+1","JustLucky+1","LessonLearned+1","FlyingSleeves+1","ThirdEye+1","CutThroughFate+1","Prostrate+1","Ragnarok+1","Prostrate+1","Vault+1","Consecrate+1","ThirdEye+1","Master of Strategy+1","Finesse+1","MentalFortress+1","Omniscience"],"relics":["PureWater","Incense Burner","TungstenRod","Mummified Hand","Anchor","Matryoshka","Torii","Smiling Mask","Turnip","Blue Candle","Bottled Lightning","ClockworkSouvenir","Ice Cream","Runic Pyramid","Oddly Smooth Stone","Dream Catcher","Pen Nib","MawBank","Boot","MutagenicStrength","SlaversCollar","CloakClasp","Darkstone Periapt","Mercury Hourglass","Sling","FossilizedHelix","Blood Vial"],"acts_visited":["TheCity","TheBeyond","TheEnding"],"potions_floor_usage":[50,55],"damage_taken":[{"damage":0.0,"enemies":"Jaw Worm","floor":1.0,"turns":2.0},{"damage":0.0,"enemies":"Small Slimes","floor":2.0,"turns":2.0},{"damage":0.0,"enemies":"2 Louse","floor":3.0,"turns":1.0},{"damage":0.0,"enemies":"Red Slaver","floor":8.0,"turns":2.0},{"damage":0.0,"enemies":"Lagavulin","floor":10.0,"turns":6.0},{"damage":0.0,"enemies":"3 Louse","floor":11.0,"turns":4.0},{"damage":27.0,"enemies":"Gremlin Nob","floor":12.0,"turns":3.0},{"damage":0.0,"enemies":"Lagavulin","floor":14.0,"turns":7.0},{"damage":11.0,"enemies":"Hexaghost","floor":16.0,"turns":10.0},{"damage":0.0,"enemies":"Shell Parasite","floor":18.0,"turns":5.0},{"damage":0.0,"enemies":"Chosen","floor":20.0,"turns":3.0},{"damage":0.0,"enemies":"Snake Plant","floor":21.0,"turns":2.0},{"damage":0.0,"enemies":"3 Cultists","floor":22.0,"turns":4.0},{"damage":0.0,"enemies":"Book of Stabbing","floor":24.0,"turns":6.0},{"damage":0.0,"enemies":"Slavers","floor":27.0,"turns":6.0},{"damage":0.0,"enemies":"Centurion and Healer","floor":28.0,"turns":4.0},{"damage":0.0,"enemies":"Book of Stabbing","floor":29.0,"turns":7.0},{"damage":0.0,"enemies":"Champ","floor":33.0,"turns":8.0},{"damage":0,"enemies":"Orb Walker","floor":35,"turns":5},{"damage":0,"enemies":"3 Shapes","floor":37,"turns":4},{"damage":0,"enemies":"Transient","floor":38,"turns":5},{"damage":0,"enemies":"Giant Head","floor":40,"turns":5},{"damage":0,"enemies":"Sphere and 2 Shapes","floor":45,"turns":4},{"damage":0,"enemies":"Reptomancer","floor":46,"turns":3},{"damage":8,"enemies":"Awakened One","floor":50,"turns":8},{"damage":0,"enemies":"Shield and Spear","floor":54,"turns":4},{"damage":0,"enemies":"The Heart","floor":55,"turns":10}],"seed_played":"-6000173005643131056","potions_obtained":[{"floor":8.0,"key":"FairyPotion"},{"floor":10.0,"key":"Swift Potion"},{"floor":14.0,"key":"Fruit Juice"},{"floor":18.0,"key":"AttackPotion"},{"floor":21.0,"key":"Strength Potion"},{"floor":24.0,"key":"Swift Potion"},{"floor":27.0,"key":"Swift Potion"},{"floor":33.0,"key":"Swift Potion"},{"floor":37,"key":"Weak Potion"},{"floor":48,"key":"FairyPotion"}],"is_trial":false,"path_per_floor":["M","M","M","?","?","R","?","M","T","E","M","E","$","E","R","B",null,"M","?","M","M","M","R","E","R","T","E","M","E","?","?","R","B",null,"M","$","M","M","$","E","R","?","T","?","M","E","?","?","R","B",null,"R","$","E","B",null],"character_chosen":"WATCHER","items_purchased":["Incense Burner","FlyingSleeves","TungstenRod","Mummified Hand","Anchor","Matryoshka","Torii","Prostrate","Block Potion","Block Potion","ClockworkSouvenir","CloakClasp","Master of Strategy","Sling","FossilizedHelix","PowerPotion"],"campfire_rested":1,"item_purchase_floors":[0,0,0,0,0,0,0,0,0,0,13,36,39,53,53,53],"current_hp_per_floor":[23,23,23,23,23,23,23,23,23,23,23,20,20,20,20,9,53,53,53,53,58,58,58,58,58,58,58,58,58,58,58,58,58,69,69,69,69,69,69,69,69,65,65,65,65,65,65,65,65,57,68,72,72,72,72],"gold":52,"neow_bonus":"","is_daily":false,"chose_seed":false,"campfire_upgraded":6,"win_rate":0.0,"timestamp":1612421241,"path_taken":["M","M","M","?","?","R","?","M","T","E","M","E","$","E","R","BOSS","M","?","M","M","M","R","E","R","T","E","M","E","?","?","R","BOSS","M","$","M","M","$","E","R","?","T","?","?","E","?","?","R","BOSS","R","$","E","BOSS"],"items_purchased_type":["Relic","Card","Relic","Relic","Relic","Relic","Relic","Card","Potion","Potion","Relic","Relic","Card","Relic","Relic","Potion"],"build_version":"2020-12-22","purchased_purges":5,"victory":true,"max_hp_per_floor":[72,72,72,67,67,67,67,67,67,67,67,67,67,67,67,67,67,67,67,67,72,72,72,72,72,72,72,72,72,72,72,72,72,72,72,72,72,72,72,72,72,72,72,72,72,72,72,72,72,72,72,72,72,72,72],"relic_stats":{"Darkstone Periapt":0,"Torii":34,"counters":[149,601],"Blue Candle":[0],"Pen Nib":[12],"CloakClasp":[166],"Smiling Mask":350,"MawBank":108,"Boot":[10],"Mercury Hourglass":[372],"Blood Vial":0,"Dream Catcher":1,"Mummified Hand":[118],"Turnip":[13],"obtain_stats":[{"Ice Cream":14,"Calipers":41,"Gremlin Horn":23,"Nilry\u0027s Codex":19,"CeramicFish":9,"Vajra":31,"Runic Capacitor":21,"Ginger":37,"Bottled Tornado":21,"Boot":32,"Sling":53,"Old Coin":48,"Blood Vial":24,"Lizard Tail":0,"Centennial Puzzle":40,"Sundial":12,"Strawberry":14,"Prayer Wheel":0,"Fusion Hammer":17,"VioletLotus":34,"Kunai":0,"Toxic Egg 2":0,"Girya":0,"Happy Flower":0,"Dead Branch":23,"Blue Candle":10,"Oddly Smooth Stone":53,"Eternal Feather":43,"Pen Nib":3,"Question Card":39,"Akabeko":9,"SlaversCollar":34,"Bottled Flame":26,"Shuriken":43,"Bronze Scales":9,"Bird Faced Urn":0,"MutagenicStrength":30,"Molten Egg 2":0,"StrikeDummy":29,"Unceasing Top":41,"Meat on the Bone":7,"Darkstone Periapt":20,"Lantern":36,"Torii":0,"SacredBark":17,"Mango":0,"StoneCalendar":0,"Yang":53,"Incense Burner":10,"Juzu Bracelet":14,"Bag of Preparation":29,"CloakClasp":36,"TeardropLocket":26,"Ancient Tea Set":45,"Smiling Mask":9,"ClockworkSouvenir":13,"Emotion Chip":26,"Dream Catcher":27,"Nunchaku":43,"Matryoshka":4,"Shovel":27,"Mummified Hand":9,"Gambling Chip":40,"Tiny Chest":0,"WingedGreaves":0,"Cracked Core":0,"InkBottle":53,"Runic Pyramid":17,"Potion Belt":20,"Lee\u0027s Waffle":0,"Golden Idol":2,"Damaru":4,"Thread and Needle":25,"PreservedInsect":6,"The Courier":44,"Omamori":0,"Frozen Egg 2":0,"Orichalcum":41,"MawBank":8,"GoldenEye":0,"Mercury Hourglass":13,"Peace Pipe":45,"Strange Spoon":41,"Anchor":0,"Ornamental Fan":54,"Orrery":53,"Turnip":0,"Coffee Dripper":34,"Bag of Marbles":45,"Membership Card":0,"Bottled Lightning":12,"PureWater":0,"TungstenRod":0,"FossilizedHelix":0},{"Ice Cream":130,"Calipers":87,"Gremlin Horn":54,"Nilry\u0027s Codex":77,"CeramicFish":42,"Vajra":16,"Runic Capacitor":9,"Ginger":19,"Bottled Tornado":9,"Boot":83,"Sling":147,"Old Coin":24,"Blood Vial":11,"Lizard Tail":0,"Centennial Puzzle":21,"Sundial":73,"Strawberry":33,"Prayer Wheel":94,"Fusion Hammer":51,"VioletLotus":58,"Kunai":26,"Toxic Egg 2":0,"Girya":38,"Happy Flower":0,"Dead Branch":80,"Blue Candle":127,"Oddly Smooth Stone":92,"Eternal Feather":62,"Pen Nib":28,"Question Card":20,"Akabeko":31,"SlaversCollar":140,"Bottled Flame":55,"Shuriken":22,"Bronze Scales":4,"Bird Faced Urn":34,"MutagenicStrength":139,"Molten Egg 2":43,"StrikeDummy":82,"Unceasing Top":87,"Meat on the Bone":42,"Darkstone Periapt":9,"Lantern":18,"Torii":94,"SacredBark":76,"Mango":0,"StoneCalendar":0,"Yang":120,"Incense Burner":5,"Juzu Bracelet":7,"Bag of Preparation":14,"CloakClasp":141,"TeardropLocket":81,"Ancient Tea Set":64,"Smiling Mask":126,"ClockworkSouvenir":129,"Emotion Chip":11,"Dream Catcher":12,"Nunchaku":87,"Matryoshka":2,"Shovel":82,"Mummified Hand":4,"Gambling Chip":114,"Tiny Chest":38,"WingedGreaves":0,"Cracked Core":0,"InkBottle":92,"Runic Pyramid":8,"Potion Belt":9,"Lee\u0027s Waffle":34,"Golden Idol":68,"Damaru":36,"Thread and Needle":108,"PreservedInsect":70,"The Courier":87,"Omamori":0,"Frozen Egg 2":0,"Orichalcum":22,"MawBank":4,"GoldenEye":26,"Mercury Hourglass":103,"Peace Pipe":23,"Strange Spoon":87,"Anchor":0,"Ornamental Fan":121,"Orrery":120,"Turnip":43,"Coffee Dripper":17,"Bag of Marbles":88,"Membership Card":0,"Bottled Lightning":129,"PureWater":0,"TungstenRod":38,"FossilizedHelix":94},{"Ice Cream":498,"Calipers":351,"Gremlin Horn":245,"Nilry\u0027s Codex":317,"CeramicFish":204,"Vajra":80,"Runic Capacitor":46,"Ginger":98,"Bottled Tornado":46,"Boot":332,"Sling":587,"Old Coin":129,"Blood Vial":56,"Lizard Tail":0,"Centennial Puzzle":109,"Sundial":307,"Strawberry":169,"Prayer Wheel":380,"Fusion Hammer":234,"VioletLotus":258,"Kunai":155,"Toxic Egg 2":0,"Girya":195,"Happy Flower":0,"Dead Branch":325,"Blue Candle":484,"Oddly Smooth Stone":372,"Eternal Feather":274,"Pen Nib":160,"Question Card":102,"Akabeko":166,"SlaversCollar":553,"Bottled Flame":249,"Shuriken":116,"Bronze Scales":15,"Bird Faced Urn":178,"MutagenicStrength":545,"Molten Egg 2":205,"StrikeDummy":329,"Unceasing Top":351,"Meat on the Bone":204,"Darkstone Periapt":46,"Lantern":93,"Torii":380,"SacredBark":315,"Mango":0,"StoneCalendar":0,"Yang":462,"Incense Burner":22,"Juzu Bracelet":32,"Bag of Preparation":69,"CloakClasp":558,"TeardropLocket":328,"Ancient Tea Set":278,"Smiling Mask":478,"ClockworkSouvenir":491,"Emotion Chip":56,"Dream Catcher":61,"Nunchaku":351,"Matryoshka":7,"Shovel":329,"Mummified Hand":15,"Gambling Chip":439,"Tiny Chest":195,"WingedGreaves":0,"Cracked Core":0,"InkBottle":372,"Runic Pyramid":41,"Potion Belt":46,"Lee\u0027s Waffle":178,"Golden Idol":290,"Damaru":185,"Thread and Needle":418,"PreservedInsect":298,"The Courier":351,"Omamori":0,"Frozen Egg 2":0,"Orichalcum":116,"MawBank":15,"GoldenEye":155,"Mercury Hourglass":405,"Peace Pipe":123,"Strange Spoon":351,"Anchor":0,"Ornamental Fan":466,"Orrery":462,"Turnip":205,"Coffee Dripper":88,"Bag of Marbles":357,"Membership Card":0,"Bottled Lightning":491,"PureWater":0,"TungstenRod":195,"FossilizedHelix":380}],"TungstenRod":15},"card_choices":[{"not_picked":["Protect","PathToVictory"],"picked":"CrushJoints","floor":1.0},{"not_picked":["ThirdEye","FearNoEvil"],"picked":"Fasting2","floor":2.0},{"not_picked":["SignatureMove","EmptyFist"],"picked":"WheelKick","floor":3.0},{"not_picked":["SignatureMove","DeceiveReality","Crescendo"],"picked":"SKIP","floor":8.0},{"not_picked":["JustLucky","EmptyFist"],"picked":"Wallop","floor":10.0},{"not_picked":["WindmillStrike","Halt","LikeWater"],"picked":"SKIP","floor":11.0},{"not_picked":["SignatureMove","Omniscience","Tantrum"],"picked":"SKIP","floor":12.0},{"not_picked":["Meditate","Omniscience"],"picked":"JustLucky","floor":14.0},{"not_picked":["SpiritShield","MasterReality"],"picked":"LessonLearned","floor":16.0},{"not_picked":["InnerPeace","JustLucky"],"picked":"FlyingSleeves","floor":18.0},{"not_picked":["MentalFortress","Consecrate"],"picked":"ThirdEye+1","floor":20.0},{"not_picked":["SashWhip","Meditate","Halt"],"picked":"SKIP","floor":21.0},{"not_picked":["Vengeance+1","WindmillStrike"],"picked":"CutThroughFate+1","floor":22.0},{"not_picked":["ThirdEye+1","SandsOfTime"],"picked":"Prostrate+1","floor":24.0},{"not_picked":["ClearTheMind","Protect","ThirdEye"],"picked":"SKIP","floor":27.0},{"not_picked":["Indignation","PathToVictory"],"picked":"CarveReality+1","floor":28.0},{"not_picked":["Tantrum","CrushJoints"],"picked":"Ragnarok","floor":29.0},{"not_picked":["Wish","LessonLearned"],"picked":"Vault","floor":33.0},{"not_picked":["BattleHymn","MentalFortress"],"picked":"Consecrate+1","floor":35},{"not_picked":["JustLucky","EmptyFist+1","Consecrate+1"],"picked":"SKIP","floor":37},{"not_picked":["Crescendo","Weave+1"],"picked":"ThirdEye+1","floor":38},{"not_picked":["WheelKick+1","EmptyBody","ReachHeaven+1"],"picked":"SKIP","floor":40},{"not_picked":["Discovery","Flash of Steel"],"picked":"Finesse","floor":42},{"not_picked":["EmptyFist","Worship","ClearTheMind"],"picked":"SKIP","floor":45},{"not_picked":["PathToVictory+1","SignatureMove","FlurryOfBlows"],"picked":"SKIP","floor":46},{"not_picked":["InnerPeace","CutThroughFate+1"],"picked":"MentalFortress+1","floor":52},{"not_picked":["FlurryOfBlows+1","Judgement"],"picked":"Omniscience","floor":54}],"player_experience":1003365,"relics_obtained":[{"floor":9.0,"key":"Smiling Mask"},{"floor":9.0,"key":"Turnip"},{"floor":10.0,"key":"Blue Candle"},{"floor":12.0,"key":"Bottled Lightning"},{"floor":14.0,"key":"Ice Cream"},{"floor":24.0,"key":"Oddly Smooth Stone"},{"floor":26.0,"key":"Dream Catcher"},{"floor":26.0,"key":"Pen Nib"},{"floor":27.0,"key":"MawBank"},{"floor":29.0,"key":"Boot"},{"floor":40,"key":"Darkstone Periapt"},{"floor":46,"key":"Mercury Hourglass"},{"floor":54,"key":"Blood Vial"}],"event_choices":[{"damage_healed":0.0,"max_hp_gain":0.0,"max_hp_loss":5.0,"gold_gain":0.0,"event_name":"Golden Idol","player_choice":"Lose Max HP","floor":4.0,"gold_loss":0.0,"damage_taken":0.0,"relics_obtained":["Golden Idol"]},{"damage_healed":0.0,"max_hp_gain":0.0,"max_hp_loss":0.0,"gold_gain":0.0,"event_name":"Living Wall","player_choice":"Grow","floor":5.0,"gold_loss":0.0,"damage_taken":0.0,"cards_upgraded":["Fasting2"]},{"damage_healed":0.0,"max_hp_gain":0.0,"max_hp_loss":0.0,"gold_gain":0.0,"cards_transformed":["Defend_P"],"event_name":"Transmorgrifier","player_choice":"Transformed","floor":7.0,"gold_loss":0.0,"damage_taken":0.0,"cards_obtained":["PathToVictory"]},{"damage_healed":0.0,"max_hp_gain":0.0,"max_hp_loss":0.0,"gold_gain":0.0,"event_name":"Ghosts","player_choice":"Ignored","floor":19.0,"gold_loss":0.0,"damage_taken":0.0},{"damage_healed":0.0,"max_hp_gain":0.0,"max_hp_loss":0.0,"gold_gain":0.0,"event_name":"Drug Dealer","player_choice":"Inject Mutagens","floor":30.0,"gold_loss":0.0,"damage_taken":0.0,"relics_obtained":["MutagenicStrength"]},{"damage_healed":0.0,"max_hp_gain":0.0,"max_hp_loss":0.0,"gold_gain":0.0,"event_name":"The Library","player_choice":"Read","floor":31.0,"gold_loss":0.0,"damage_taken":0.0,"cards_obtained":["Prostrate"]},{"damage_healed":0,"gold_gain":0,"player_choice":"Memory 2","damage_taken":5,"max_hp_gain":0,"max_hp_loss":0,"event_name":"SensoryStone","floor":42,"gold_loss":0},{"cards_removed":["CarveReality"],"damage_healed":0,"gold_gain":0,"player_choice":"Removed Attack","damage_taken":0,"max_hp_gain":0,"max_hp_loss":0,"event_name":"Falling","floor":44,"gold_loss":0},{"damage_healed":0,"gold_gain":333,"player_choice":"Gave Idol","damage_taken":0,"max_hp_gain":0,"max_hp_loss":0,"event_name":"The Moai Head","floor":47,"relics_lost":["Golden Idol"],"gold_loss":0},{"damage_healed":0,"gold_gain":0,"player_choice":"Got Potions","damage_taken":0,"max_hp_gain":0,"max_hp_loss":0,"event_name":"Lab","floor":48,"gold_loss":0}],"is_beta":false,"boss_relics":[{"not_picked":["Pandora\u0027s Box","Astrolabe"],"picked":"Runic Pyramid"},{"not_picked":["VioletLotus","Calling Bell"],"picked":"SlaversCollar"}],"items_purged_floors":[0,13,36,39,53],"is_endless":false,"potions_floor_spawned":[8,10,11,14,18,21,24,27,33,37,38,54],"ascension_level":11}}