{"host":"fa19f27vz2zfochh","time":1612466416,"event":{"mods":["Act Like it!","Aspiration","BaseMod","Better Third Choice","Conspire","Downfall","Energized Spire","Halation","Hallownest","Hubris","Infinite Spire","Ironclad Rager","Minty Spire (QoL Compilation)","Relic Stats","Replay The Spire","StSLib","The Bug Knight"],"gold_per_floor":[99,115,134,145,145,145,170,190,190,215,75,146,146,173,188,283,283,283,299,384,384,72,90,90,124,124,9,9,9,29,29,45,148,148,148,164,178,194,194,194,194,246,246,246,246,246,258,258,277,277],"floor_reached":51,"language":"ENG","playtime":1992,"items_purged":["Normality","Looming Evil"],"score":951,"play_id":"fac3f701-01f4-4862-bc8f-55d4dff5921c","local_time":"20210204202016","is_ascension_mode":true,"campfire_choices":[{"data":"bronze:Replicate","floor":1.0,"key":"SMITH"},{"floor":13.0,"key":"REST"},{"data":"bronze:Strike","floor":18.0,"key":"PURGE"},{"floor":28.0,"key":"REST"},{"data":"bronze:AlphaBuild","floor":35.0,"key":"SMITH"},{"data":"bronze:Boost","floor":35.0,"key":"SMITH"},{"data":"bronze:Goto","floor":40.0,"key":"SMITH"},{"data":"bronze:Flail","floor":40.0,"key":"SMITH"},{"floor":43.0,"key":"REST"},{"data":"bronze:Overheat","floor":45.0,"key":"SMITH"},{"data":"bronze:Overheat","floor":45.0,"key":"SMITH"},{"data":"bronze:NullPointer","floor":46.0,"key":"SMITH"},{"data":"bronze:Invalidate","floor":46.0,"key":"SMITH"}],"circlet_count":0,"master_deck":["bronze:Strike","bronze:Strike","bronze:Strike","bronze:Defend","bronze:Defend","bronze:Defend","bronze:Defend","bronze:Replicate+1","bronze:Goto+1","bronze:NullPointer+1","bronze:Overheat+1","bronze:Invalidate+1","bronze:Philosophize","bronze:WhirlingStrike","bronze:Overheat+1","bronze:Boost+1","bronze:AlphaBuild+1","bronze:Branch+1","bronze:Flail+1","hubris:Sloth","Spreading Infection"],"relics":["bronze:BronzeCore","Replay:Arrowhead","hubris:Towel","Replay:Wax Seal","halation:PinkSoulGem","Ornamental Fan","Snack Pack","Singing Bowl","Cursed Key","Du-Vu Doll","hubris:Metronome","bronze:CableSpool","Replay:Lucky Slots","Replay:Bronze Core","infinitespire:CheckeredPen","hubris:TenFootPole"],"acts_visited":["Exordium","TheCity","TheBeyond"],"potions_floor_usage":[49,50,50],"damage_taken":[{"damage":4.0,"enemies":"Jaw Worm","floor":2.0,"turns":5.0},{"damage":4.0,"enemies":"2 Louse","floor":3.0,"turns":3.0},{"damage":0.0,"enemies":"conspire:RoseBush","floor":4.0,"turns":3.0},{"damage":14.0,"enemies":"conspire:2 RoseBushes","floor":8.0,"turns":5.0},{"damage":36.0,"enemies":"Lagavulin","floor":10.0,"turns":7.0},{"damage":10.0,"enemies":"downfall:FleeingMerchant","floor":11.0,"turns":4.0},{"damage":18.0,"enemies":"conspire:MimicChest","floor":14.0,"turns":5.0},{"damage":8.0,"enemies":"Exordium Thugs","floor":15.0,"turns":4.0},{"damage":0.0,"enemies":"IC_STATUS_ARCHETYPE","floor":16.0,"turns":4.0},{"damage":0.0,"enemies":"3 Byrds","floor":19.0,"turns":3.0},{"damage":0.0,"enemies":"downfall:FleeingMerchant","floor":22.0,"turns":4.0},{"damage":7.0,"enemies":"Spheric Guardian","floor":23.0,"turns":4.0},{"damage":38.0,"enemies":"HollowMod:Nosk","floor":25.0,"turns":9.0},{"damage":16.0,"enemies":"downfall:FleeingMerchant","floor":27.0,"turns":4.0},{"damage":0.0,"enemies":"Snecko","floor":30.0,"turns":3.0},{"damage":0.0,"enemies":"Snake Plant","floor":32.0,"turns":2.0},{"damage":62.0,"enemies":"SI_MIRROR_ARCHETYPE","floor":33.0,"turns":10.0},{"damage":0.0,"enemies":"Orb Walker","floor":36.0,"turns":1.0},{"damage":0.0,"enemies":"3 Shapes","floor":37.0,"turns":2.0},{"damage":67.0,"enemies":"Maw","floor":38.0,"turns":8.0},{"damage":24,"enemies":"Sphere and 2 Shapes","floor":47,"turns":3},{"damage":33,"enemies":"Writhing Mass","floor":49,"turns":4},{"damage":55,"enemies":"DF_ARCHETYPE_ORBS","floor":50,"turns":6}],"seed_played":"2221259647320152969","potions_obtained":[{"floor":2.0,"key":"FearPotion"},{"floor":4.0,"key":"Block Potion"},{"floor":8.0,"key":"champ:CounterPotion"},{"floor":15.0,"key":"bronze:BuildAFunctionPotion"},{"floor":25.0,"key":"DuplicationPotion"},{"floor":30.0,"key":"Dexterity Potion"},{"floor":32.0,"key":"Cursed Concoction"},{"floor":38.0,"key":"Adrenaline Potion"}],"is_trial":false,"path_per_floor":["R","M","M","M","?","?","T","M","?","E","$","T","R","?","M","B",null,"R","M","?","?","$","M","T","E","?","$","R","?","M","AVR","M","B",null,"R","M","M","M","?","R","T","?","R","?","R","R","M","?","M","B",null],"character_chosen":"THE_AUTOMATON","items_purchased":["bronze:Overheat","Du-Vu Doll"],"campfire_rested":3,"item_purchase_floors":[11,22],"current_hp_per_floor":[84,80,76,76,73,73,73,59,59,23,13,13,38,22,18,18,86,86,88,74,74,74,73,73,41,41,29,56,102,104,104,106,52,108,108,110,112,51,53,53,53,55,90,90,90,90,72,105,74,23],"gold":277,"neow_bonus":"TWENTY_PERCENT_HP_BONUS","is_daily":false,"chose_seed":false,"campfire_upgraded":9,"win_rate":0.0,"timestamp":1612466416,"path_taken":["R","M","M","M","?","?","T","M","?","E","?","?","R","?","M","BOSS","R","M","?","?","$","?","T","E","?","$","R","?","M","AVR","M","BOSS","R","M","M","?","?","R","T","?","R","?","R","R","M","?","M","BOSS"],"items_purchased_type":["Card","Relic"],"build_version":"2020-12-22","purchased_purges":2,"victory":true,"max_hp_per_floor":[84,84,84,84,84,84,84,84,84,84,84,84,84,84,86,86,86,86,88,88,88,88,90,90,90,90,92,92,102,104,104,106,108,108,108,110,112,114,116,116,116,118,118,118,118,118,120,105,107,107],"relic_stats":{"Singing Bowl":28,"counters":[23,103],"Ornamental Fan":[104],"Cursed Key":2,"obtain_stats":[{"hubris:Metronome":24,"bronze:BronzeCore":0,"Singing Bowl":14,"infinitespire:CheckeredPen":41,"hubris:Towel":6,"Cursed Key":17,"Replay:Arrowhead":5,"bronze:CableSpool":25,"Du-Vu Doll":22,"Ornamental Fan":10,"Replay:Bronze Core":34,"Replay:Lucky Slots":31,"Snack Pack":12,"hubris:TenFootPole":42,"Replay:Wax Seal":7,"halation:PinkSoulGem":9},{"hubris:Metronome":12,"bronze:BronzeCore":0,"Singing Bowl":7,"infinitespire:CheckeredPen":20,"hubris:Towel":3,"Cursed Key":9,"Replay:Arrowhead":3,"bronze:CableSpool":13,"Du-Vu Doll":11,"Ornamental Fan":5,"Replay:Bronze Core":17,"Replay:Lucky Slots":15,"Snack Pack":6,"hubris:TenFootPole":20,"Replay:Wax Seal":3,"halation:PinkSoulGem":4},{"hubris:Metronome":51,"bronze:BronzeCore":0,"Singing Bowl":32,"infinitespire:CheckeredPen":90,"hubris:Towel":11,"Cursed Key":40,"Replay:Arrowhead":11,"bronze:CableSpool":60,"Du-Vu Doll":47,"Ornamental Fan":23,"Replay:Bronze Core":79,"Replay:Lucky Slots":67,"Snack Pack":27,"hubris:TenFootPole":90,"Replay:Wax Seal":11,"halation:PinkSoulGem":16}]},"card_choices":[{"not_picked":["bronze:Invalidate","bronze:Allocate"],"picked":"bronze:NullPointer","floor":2.0},{"not_picked":["bronze:InfiniteBeams","bronze:Repulsor"],"picked":"bronze:Overheat","floor":3.0},{"not_picked":["bronze:Deprecate","bronze:BitShift"],"picked":"bronze:Invalidate","floor":4.0},{"not_picked":["bronze:OilSpill","bronze:Frontload"],"picked":"bronze:Philosophize","floor":8.0},{"not_picked":["bronze:DelayedGuard","bronze:MaxOutput"],"picked":"bronze:SpaghettiCode","floor":10.0},{"not_picked":["bronze:Frontload","bronze:Constructor"],"picked":"bronze:WhirlingStrike","floor":11.0},{"not_picked":["bronze:Turbo","bronze:ForLoop"],"picked":"bronze:Boost","floor":14.0},{"not_picked":["bronze:AlphaBuild","bronze:Turbo","bronze:Overload"],"picked":"Singing Bowl","floor":15.0},{"not_picked":["bronze:HyperBeam","bronze:TinkerersToolbox"],"picked":"bronze:AlphaBuild","floor":16.0},{"not_picked":["bronze:BitShift","bronze:BugBarrage","bronze:GetLatest"],"picked":"Singing Bowl","floor":19.0},{"not_picked":["bronze:BitShift","bronze:Turbo"],"picked":"bronze:Branch+1","floor":22.0},{"not_picked":["bronze:Iterate+1","bronze:BugBarrage","bronze:CutThrough+1"],"picked":"Singing Bowl","floor":23.0},{"not_picked":["bronze:FollowUp","bronze:InfiniteBeams"],"picked":"bronze:Flail","floor":25.0},{"not_picked":["bronze:CloningBeam","bronze:WhirlingStrike","bronze:Allocate"],"picked":"Singing Bowl","floor":27.0},{"not_picked":["bronze:Shield","bronze:Invalidate+1","bronze:FineTuning"],"picked":"Singing Bowl","floor":30.0},{"not_picked":["bronze:Flail","bronze:BuggyMess","bronze:DigitalCarnage"],"picked":"Singing Bowl","floor":32.0},{"not_picked":["bronze:InfiniteLoop","bronze:Virus","bronze:ThunderWave"],"picked":"Singing Bowl","floor":33.0},{"not_picked":["bronze:Deprecate","bronze:Refactor+1","bronze:Invalidate"],"picked":"Singing Bowl","floor":36.0},{"not_picked":["bronze:Shield","bronze:Shell","bronze:OilSpill"],"picked":"Singing Bowl","floor":37.0},{"not_picked":["bronze:Overload","bronze:Overheat","bronze:BugBarrage+1"],"picked":"Singing Bowl","floor":38.0},{"not_picked":["Replay:SS_forest_2","expansioncontent:Chronoboost","expansioncontent:PolyBeam"],"picked":"Singing Bowl","floor":39.0},{"not_picked":["bronze:Shell","bronze:OilSpill","bronze:CloningBeam+1"],"picked":"Singing Bowl","floor":42.0},{"not_picked":["bronze:Turbo","bronze:BurnOut","bronze:Overheat+1"],"picked":"Singing Bowl","floor":47},{"not_picked":["bronze:Repair+1","bronze:Turbo+1","bronze:BitShift+1"],"picked":"Singing Bowl","floor":49}],"player_experience":421896,"relics_obtained":[{"floor":7.0,"key":"Replay:Wax Seal"},{"floor":10.0,"key":"Ornamental Fan"},{"floor":12.0,"key":"Snack Pack"},{"floor":14.0,"key":"Singing Bowl"},{"floor":24.0,"key":"hubris:Metronome"},{"floor":25.0,"key":"bronze:CableSpool"},{"floor":41.0,"key":"infinitespire:CheckeredPen"},{"floor":42.0,"key":"hubris:TenFootPole"}],"event_choices":[{"damage_healed":0.0,"max_hp_gain":0.0,"max_hp_loss":0.0,"gold_gain":1.0,"event_name":"betterThird:BetterScrap","player_choice":"Relic ","floor":5.0,"gold_loss":0.0,"damage_taken":3.0,"cards_obtained":["CarveReality"]},{"cards_removed":["bronze:SpaghettiCode"],"damage_healed":36.0,"max_hp_gain":10.0,"max_hp_loss":0.0,"gold_gain":0.0,"event_name":"Bonfire Elementals","player_choice":"Offered Rare","floor":29.0,"gold_loss":0.0,"damage_taken":0.0}],"is_beta":false,"boss_relics":[{"not_picked":["Replay:Wanted Poster","hubris:Stopwatch"],"picked":"Cursed Key"},{"not_picked":["Pandora\u0027s Box","ChewingGum"],"picked":"Replay:Bronze Core"}],"items_purged_floors":[11,27],"is_endless":false,"potions_floor_spawned":[2,4,8,15,25,30,32,37,38],"ascension_level":4}}