{"host":"5mo0809oo9tcrmpl","time":1612404230,"event":{"mods":["BaseMod","Highlight Path","Minty Spire (QoL Compilation)","Relic Stats","Slay the Relics Exporter"],"gold_per_floor":[116,116,127,138,151,151,183,183,208,223,223,255,265,276,276,354,354,373,14,14,25,40,71,81,81,81,81,27,59,79,89,89,89,89],"floor_reached":33,"language":"ENG","playtime":1345,"items_purged":["Strike_R"],"score":702,"play_id":"c25cca16-449e-42fb-b663-0730007030bb","local_time":"20210203200350","is_ascension_mode":true,"campfire_choices":[{"data":"Fiend Fire","floor":6.0,"key":"SMITH"},{"data":"Perfected Strike","floor":8.0,"key":"SMITH"},{"data":"Seeing Red","floor":11.0,"key":"SMITH"},{"data":"Hemokinesis","floor":15.0,"key":"SMITH"},{"data":"Whirlwind","floor":25.0,"key":"SMITH"},{"floor":32.0,"key":"REST"}],"circlet_count":0,"master_deck":["AscendersBane","Strike_R","Strike_R","Strike_R","Defend_R","Defend_R","Defend_R","Defend_R","Bash","Hemokinesis+1","Perfected Strike+1","Fiend Fire+1","Disarm","Seeing Red+1","Whirlwind","Disarm","Reaper","Whirlwind+1","RitualDagger","Intimidate+1","Havoc+1","Hemokinesis","Flame Barrier+1","Shrug It Off+1","Flame Barrier+1"],"relics":["Burning Blood","Red Skull","Omamori","Art of War","Bag of Preparation","Velvet Choker","Toxic Egg 2","Dream Catcher","Boot","Singing Bowl","Nunchaku"],"acts_visited":["Exordium","TheCity"],"potions_floor_usage":[33,33],"damage_taken":[{"damage":6.0,"enemies":"2 Louse","floor":1.0,"turns":3.0},{"damage":2.0,"enemies":"Cultist","floor":3.0,"turns":3.0},{"damage":6.0,"enemies":"Small Slimes","floor":4.0,"turns":4.0},{"damage":9.0,"enemies":"Exordium Wildlife","floor":5.0,"turns":3.0},{"damage":24.0,"enemies":"3 Sentries","floor":7.0,"turns":7.0},{"damage":8.0,"enemies":"Exordium Thugs","floor":10.0,"turns":3.0},{"damage":10.0,"enemies":"Gremlin Nob","floor":12.0,"turns":3.0},{"damage":0.0,"enemies":"Blue Slaver","floor":13.0,"turns":1.0},{"damage":0.0,"enemies":"2 Fungi Beasts","floor":14.0,"turns":2.0},{"damage":4.0,"enemies":"Slime Boss","floor":16.0,"turns":6.0},{"damage":1.0,"enemies":"3 Byrds","floor":18.0,"turns":3.0},{"damage":13.0,"enemies":"Spheric Guardian","floor":21.0,"turns":3.0},{"damage":28.0,"enemies":"Cultist and Chosen","floor":22.0,"turns":6.0},{"damage":30.0,"enemies":"Slavers","floor":23.0,"turns":3.0},{"damage":7.0,"enemies":"Snake Plant","floor":24.0,"turns":2.0},{"damage":42.0,"enemies":"Gremlin Leader","floor":29.0,"turns":7.0},{"damage":6.0,"enemies":"Chosen and Byrds","floor":30.0,"turns":5.0},{"damage":8.0,"enemies":"Sentry and Sphere","floor":31.0,"turns":3.0},{"damage":74,"enemies":"Collector","floor":33,"turns":7}],"seed_played":"-735667833176427529","potions_obtained":[{"floor":1.0,"key":"Fire Potion"},{"floor":3.0,"key":"Energy Potion"},{"floor":12.0,"key":"Fire Potion"},{"floor":13.0,"key":"DistilledChaos"},{"floor":16.0,"key":"Ancient Potion"},{"floor":24.0,"key":"ElixirPotion"},{"floor":30.0,"key":"LiquidMemories"}],"is_trial":false,"path_per_floor":["M","?","M","M","M","R","E","R","T","M","R","E","M","M","R","B",null,"M","$","?","M","M","E","M","R","T","?","$","E","M","M","R","B"],"character_chosen":"IRONCLAD","items_purchased":["Toxic Egg 2","PowerPotion"],"campfire_rested":1,"item_purchase_floors":[19,28],"current_hp_per_floor":[68,68,72,72,69,69,51,51,51,49,49,45,51,57,57,59,71,75,75,69,62,46,34,33,33,33,33,33,18,20,27,50,0,0],"gold":89,"neow_bonus":"RANDOM_COMMON_RELIC","is_daily":false,"chose_seed":false,"campfire_upgraded":5,"win_rate":0.0,"timestamp":1612404230,"path_taken":["M","?","M","M","M","R","E","R","T","M","R","E","M","?","R","BOSS","M","$","?","M","M","E","M","R","T","?","?","E","?","M","R","BOSS"],"items_purchased_type":["Relic","Potion"],"build_version":"2020-12-22","purchased_purges":1,"victory":false,"max_hp_per_floor":[75,75,75,75,75,75,75,75,75,75,75,75,75,75,75,75,75,75,75,75,75,75,75,75,75,75,75,75,75,77,79,79,79,79],"relic_stats":{"Dream Catcher":1,"Nunchaku":[2],"Singing Bowl":4,"counters":[19,74],"Art of War":[3],"Bag of Preparation":[24],"Boot":[1],"obtain_stats":[{"Dream Catcher":23,"Nunchaku":29,"Singing Bowl":27,"Velvet Choker":17,"Omamori":7,"Art of War":9,"Bag of Preparation":12,"Toxic Egg 2":19,"Boot":26,"Burning Blood":0,"Red Skull":0},{"Dream Catcher":14,"Nunchaku":16,"Singing Bowl":15,"Velvet Choker":10,"Omamori":5,"Art of War":5,"Bag of Preparation":7,"Toxic Egg 2":11,"Boot":15,"Burning Blood":0,"Red Skull":0},{"Dream Catcher":50,"Nunchaku":59,"Singing Bowl":52,"Velvet Choker":35,"Omamori":20,"Art of War":20,"Bag of Preparation":26,"Toxic Egg 2":38,"Boot":52,"Burning Blood":0,"Red Skull":0}],"Burning Blood":107},"card_choices":[{"not_picked":["Dropkick","Clash"],"picked":"Hemokinesis","floor":1.0},{"not_picked":["Dark Embrace","Anger"],"picked":"Perfected Strike","floor":3.0},{"not_picked":["Warcry","Perfected Strike"],"picked":"Fiend Fire","floor":4.0},{"not_picked":["Disarm","Wild Strike","Sword Boomerang"],"picked":"SKIP","floor":5.0},{"not_picked":["Wild Strike","Second Wind"],"picked":"Disarm","floor":7.0},{"not_picked":["Armaments","Rampage"],"picked":"Seeing Red","floor":10.0},{"not_picked":["Intimidate","Heavy Blade"],"picked":"Whirlwind","floor":12.0},{"not_picked":["Shockwave","Clash"],"picked":"Disarm","floor":13.0},{"not_picked":["Dark Embrace","Heavy Blade","Iron Wave"],"picked":"SKIP","floor":14.0},{"not_picked":["Barricade","Exhume"],"picked":"Reaper","floor":16.0},{"not_picked":["Twin Strike","Thunderclap"],"picked":"Whirlwind","floor":18.0},{"not_picked":["Body Slam","Intimidate+1","Headbutt"],"picked":"SKIP","floor":21.0},{"not_picked":["Body Slam","Headbutt"],"picked":"Intimidate+1","floor":21.0},{"not_picked":["Rupture","Pommel Strike"],"picked":"Havoc+1","floor":22.0},{"not_picked":["Reckless Charge","Burning Pact+1"],"picked":"Hemokinesis","floor":23.0},{"not_picked":["Shockwave+1","Headbutt"],"picked":"Flame Barrier+1","floor":24.0},{"not_picked":["Intimidate+1","Wild Strike"],"picked":"Shrug It Off+1","floor":29.0},{"not_picked":["Clothesline","Heavy Blade","Clash"],"picked":"Singing Bowl","floor":30.0},{"not_picked":["Twin Strike","Power Through+1","Wild Strike"],"picked":"Singing Bowl","floor":31.0},{"not_picked":["Feed","Reckless Charge"],"picked":"Flame Barrier+1","floor":32.0}],"player_experience":1233349,"relics_obtained":[{"floor":7.0,"key":"Omamori"},{"floor":9.0,"key":"Art of War"},{"floor":12.0,"key":"Bag of Preparation"},{"floor":23.0,"key":"Dream Catcher"},{"floor":26.0,"key":"Boot"},{"floor":29.0,"key":"Nunchaku"}],"event_choices":[{"cards_removed":["Strike_R"],"damage_healed":0.0,"max_hp_gain":0.0,"max_hp_loss":0.0,"gold_gain":0.0,"event_name":"Bonfire Elementals","player_choice":"Offered Basic","floor":2.0,"gold_loss":0.0,"damage_taken":0.0},{"damage_healed":0.0,"max_hp_gain":0.0,"max_hp_loss":0.0,"gold_gain":0.0,"event_name":"Nest","player_choice":"Joined the Cult","floor":20.0,"gold_loss":0.0,"damage_taken":6.0,"cards_obtained":["RitualDagger"]},{"damage_healed":0.0,"max_hp_gain":0.0,"max_hp_loss":0.0,"gold_gain":0.0,"event_name":"Addict","player_choice":"Stole Relic","floor":27.0,"gold_loss":0.0,"damage_taken":0.0,"relics_obtained":["Singing Bowl"],"cards_obtained":["Shame"]}],"is_beta":false,"boss_relics":[{"not_picked":["Busted Crown","SacredBark"],"picked":"Velvet Choker"}],"items_purged_floors":[19],"is_endless":false,"potions_floor_spawned":[1,3,5,12,13,16,21,22,24,30],"killed_by":"Collector","ascension_level":20}}