{"host":"qrt7o4dq2qslzw13","time":1612454161,"event":{"mods":["AchievementEnabler","BaseMod","Colored Map","Colored Powertips","Minty Spire (QoL Compilation)","Quick Restart","StSLib","SuperFastMode"],"gold_per_floor":[118,118,136,198,214,214,289,332,332,332,332,332,332,352,352,477,477,500,253,274,274,274],"floor_reached":21,"language":"ENG","playtime":282,"items_purged":["Injury"],"score":353,"play_id":"1ec9f965-1c54-40f8-b124-8952d1e27f9a","local_time":"20210204105601","is_ascension_mode":true,"campfire_choices":[{"data":"SandsOfTime","floor":6.0,"key":"SMITH"},{"floor":10.0,"key":"REST"},{"data":"Pray","floor":13.0,"key":"SMITH"},{"data":"The Bomb","floor":15.0,"key":"SMITH"}],"circlet_count":0,"master_deck":["Strike_P","Strike_P","Strike_P","Strike_P","Defend_P","Defend_P","Defend_P","Defend_P","Eruption","Vigilance","The Bomb+1","SignatureMove","SandsOfTime+1","EmptyMind","Pray+1","Tantrum","DeusExMachina","Prostrate","Crescendo"],"relics":["PureWater","Golden Idol","MealTicket","Sundial","Peace Pipe","Cursed Key","Tiny Chest"],"acts_visited":["Exordium","TheCity"],"potions_floor_usage":[20],"damage_taken":[{"damage":0.0,"enemies":"Small Slimes","floor":1.0,"turns":4.0},{"damage":0.0,"enemies":"2 Louse","floor":3.0,"turns":2.0},{"damage":11.0,"enemies":"Jaw Worm","floor":5.0,"turns":4.0},{"damage":0.0,"enemies":"Lagavulin","floor":8.0,"turns":4.0},{"damage":9.0,"enemies":"Looter","floor":14.0,"turns":3.0},{"damage":0.0,"enemies":"Slime Boss","floor":16.0,"turns":5.0},{"damage":0.0,"enemies":"Chosen","floor":18.0,"turns":3.0},{"damage":8,"enemies":"3 Byrds","floor":20,"turns":3},{"damage":62,"enemies":"Masked Bandits","floor":21,"turns":3}],"seed_played":"1113504236215326029","potions_obtained":[{"floor":1.0,"key":"PowerPotion"},{"floor":8.0,"key":"Fruit Juice"},{"floor":16.0,"key":"LiquidBronze"},{"floor":18.0,"key":"SteroidPotion"}],"is_trial":false,"path_per_floor":["M","?","M","?","M","R","?","E","T","R","T","?","R","M","R","B",null,"M","$","M","?"],"character_chosen":"WATCHER","items_purchased":["Tiny Chest","Prostrate"],"campfire_rested":1,"item_purchase_floors":[19,19],"current_hp_per_floor":[65,65,65,65,54,54,43,48,48,69,69,69,69,60,60,60,68,68,70,62,0,0],"gold":274,"neow_bonus":"RANDOM_COLORLESS_2","is_daily":false,"chose_seed":false,"campfire_upgraded":3,"win_rate":0.0,"timestamp":1612454161,"path_taken":["M","?","M","?","M","R","?","E","T","R","?","?","R","M","R","BOSS","M","$","M","?"],"items_purchased_type":["Relic","Card"],"build_version":"2020-12-22","purchased_purges":1,"victory":false,"max_hp_per_floor":[65,65,65,65,65,65,65,70,70,70,70,70,70,70,70,70,70,70,70,70,70,70],"card_choices":[{"not_picked":["Secret Weapon","Secret Technique"],"picked":"The Bomb","floor":0.0},{"not_picked":["FlurryOfBlows","EmptyFist"],"picked":"SignatureMove","floor":1.0},{"not_picked":["CarveReality","Crescendo"],"picked":"SandsOfTime","floor":3.0},{"not_picked":["Nirvana","EmptyFist"],"picked":"EmptyMind","floor":5.0},{"not_picked":["Fasting2","Consecrate"],"picked":"Pray","floor":8.0},{"not_picked":["FlurryOfBlows","Weave"],"picked":"Tantrum","floor":14.0},{"not_picked":["ConjureBlade","Alpha"],"picked":"DeusExMachina","floor":16.0},{"not_picked":["EmptyBody","Collect","FearNoEvil"],"picked":"SKIP","floor":18.0},{"not_picked":["EmptyBody","Collect","FearNoEvil"],"picked":"SKIP","floor":18.0},{"not_picked":["ClearTheMind","EmptyBody+1"],"picked":"Crescendo","floor":20}],"player_experience":627642,"relics_obtained":[{"floor":8.0,"key":"MealTicket"},{"floor":9.0,"key":"Sundial"},{"floor":11.0,"key":"Peace Pipe"}],"event_choices":[{"damage_healed":0.0,"max_hp_gain":0.0,"max_hp_loss":0.0,"gold_gain":0.0,"event_name":"Golden Idol","player_choice":"Take Wound","floor":2.0,"gold_loss":0.0,"damage_taken":0.0,"relics_obtained":["Golden Idol"],"cards_obtained":["Injury"]},{"damage_healed":0.0,"max_hp_gain":0.0,"max_hp_loss":0.0,"gold_gain":62.0,"event_name":"Golden Wing","player_choice":"Gained Gold","floor":4.0,"gold_loss":0.0,"damage_taken":0.0},{"damage_healed":0.0,"max_hp_gain":0.0,"max_hp_loss":0.0,"gold_gain":75.0,"event_name":"World of Goop","player_choice":"Gather Gold","floor":7.0,"gold_loss":0.0,"damage_taken":11.0},{"damage_healed":0.0,"max_hp_gain":0.0,"max_hp_loss":0.0,"gold_gain":0.0,"event_name":"Dead Adventurer","player_choice":"Searched \u00270\u0027 times","floor":12.0,"gold_loss":0.0,"damage_taken":0.0},{"damage_healed":0,"gold_gain":0,"player_choice":"Fought Bandits","damage_taken":0,"max_hp_gain":0,"max_hp_loss":0,"event_name":"Masked Bandits","floor":21,"gold_loss":0}],"is_beta":false,"boss_relics":[{"not_picked":["Runic Dome","Runic Pyramid"],"picked":"Cursed Key"}],"items_purged_floors":[19],"is_endless":false,"potions_floor_spawned":[1,8,16,18],"killed_by":"Masked Bandits","ascension_level":8}}