{"host":"ncocfkoislda923u","time":1612440113,"event":{"mods":["BaseMod","Downfall","Googly Eyes","Minty Spire (QoL Compilation)","Spire Arcade","StSLib"],"gold_per_floor":[99,118,128,141,152,152,152,152,180,240,274,174,187,337,347,451,451,451,462,478,478,537,554,554,596,596,609,645,381,381,417,434,546,546,546,571,582,605,605,672,696,341,379,428,440,451,471,482,511,511],"floor_reached":51,"language":"ENG","playtime":8387,"items_purged":["bronze:Strike","bronze:Strike","bronze:Defend"],"score":828,"play_id":"a4f7248f-b760-4ff3-bb48-78e5e47f2bbd","local_time":"20210204130153","is_ascension_mode":true,"campfire_choices":[{"data":"bronze:Goto","floor":1,"key":"SMITH"},{"floor":12,"key":"REST"},{"data":"bronze:RecursiveStrike","floor":18,"key":"SMITH"},{"data":"bronze:HardenedForm","floor":26,"key":"SMITH"},{"floor":30,"key":"REST"},{"data":"bronze:Repulsor","floor":35,"key":"SMITH"}],"circlet_count":0,"master_deck":["bronze:Strike","bronze:Defend","bronze:Defend","bronze:Defend","bronze:Replicate+1","bronze:Goto+1","bronze:ForLoop","bronze:WhirlingStrike","bronze:BronzeOrb","bronze:Safeguard","bronze:Repair","bronze:Shield","bronze:Backtrace","downfall:Icky","bronze:HardenedForm+1","bronze:BronzeArmor","bronze:DelayedSlice+1","bronze:HyperBeam","bronze:Repulsor+1","bronze:InfiniteBeams","bronze:FunctionCard","bronze:ThunderWave","bronze:DelayedSlice","bronze:Safeguard+1","bronze:DelayedSlice+1","bronze:BronzeArmor+1","bronze:ThunderWave","bronze:Safeguard+1","Apotheosis","bronze:FollowUp+1","bronze:ShipIt"],"relics":["bronze:BronzeCore","Lantern","Pantograph","InkBottle","Matryoshka","downfall:HeartBlessingGreen","sneckomod:SneckoTalon","downfall:KnowingSkull","CeramicFish","Pear","Blue Candle","Orichalcum","ClockworkSouvenir","Pocketwatch","bronze:MakeshiftBattery","Blood Vial","Vajra","bronze:CableSpool","Meat on the Bone"],"acts_visited":["Exordium","TheCity","TheBeyond"],"potions_floor_usage":[2,5,11,28,31,33,40,43,46,48,48,50,50,50],"damage_taken":[{"damage":1,"enemies":"Cultist","floor":2,"turns":4},{"damage":0,"enemies":"2 Louse","floor":3,"turns":4},{"damage":7,"enemies":"Small Slimes","floor":4,"turns":2},{"damage":12,"enemies":"Exordium Wildlife","floor":5,"turns":5},{"damage":13,"enemies":"3 Sentries","floor":9,"turns":8},{"damage":8,"enemies":"Gremlin Nob","floor":10,"turns":4},{"damage":11,"enemies":"Lagavulin","floor":11,"turns":7},{"damage":0,"enemies":"Large Slime","floor":13,"turns":5},{"damage":5,"enemies":"Blue Slaver","floor":15,"turns":3},{"damage":14,"enemies":"WA_ARCHETYPE_RETAIN","floor":16,"turns":9},{"damage":0,"enemies":"3 Byrds","floor":19,"turns":5},{"damage":0,"enemies":"Shell Parasite","floor":20,"turns":5},{"damage":3,"enemies":"Chosen and Byrds","floor":22,"turns":1},{"damage":0,"enemies":"Snake Plant","floor":23,"turns":2},{"damage":23,"enemies":"Slavers","floor":25,"turns":4},{"damage":0,"enemies":"Snecko","floor":27,"turns":2},{"damage":21,"enemies":"Gremlin Leader","floor":28,"turns":5},{"damage":4,"enemies":"downfall:FleeingMerchant","floor":29,"turns":4},{"damage":21,"enemies":"Book of Stabbing","floor":31,"turns":7},{"damage":15,"enemies":"Centurion and Healer","floor":32,"turns":3},{"damage":30,"enemies":"SI_MIRROR_ARCHETYPE","floor":33,"turns":7},{"damage":2,"enemies":"3 Darklings","floor":36,"turns":3},{"damage":1,"enemies":"3 Shapes","floor":37,"turns":6},{"damage":2,"enemies":"Spire Growth","floor":38,"turns":6},{"damage":3,"enemies":"Transient","floor":40,"turns":5},{"damage":6,"enemies":"downfall:FleeingMerchant","floor":42,"turns":4},{"damage":2,"enemies":"Giant Head","floor":43,"turns":7},{"damage":9,"enemies":"downfall:FleeingMerchant","floor":44,"turns":3},{"damage":8,"enemies":"4 Shapes","floor":45,"turns":6},{"damage":1,"enemies":"Maw","floor":46,"turns":6},{"damage":5,"enemies":"Jaw Worm Horde","floor":47,"turns":1},{"damage":5,"enemies":"Writhing Mass","floor":48,"turns":5},{"damage":5,"enemies":"Spire Growth","floor":49,"turns":3},{"damage":43,"enemies":"DF_ARCHETYPE_ORBS","floor":50,"turns":6}],"seed_played":"2257087479484619898","potions_obtained":[{"floor":2,"key":"Fruit Juice"},{"floor":4,"key":"Guardian:BlockOnCardUsePotion"},{"floor":10,"key":"ColorlessPotion"},{"floor":15,"key":"Dexterity Potion"},{"floor":16,"key":"Swift Potion"},{"floor":19,"key":"BlessingOfTheForge"},{"floor":22,"key":"DuplicationPotion"},{"floor":25,"key":"CultistPotion"},{"floor":33,"key":"bronze:BurnAndBuffPotion"},{"floor":36,"key":"BlessingOfTheForge"},{"floor":43,"key":"Dexterity Potion"},{"floor":46,"key":"Fruit Juice"}],"is_trial":false,"path_per_floor":["R","M","M","M","M","?","T","?","E","?","E","R","M","?","M","B",null,"R","M","M","?","M","M","T","E","R","M","E","$","R","E","M","B",null,"R","M","M","M","?","M","T","$","E","$","M","M","M","M","M","B",null],"character_chosen":"THE_AUTOMATON","items_purchased":["bronze:InfiniteBeams","ClockworkSouvenir","bronze:CableSpool","Apotheosis"],"campfire_rested":2,"item_purchase_floors":[29,29,42,44],"current_hp_per_floor":[70,74,74,67,55,55,55,55,42,41,37,59,66,66,68,61,75,75,75,75,68,65,65,75,59,59,59,49,45,70,49,55,57,85,85,85,85,83,83,85,85,85,83,77,78,90,85,82,79,47],"gold":511,"neow_bonus":"UPGRADE_CARD","is_daily":false,"chose_seed":false,"campfire_upgraded":4,"win_rate":0.0,"timestamp":1612440113,"path_taken":["R","M","M","M","M","?","T","?","E","?","E","R","?","?","M","BOSS","R","M","M","?","M","?","T","E","R","M","E","$","R","E","M","BOSS","R","M","M","M","?","M","T","?","E","$","M","M","M","?","M","BOSS"],"items_purchased_type":["Card","Relic","Relic","Card"],"build_version":"2020-12-22","purchased_purges":3,"victory":true,"max_hp_per_floor":[70,75,75,75,75,75,75,75,75,75,75,75,75,75,75,75,75,75,75,75,75,75,75,85,85,85,85,85,85,85,85,85,85,85,85,85,85,85,85,85,85,85,85,85,85,90,90,90,90,90],"card_choices":[{"not_picked":["bronze:Backtrace","bronze:BitShift"],"picked":"bronze:ForLoop","floor":2},{"not_picked":["bronze:Separator","bronze:Overheat"],"picked":"bronze:WhirlingStrike","floor":3},{"not_picked":["bronze:Constructor","bronze:Philosophize","bronze:Turbo"],"picked":"SKIP","floor":4},{"not_picked":["bronze:InfiniteBeams","bronze:FineTuning"],"picked":"bronze:BronzeOrb","floor":5},{"not_picked":["bronze:BuggyMess","bronze:Overheat"],"picked":"bronze:Repair","floor":9},{"not_picked":["bronze:Backtrace","bronze:Iterate"],"picked":"bronze:Shield","floor":11},{"not_picked":["bronze:Separator","bronze:WhirlingStrike"],"picked":"bronze:Backtrace","floor":13},{"not_picked":["bronze:BuggyMess","bronze:CutThrough"],"picked":"bronze:HardenedForm","floor":15},{"not_picked":["bronze:ShipIt","bronze:HyperBeam"],"picked":"bronze:RecursiveStrike","floor":16},{"not_picked":["bronze:Invalidate","bronze:WhirlingStrike"],"picked":"bronze:BronzeArmor","floor":19},{"not_picked":["bronze:FollowUp","bronze:OilSpill"],"picked":"bronze:DelayedSlice+1","floor":20},{"not_picked":["bronze:Overheat","bronze:BugBarrage"],"picked":"bronze:DelayedSlice+1","floor":22},{"not_picked":["bronze:CutThrough","bronze:Invalidate"],"picked":"bronze:HyperBeam","floor":23},{"not_picked":["bronze:ChosenStrike","bronze:ThunderWave"],"picked":"bronze:Flail+1","floor":25},{"not_picked":["bronze:WildBeam","bronze:Constructor","bronze:OilSpill"],"picked":"SKIP","floor":27},{"not_picked":["bronze:ForceShield","bronze:Invalidate"],"picked":"bronze:Hardcode","floor":28},{"not_picked":["bronze:DelayedGuard","bronze:BuggyMess+1"],"picked":"bronze:Repulsor","floor":29},{"not_picked":["bronze:Terminator","bronze:Repair","bronze:DelayedGuard"],"picked":"SKIP","floor":31},{"not_picked":["bronze:FineTuning","bronze:ClassDefault","bronze:BronzeArmor"],"picked":"SKIP","floor":32},{"not_picked":["bronze:BurnOut","bronze:InfiniteLoop"],"picked":"bronze:ThunderWave","floor":33},{"not_picked":["bronze:OilSpill","bronze:BuggyMess"],"picked":"bronze:DelayedSlice","floor":36},{"not_picked":["bronze:Overheat+1","bronze:CutThrough","bronze:BugBarrage+1"],"picked":"SKIP","floor":37},{"not_picked":["bronze:BronzeArmor","bronze:Deprecate+1"],"picked":"bronze:Safeguard+1","floor":38},{"not_picked":["bronze:Iterate+1","bronze:OilSpill+1"],"picked":"bronze:DelayedSlice+1","floor":40},{"not_picked":["bronze:Separator","bronze:CutThrough+1"],"picked":"bronze:BronzeArmor+1","floor":42},{"not_picked":["bronze:Frontload+1","bronze:Constructor"],"picked":"bronze:ThunderWave","floor":43},{"not_picked":["bronze:Overload","bronze:Refactor"],"picked":"bronze:Safeguard+1","floor":44},{"not_picked":["bronze:Philosophize+1","bronze:Overload","bronze:Deprecate+1"],"picked":"SKIP","floor":45},{"not_picked":["bronze:WildBeam","bronze:Overheat","bronze:BuggyMess"],"picked":"SKIP","floor":46},{"not_picked":["bronze:Frontload","bronze:WhirlingStrike"],"picked":"bronze:FollowUp+1","floor":47},{"not_picked":["bronze:Repair","bronze:InfiniteBeams","bronze:BugBarrage+1"],"picked":"SKIP","floor":48},{"not_picked":["bronze:Repair","bronze:InfiniteBeams","bronze:BugBarrage+1"],"picked":"SKIP","floor":48},{"not_picked":["bronze:GetLatest","bronze:Shield"],"picked":"bronze:ShipIt","floor":49}],"player_experience":1546031,"relics_obtained":[{"floor":7,"key":"Lantern"},{"floor":9,"key":"Pantograph"},{"floor":10,"key":"InkBottle"},{"floor":11,"key":"Matryoshka"},{"floor":24,"key":"CeramicFish"},{"floor":24,"key":"Pear"},{"floor":25,"key":"Blue Candle"},{"floor":28,"key":"Orichalcum"},{"floor":31,"key":"Pocketwatch"},{"floor":41,"key":"Blood Vial"},{"floor":41,"key":"Vajra"},{"floor":43,"key":"Meat on the Bone"}],"event_choices":[],"is_beta":false,"boss_relics":[{"not_picked":["SlaversCollar","bronze:ElectromagneticCoil"],"picked":"sneckomod:SneckoTalon"},{"not_picked":["SacredBark","Coffee Dripper"],"picked":"bronze:MakeshiftBattery"}],"items_purged_floors":[29,42,44],"is_endless":false,"potions_floor_spawned":[2,4,10,15,16,19,22,25,27,33,36,43,46,47,49],"ascension_level":2}}