{"host":"i0avyit1s6jb1siw","time":1612467812,"event":{"mods":["BaseMod","DeckTracker","Dota2Spire","Highlight Path","Minty Spire (QoL Compilation)","Quick Restart","StSLib","SuperFastMode"],"gold_per_floor":[111,81,95,115,15,15,40,40,89,114,134,146,177,92,92,92,165,165,165,243,243,261,261,276,168,168,168,185,195,195,195,205,232,232,261,261,295,313,313,385,385,405,452,452,452,468,468,494,514,514,514,582,609,609,623,650,660,660,678,678,678,678,678,678,55,83,83],"floor_reached":68,"language":"ENG","playtime":1600,"items_purged":["Strike_R"],"score":3588,"play_id":"34462b82-6bb7-4c97-a617-630d545d5890","local_time":"20210204204332","is_ascension_mode":true,"campfire_choices":[{"data":"Perfected Strike","floor":6.0,"key":"SMITH"},{"data":"Wild Strike","floor":8.0,"key":"SMITH"},{"data":"True Grit","floor":16.0,"key":"SMITH"},{"floor":19.0,"key":"REST"},{"data":"Feed","floor":27.0,"key":"SMITH"},{"floor":34.0,"key":"REST"},{"data":"Perfected Strike","floor":39.0,"key":"SMITH"},{"floor":47.0,"key":"RECALL"},{"data":"Offering","floor":50.0,"key":"SMITH"},{"data":"Flame Barrier","floor":54.0,"key":"SMITH"},{"data":"Madness","floor":60.0,"key":"SMITH"},{"data":"Panacea","floor":64.0,"key":"SMITH"}],"circlet_count":0,"master_deck":["AscendersBane","Strike_R","Strike_R","Strike_R","Strike_R","Defend_R","Defend_R","Defend_R","Defend_R","Bash+1","Reckless Charge","Perfected Strike+1","Wild Strike+1","Twin Strike","Flame Barrier+1","Feed+1","Offering+1","Shockwave+1","Finesse","Perfected Strike+1","Shrug It Off","Second Wind","Intimidate+1","Shrug It Off","Pommel Strike","Power Through+1","Panacea+1","Madness+1","Evolve","Magnetism","Disarm+1"],"relics":["Burning Blood","Dota2Spire:Vanguard","Vajra","Toy Ornithopter","StrikeDummy","Dota2Spire:Bloodstone","Dota2Spire:RefresherOrb","FaceOfCleric","Paper Frog","Regal Pillow","Happy Flower","Nunchaku","Kunai","Runic Pyramid","Calipers","Question Card","HornCleat","Self Forming Clay","Dota2Spire:HeartOfTarrasque","Dota2Spire:Dagon","Dota2Spire:CrimsonGuard","Bottled Tornado"],"acts_visited":["Exordium","TheCity","TheBeyond","TheEnding"],"potions_floor_usage":[],"damage_taken":[{"damage":9.0,"enemies":"2 Louse","floor":1.0,"turns":3.0},{"damage":1.0,"enemies":"Cultist","floor":3.0,"turns":3.0},{"damage":7.0,"enemies":"Small Slimes","floor":4.0,"turns":3.0},{"damage":32.0,"enemies":"Gremlin Nob","floor":7.0,"turns":4.0},{"damage":0.0,"enemies":"Blue Slaver","floor":11.0,"turns":2.0},{"damage":26.0,"enemies":"Exordium Thugs","floor":12.0,"turns":5.0},{"damage":2.0,"enemies":"3 Sentries","floor":13.0,"turns":5.0},{"damage":41.0,"enemies":"Slime Boss","floor":17.0,"turns":10.0},{"damage":9.0,"enemies":"Slime Boss","floor":20.0,"turns":5.0},{"damage":0.0,"enemies":"3 Byrds","floor":22.0,"turns":3.0},{"damage":6.0,"enemies":"Spheric Guardian","floor":24.0,"turns":1.0},{"damage":11.0,"enemies":"Centurion and Healer","floor":28.0,"turns":4.0},{"damage":12.0,"enemies":"Sentry and Sphere","floor":29.0,"turns":4.0},{"damage":15.0,"enemies":"Shelled Parasite and Fungi","floor":32.0,"turns":3.0},{"damage":18.0,"enemies":"Book of Stabbing","floor":33.0,"turns":4.0},{"damage":24.0,"enemies":"Gremlin Leader","floor":35.0,"turns":5.0},{"damage":14.0,"enemies":"Slavers","floor":37.0,"turns":5.0},{"damage":6.0,"enemies":"Snecko","floor":38.0,"turns":3.0},{"damage":53.0,"enemies":"Champ","floor":40.0,"turns":10.0},{"damage":6.0,"enemies":"3 Shapes","floor":42.0,"turns":3.0},{"damage":18.0,"enemies":"2 Orb Walkers","floor":43.0,"turns":4.0},{"damage":16.0,"enemies":"Orb Walker","floor":46.0,"turns":4.0},{"damage":22.0,"enemies":"Giant Head","floor":48.0,"turns":6.0},{"damage":6.0,"enemies":"3 Darklings","floor":49.0,"turns":3.0},{"damage":5.0,"enemies":"Reptomancer","floor":53.0,"turns":5.0},{"damage":6.0,"enemies":"Jaw Worm Horde","floor":55.0,"turns":3.0},{"damage":0.0,"enemies":"Nemesis","floor":56.0,"turns":3.0},{"damage":6.0,"enemies":"Transient","floor":57.0,"turns":6.0},{"damage":0.0,"enemies":"4 Shapes","floor":59.0,"turns":6.0},{"damage":43.0,"enemies":"Donu and Deca","floor":61.0,"turns":13.0},{"damage":51.0,"enemies":"Time Eater","floor":62.0,"turns":12.0},{"damage":35.0,"enemies":"Shield and Spear","floor":66.0,"turns":9.0},{"damage":67,"enemies":"The Heart","floor":67,"turns":9}],"seed_played":"4873366744228974890","potions_obtained":[{"floor":1.0,"key":"LiquidMemories"},{"floor":2.0,"key":"AttackPotion"},{"floor":17.0,"key":"Ancient Potion"},{"floor":24.0,"key":"Dota2Spire:HealingSalve"},{"floor":33.0,"key":"Regen Potion"},{"floor":37.0,"key":"Dota2Spire:HealingSalve"},{"floor":46.0,"key":"DistilledChaos"}],"is_trial":false,"path_per_floor":["M","?","M","M","$","R","E","R","T","T","M","M","E","$","?","R","B",null,"R","B",null,"M","?","M","$","?","R","M","M","T","T","M","E","R","E","?","E","M","R","B",null,"M","?","?","T","M","R","E","M","R","T","T","E","R","M","E","M","?","M","R","B","B",null,"R","$","E","B",null],"character_chosen":"IRONCLAD","items_purchased":["True Grit","Flame Barrier","Finesse","Dota2Spire:CrimsonGuard","FearPotion","Evolve","Magnetism"],"campfire_rested":2,"item_purchase_floors":[5,14,25,65,65,65,65],"current_hp_per_floor":[65,65,70,69,69,69,43,43,43,43,49,29,38,38,43,43,8,8,32,32,70,79,54,57,57,57,57,57,52,52,52,48,37,83,83,83,80,81,81,62,101,106,99,99,99,94,94,83,84,84,84,84,98,98,103,114,127,117,140,140,133,105,157,157,157,133,125],"gold":83,"neow_bonus":"UPGRADE_CARD","is_daily":false,"chose_seed":false,"campfire_upgraded":9,"win_rate":0.0,"timestamp":1612467812,"path_taken":["M","?","M","M","?","R","E","R","T","T","?","?","E","$","?","R","BOSS","R","BOSS","M","?","M","$","?","R","M","M","T","T","?","E","R","E","?","E","M","R","BOSS","M","?","?","?","M","R","E","M","R","T","T","E","R","M","E","?","?","M","R","BOSS","BOSS","R","$","E","BOSS"],"items_purchased_type":["Card","Card","Card","Relic","Potion","Card","Card"],"build_version":"2020-12-22","purchased_purges":1,"victory":true,"max_hp_per_floor":[75,75,75,75,75,75,75,75,75,75,75,75,75,75,80,80,80,80,80,83,83,86,91,94,94,94,94,99,100,100,100,105,106,106,107,107,112,113,113,114,114,119,124,124,124,129,129,134,135,135,135,135,148,148,153,158,159,159,164,164,169,174,174,174,174,179,180],"card_choices":[{"not_picked":["Seeing Red","Warcry"],"picked":"Reckless Charge","floor":1.0},{"not_picked":["Headbutt","Cleave"],"picked":"Perfected Strike","floor":3.0},{"not_picked":["Body Slam","Thunderclap"],"picked":"Wild Strike","floor":4.0},{"not_picked":["Fiend Fire","Juggernaut","Warcry"],"picked":"SKIP","floor":7.0},{"not_picked":["Anger","Heavy Blade","Searing Blow"],"picked":"SKIP","floor":11.0},{"not_picked":["Iron Wave","Dual Wield"],"picked":"Twin Strike","floor":12.0},{"not_picked":["Warcry","Brutality","Iron Wave"],"picked":"SKIP","floor":13.0},{"not_picked":["Reaper","Double Tap"],"picked":"Feed","floor":17.0},{"not_picked":["Fiend Fire","Reaper"],"picked":"Offering","floor":20.0},{"not_picked":["Body Slam","True Grit","Whirlwind"],"picked":"SKIP","floor":22.0},{"not_picked":["True Grit","Flame Barrier"],"picked":"Shockwave+1","floor":24.0},{"not_picked":["Headbutt","Warcry","Exhume"],"picked":"SKIP","floor":28.0},{"not_picked":["Warcry","Iron Wave"],"picked":"Perfected Strike","floor":29.0},{"not_picked":["Searing Blow","Whirlwind"],"picked":"Shrug It Off","floor":32.0},{"not_picked":["Clash","Ghostly Armor","Entrench"],"picked":"SKIP","floor":33.0},{"not_picked":["Pommel Strike","Rampage"],"picked":"Second Wind","floor":35.0},{"not_picked":["Sword Boomerang+1","Clothesline","Flex"],"picked":"SKIP","floor":37.0},{"not_picked":["Heavy Blade","Spot Weakness+1","Dropkick"],"picked":"SKIP","floor":38.0},{"not_picked":["Rampage","Sword Boomerang"],"picked":"Intimidate+1","floor":42.0},{"not_picked":["Anger","Inflame","Perfected Strike","Sword Boomerang"],"picked":"SKIP","floor":46.0},{"not_picked":["Cleave","Warcry","Combust+1"],"picked":"Shrug It Off","floor":48.0},{"not_picked":["Heavy Blade+1","Wild Strike+1","Thunderclap","Clothesline"],"picked":"SKIP","floor":49.0},{"not_picked":["Heavy Blade+1","Wild Strike+1","Thunderclap","Clothesline"],"picked":"SKIP","floor":49.0},{"not_picked":["Flex","Sever Soul+1","Exhume","Shockwave"],"picked":"SKIP","floor":53.0},{"not_picked":["Hemokinesis","Thunderclap","Flex+1","Rampage+1"],"picked":"SKIP","floor":55.0},{"not_picked":["Dark Embrace","Warcry","Flex"],"picked":"Pommel Strike","floor":56.0},{"not_picked":["Pommel Strike+1","Clash+1","Armaments"],"picked":"Power Through+1","floor":57.0},{"not_picked":["Forethought","Deep Breath","Good Instincts"],"picked":"Panacea","floor":58.0},{"not_picked":["Chrysalis","Thinking Ahead","Discovery"],"picked":"Madness","floor":58.0},{"not_picked":["Shockwave","Havoc","Cleave","Flex"],"picked":"SKIP","floor":59.0},{"not_picked":["Twin Strike+1","Pommel Strike","Cleave"],"picked":"Disarm+1","floor":66.0}],"player_experience":2404847,"relics_obtained":[{"floor":7.0,"key":"Dota2Spire:Vanguard"},{"floor":9.0,"key":"Vajra"},{"floor":10.0,"key":"Toy Ornithopter"},{"floor":13.0,"key":"StrikeDummy"},{"floor":30.0,"key":"Paper Frog"},{"floor":31.0,"key":"Regal Pillow"},{"floor":33.0,"key":"Happy Flower"},{"floor":35.0,"key":"Nunchaku"},{"floor":37.0,"key":"Kunai"},{"floor":43.0,"key":"Calipers"},{"floor":45.0,"key":"Question Card"},{"floor":48.0,"key":"HornCleat"},{"floor":52.0,"key":"Self Forming Clay"},{"floor":53.0,"key":"Dota2Spire:HeartOfTarrasque"},{"floor":56.0,"key":"Dota2Spire:Dagon"},{"floor":66.0,"key":"Bottled Tornado"}],"event_choices":[{"damage_healed":0.0,"max_hp_gain":0.0,"max_hp_loss":0.0,"gold_gain":0.0,"event_name":"The Woman in Blue","player_choice":"Bought 2 Potions","floor":2.0,"gold_loss":0.0,"damage_taken":0.0},{"damage_healed":0.0,"max_hp_gain":5.0,"max_hp_loss":0.0,"gold_gain":0.0,"event_name":"Big Fish","player_choice":"Donut","floor":15.0,"gold_loss":0.0,"damage_taken":0.0},{"damage_healed":0.0,"max_hp_gain":5.0,"max_hp_loss":0.0,"gold_gain":0.0,"event_name":"Forgotten Altar","player_choice":"Shed Blood","floor":23.0,"gold_loss":0.0,"damage_taken":30.0},{"damage_healed":0.0,"max_hp_gain":0.0,"max_hp_loss":0.0,"gold_gain":0.0,"event_name":"FaceTrader","player_choice":"Trade","floor":26.0,"gold_loss":0.0,"damage_taken":0.0,"relics_obtained":["FaceOfCleric"]},{"damage_healed":0.0,"max_hp_gain":0.0,"max_hp_loss":0.0,"gold_gain":0.0,"event_name":"The Mausoleum","player_choice":"Ignored","floor":36.0,"gold_loss":0.0,"damage_taken":0.0},{"damage_healed":0.0,"max_hp_gain":0.0,"max_hp_loss":0.0,"gold_gain":0.0,"event_name":"Mysterious Sphere","player_choice":"Fight","floor":43.0,"gold_loss":0.0,"damage_taken":0.0},{"cards_removed":["True Grit"],"damage_healed":0.0,"max_hp_gain":0.0,"max_hp_loss":0.0,"gold_gain":0.0,"event_name":"Falling","player_choice":"Removed Skill","floor":44.0,"gold_loss":0.0,"damage_taken":0.0},{"damage_healed":0.0,"max_hp_gain":0.0,"max_hp_loss":0.0,"gold_gain":0.0,"event_name":"SensoryStone","player_choice":"Memory 3","floor":58.0,"gold_loss":0.0,"damage_taken":10.0}],"is_beta":false,"boss_relics":[{"not_picked":["Calling Bell","Philosopher\u0027s Stone"],"picked":"Dota2Spire:Bloodstone"},{"not_picked":["Cursed Key","SlaversCollar"],"picked":"Dota2Spire:RefresherOrb"},{"not_picked":["SacredBark","Velvet Choker"],"picked":"Runic Pyramid"}],"items_purged_floors":[5],"is_endless":false,"potions_floor_spawned":[1,4,17,24,33,37,46,53,55,59],"ascension_level":20}}