{"host":"n3a6h8j8wbnehmxl","time":1612447070,"event":{"mods":["AchievementEnabler","Act Like it!","BaseMod","Bestiary","BetterRewards","Chen","Colored Map","Colored Powertips","Gensokyo","Hallownest","Hermit","Highlight Path","KinomotoSakuraMod(????)","Koishi","KomeijiMod","Lobotomy","LobotomyExtend","Marisa????????","Minty Spire (QoL Compilation)","Morshu Shopkeeper","Morshu Shopkeeper - ENHANCED","Onozuka Komachi Mod","Quick Restart","Reimu??????","Remilia??????","Shop Mod","StSLib","The Administrix","The Animator","The Cursed","The Marked","The Senshi","The Servant 0.9.4","UnlockEverythingMod","WarShipGirlsR/????R mod","Yakumo Yukari mod","Youmu??????","Yuyuko"],"gold_per_floor":[110,110,110,120,20,47,0,32,102,119,119,138,172,172,172,271,271,286,286,536,379,397,397,429,443,443,443,457,2,15,29,29,134,134,149,24,24,24,24,71,71,71,116,130,130,1,19,19,19,19],"floor_reached":51,"language":"ENG","playtime":3222,"items_purged":["BloodHunter"],"score":831,"play_id":"f0d25741-9a52-43ae-a405-d63738eeb339","local_time":"20210204145750","is_ascension_mode":false,"campfire_choices":[{"data":"EternalNight","floor":11,"key":"SMITH"},{"floor":15,"key":"RECALL"},{"data":"BloodySeventeenLaser","floor":23,"key":"SMITH"},{"floor":32,"key":"REST"},{"data":"MastersStateliness","floor":45,"key":"SMITH"},{"data":"MastersStateliness","floor":49,"key":"SMITH"}],"circlet_count":0,"master_deck":["Strike_RM","Strike_RM","Strike_RM","Strike_RM","Defend_RM","Defend_RM","Defend_RM","Defend_RM","RedMoon","ScarletShoot","BloodySeventeenLaser+1","MastersStateliness+1","MastersStateliness+1","RedNightlessCastle","CharismaGuard","UnstableMagic","EternalNight+1","RedRainbow","MastersStateliness+1","EquivalentExchange","HunterOfTheNight","EternalNight","ChaoticDestiny","AfternoonTea","RedRainbow","DiffusionOfMisfortune","RedNightlessCastle+1","LeisurelyOfLord+1","VampireSweep+1","Gensokyo:OverchargedCore","BloodySeventeenLaser+1","HunterOfTheNight+1","ScarletImprint+1","KillingBlow+1","Stigmanizer+1","DiffusionOfMisfortune+1","Stigmanizer+1"],"relics":["ScarletHat","LetterFromLob","Mango","Pear","Oddly Smooth Stone","Tiny Chest","Gensokyo:OccultBall","ScarletEmblem","Orrery","Potion Belt","Gremlin Horn","Molten Egg 2","Cauldron","DollysMirror","PreservedInsect","Philosopher\u0027s Stone","Akabeko","Gensokyo:EmptyGrave","Question Card","Strawberry","Gensokyo:DualWield","Toy Ornithopter"],"acts_visited":["Gensokyo:Gensokyo","Gensokyo:Gensokyoer","Gensokyo:Gensokyoest"],"potions_floor_usage":[16,24,24,33,33,33,33],"damage_taken":[{"damage":1,"enemies":"Gensokyo:Python","floor":1,"turns":4},{"damage":4,"enemies":"Gensokyo:Gryphon","floor":4,"turns":7},{"damage":2,"enemies":"Gensokyo:Cirno","floor":6,"turns":6},{"damage":0,"enemies":"Gensokyo:Mamizou","floor":8,"turns":10},{"damage":0,"enemies":"Gensokyo:3_Fairies","floor":10,"turns":3},{"damage":0,"enemies":"Gensokyo:Python_and_Kodama","floor":12,"turns":3},{"damage":0,"enemies":"Gensokyo:Aya","floor":13,"turns":5},{"damage":41,"enemies":"Gensokyo:Reimu","floor":16,"turns":11},{"damage":0,"enemies":"Gensokyo:CosmicMonolith","floor":18,"turns":2},{"damage":26,"enemies":"Gensokyo:AngelMirror","floor":22,"turns":3},{"damage":14,"enemies":"Gensokyo:Koishi","floor":24,"turns":5},{"damage":19,"enemies":"Gensokyo:Slime_Group","floor":25,"turns":4},{"damage":3,"enemies":"Gensokyo:Chomper_and_Gloop","floor":28,"turns":4},{"damage":19,"enemies":"Gensokyo:Wraith","floor":30,"turns":4},{"damage":7,"enemies":"Gensokyo:Slime_Group","floor":31,"turns":5},{"damage":18,"enemies":"Gensokyo:Eternal_Rivals","floor":33,"turns":4},{"damage":2,"enemies":"Gensokyo:3_Bats","floor":35,"turns":4},{"damage":0,"enemies":"Gensokyo:3_Boulders","floor":44,"turns":1},{"damage":0,"enemies":"Gensokyo:AtlasGolem","floor":47,"turns":3},{"damage":0,"enemies":"Gensokyo:Yuyuko","floor":50,"turns":1}],"seed_played":"-2573099600491243552","potions_obtained":[{"floor":4,"key":"SpeedPotion"},{"floor":10,"key":"Ancient Potion"},{"floor":13,"key":"SkillPotion"},{"floor":18,"key":"ColorlessPotion"},{"floor":22,"key":"Weak Potion"},{"floor":29,"key":"PowerPotion"},{"floor":29,"key":"ColorlessPotion"},{"floor":29,"key":"LiquidMemories"},{"floor":29,"key":"Weak Potion"},{"floor":29,"key":"DistilledChaos"},{"floor":44,"key":"Block Potion"},{"floor":47,"key":"Block Potion"}],"is_trial":false,"path_per_floor":["M","?","?","M","?","E","$","E","T","M","R","M","E","?","R","B",null,"M","?","?","$","M","R","E","M","T","T","M","COS","M","M","R","B",null,"M","$","?","?","T","T","?","COS","T","M","R","$","M","?","R","B",null],"character_chosen":"REMILIA","items_purchased":["UnstableMagic","Orrery","Stigmanizer+1","DuplicationPotion","DiffusionOfMisfortune+1"],"campfire_rested":1,"item_purchase_floors":[7,21,36,46,46],"current_hp_per_floor":[53,53,46,44,54,53,53,56,56,56,56,56,56,56,56,36,99,99,99,99,99,73,73,65,58,58,58,57,57,39,36,65,63,99,97,97,83,83,83,90,99,99,99,99,99,99,99,99,99,99],"gold":19,"neow_bonus":"THREE_RARE_CARDS","is_daily":false,"chose_seed":false,"campfire_upgraded":4,"win_rate":0.0,"timestamp":1612447070,"path_taken":["M","?","?","?","?","E","$","E","T","M","R","M","E","?","R","BOSS","M","?","?","$","M","R","E","M","T","?","M","COS","M","M","R","BOSS","M","$","?","?","?","?","?","COS","T","?","R","$","M","?","R","BOSS"],"items_purchased_type":["Card","Relic","Card","Potion","Card"],"build_version":"2020-12-22","purchased_purges":1,"victory":true,"max_hp_per_floor":[75,75,89,89,99,99,99,99,99,99,99,99,99,99,99,99,99,99,99,99,99,99,99,99,99,99,99,99,99,99,99,99,99,99,99,99,99,92,92,99,99,99,99,99,99,99,99,99,99,99],"card_choices":[{"not_picked":["TransientEternity","BatForm"],"picked":"BloodySeventeenLaser","floor":0},{"not_picked":["LeisurelyOfLord","FavorOfDestiny"],"picked":"MastersStateliness","floor":1},{"not_picked":["LeisurelyOfLord","FavorOfDestiny"],"picked":"MastersStateliness","floor":1},{"not_picked":[],"picked":"BatForm","floor":2},{"not_picked":["RedRainbow","EndlessAdversity"],"picked":"RedNightlessCastle","floor":4},{"not_picked":["Stigmanizer","UnstableMagic"],"picked":"CharismaGuard","floor":6},{"not_picked":["CurseOfVladTepes","RedRainbow"],"picked":"EternalNight","floor":8},{"not_picked":["HunterOfTheNight","CharismaGuard"],"picked":"BloodHunter","floor":10},{"not_picked":["CharismaGuard","EndlessAdversity"],"picked":"RedRainbow","floor":12},{"not_picked":["ScarletSymphony","NightLord"],"picked":"MastersStateliness","floor":13},{"not_picked":["ChaoticDestiny","ScarletCoffin"],"picked":"EquivalentExchange","floor":16},{"not_picked":["ScarletGensokyo","FavorOfDestiny"],"picked":"HunterOfTheNight","floor":18},{"not_picked":["ScarletGensokyo","EndlessAdversity+1"],"picked":"EternalNight","floor":21},{"not_picked":["FavorOfDestiny+1","UnstableMagic"],"picked":"ChaoticDestiny","floor":21},{"not_picked":["TwelveNightmare","ForbiddenFruit"],"picked":"AfternoonTea","floor":21},{"not_picked":["FavorOfDestiny","RedNightlessCastle"],"picked":"RedRainbow","floor":21},{"not_picked":["EndlessAdversity","UnstableMagic+1"],"picked":"DiffusionOfMisfortune","floor":21},{"not_picked":["VampireSweep","EternalNight"],"picked":"RedNightlessCastle+1","floor":22},{"not_picked":["EndlessAdversity","GlobalNightmare","TwelveNightmare+1"],"picked":"SKIP","floor":24},{"not_picked":["EndlessAdversity","EmergencyRegeneration+1"],"picked":"LeisurelyOfLord+1","floor":25},{"not_picked":["BlasphemousPunishment","Maim"],"picked":"VampireSweep+1","floor":28},{"not_picked":["CharismaGuard","FavorOfDestiny"],"picked":"HunterOfTheNight+1","floor":30},{"not_picked":["RedRainbow+1","VampireFantasy"],"picked":"ScarletImprint+1","floor":31},{"not_picked":["HellCatastrophe+1","DemonKingCradle"],"picked":"KillingBlow+1","floor":33},{"not_picked":["BlasphemousPunishment","CharismaGuard","BloodHunter"],"picked":"SKIP","floor":35},{"not_picked":["UnstableMagic","UnderTheZenith","FavorOfDestiny+1","GlobalNightmare+1"],"picked":"SKIP","floor":44},{"not_picked":["VampireSweep+1","HunterOfTheNight+1","DiffusionOfMisfortune+1"],"picked":"Stigmanizer+1","floor":47}],"player_experience":5992,"relics_obtained":[{"floor":1,"key":"LetterFromLob"},{"floor":6,"key":"HoshigumaDish"},{"floor":8,"key":"Oddly Smooth Stone"},{"floor":13,"key":"Tiny Chest"},{"floor":16,"key":"Gensokyo:OccultBall"},{"floor":24,"key":"Potion Belt"},{"floor":26,"key":"Gremlin Horn"},{"floor":27,"key":"Molten Egg 2"},{"floor":33,"key":"Gensokyo:OccultBall"},{"floor":39,"key":"Question Card"},{"floor":40,"key":"Strawberry"},{"floor":43,"key":"Toy Ornithopter"}],"event_choices":[],"is_beta":false,"boss_relics":[{"not_picked":["Runic Dome","Sozu"],"picked":"ScarletEmblem"},{"not_picked":["RedLine:ReiMu","Calling Bell"],"picked":"Philosopher\u0027s Stone"}],"items_purged_floors":[36],"is_endless":false,"potions_floor_spawned":[4,10,13,18,22,31,44,47],"ascension_level":0}}