{"host":"4so6zk3ni2nu7g2c","time":1612451244,"event":{"mods":["Act Like it!","BaseMod","Gensokyo","Hallownest","Marisa£®ÏF”Í°°ƒß¿Ì…≥£©","Minty Spire (QoL Compilation)","Prisma Mod","Quick Restart","Reimu£®≤©¿ˆ¡È√Œ£©","Remilia£®¿Ÿ√◊¿Ú—«£©","Replay The Spire","Shop Mod","StSLib","The Bug Knight"],"gold_per_floor":[366,33,45,60,60,86,86,120,192,48,86,103,103,122,122,719,769,787,787,799,799,812,837,849,886,898,943,955,993,1005,1028,1040,1157,1269,1293,1305,1317,1347,987,987,927,927,954,967,1002,491,491,525,525,525,525,525,124,159,159],"floor_reached":56,"language":"ZHS","playtime":3311,"items_purged":["ReplayTheSpireMod:Splinters","Pride","HollowMod:FocusHealStart"],"score":1535,"play_id":"bea4a833-2477-4f0b-8545-c94c062f861f","local_time":"20210204230724","is_ascension_mode":true,"campfire_choices":[{"data":"HollowMod:DesolateDive","floor":7.0,"key":"SMITH"},{"data":"HollowMod:MantisMark","floor":15.0,"key":"SMITH"},{"data":"HollowMod:SoulEater","floor":28.0,"key":"SMITH"},{"data":"HollowMod:MantisMark","floor":30.0,"key":"SMITH"},{"data":"HollowMod:GreatSlash","floor":32.0,"key":"SMITH"},{"floor":40.0,"key":"RECALL"},{"data":"HollowMod:ChannelNail","floor":42.0,"key":"SMITH"},{"data":"Gensokyo:TurboGranny","floor":47.0,"key":"SMITH"},{"data":"HollowMod:CloakDash","floor":49.0,"key":"SMITH"},{"data":"HollowMod:CycloneSlash","floor":52.0,"key":"SMITH"}],"circlet_count":0,"master_deck":["HollowMod:NailStrikeStart","HollowMod:NailStrikeStart","HollowMod:NailStrikeStart","HollowMod:QuickDashStart+1","HollowMod:QuickDashStart+1","HollowMod:QuickDashStart+1","HollowMod:QuickDashStart+1","HollowMod:PogoStrike","HollowMod:CloakDash+1","HollowMod:GreatSlash+1","HollowMod:DesolateDive+1","HollowMod:MantisMark+1","HollowMod:PerfectDash+1","HollowMod:GoodIntentions","HollowMod:Weaversong+1","HollowMod:CycloneSlash+1","HollowMod:theNailsmith+1","HollowMod:SoulStrike","HollowMod:MantisMark+1","HollowMod:PureVessel+1","HollowMod:SoulEater+1","HollowMod:SoulSplash+1","HollowMod:SoulVessel+1","HollowMod:PerfectDash+1","HollowMod:BaldurShell+1","HollowMod:SoulEater+1","HollowMod:LifebloodCore+1","HollowMod:DesolateDive+1","HollowMod:CycloneSlash+1","Gensokyo:PrivateSquare+1","HollowMod:PerfectDash+1","HollowMod:ChannelNail+1","Gensokyo:CustomPotion","HollowMod:CornifersMapStart+1","HollowMod:CloakDash+1","Gensokyo:TurboGranny+1","HollowMod:FallenFury+1","HollowMod:DungDefenderAura+1"],"relics":["HollowMod:VesselMask","Replay:Bottled Eggs","Prayer Wheel","Anchor","Golden Egg","Torii","Smiling Mask","Nunchaku","Coffee Dripper","Sozu","Tiny House","Gensokyo:DirgeOfMelancholy","MawBank","Replay:Bottled Flurry","Molten Egg 2","Pantograph","Quantum Egg","Bag of Preparation","Replay:Wanted Poster","Art of War","MerchantsRug","Chemical X","Guide Book","TheAbacus","Sundial","Vajra","Frozen Eye","Snack Pack","Thread and Needle"],"acts_visited":["Gensokyo:Gensokyo","Gensokyo:Gensokyoer","Gensokyo:Gensokyoest","TheEnding"],"potions_floor_usage":[55],"damage_taken":[{"damage":3.0,"enemies":"Gensokyo:2_Kodama","floor":1.0,"turns":3.0},{"damage":0.0,"enemies":"Gensokyo:Python","floor":3.0,"turns":3.0},{"damage":0.0,"enemies":"Gensokyo:Gryphon","floor":4.0,"turns":3.0},{"damage":5.0,"enemies":"Gensokyo:Cirno","floor":6.0,"turns":5.0},{"damage":11.0,"enemies":"Gensokyo:Mamizou","floor":8.0,"turns":9.0},{"damage":4.0,"enemies":"Gensokyo:2_Rabbits","floor":12.0,"turns":7.0},{"damage":10.0,"enemies":"Gensokyo:CorruptedTreant","floor":14.0,"turns":4.0},{"damage":29.0,"enemies":"Gensokyo:Reimu","floor":16.0,"turns":8.0},{"damage":7.0,"enemies":"Gensokyo:3_Dogs","floor":18.0,"turns":3.0},{"damage":1.0,"enemies":"Gensokyo:Chomper","floor":20.0,"turns":4.0},{"damage":13.0,"enemies":"Gensokyo:Mirror_and_Dog","floor":22.0,"turns":4.0},{"damage":15.0,"enemies":"Gensokyo:Koishi","floor":23.0,"turns":5.0},{"damage":9.0,"enemies":"Gensokyo:Tenshi","floor":25.0,"turns":4.0},{"damage":0.0,"enemies":"Gensokyo:Reisen","floor":27.0,"turns":7.0},{"damage":11.0,"enemies":"Gensokyo:Koishi","floor":29.0,"turns":6.0},{"damage":3.0,"enemies":"Gensokyo:Wraith","floor":31.0,"turns":5.0},{"damage":36.0,"enemies":"Gensokyo:Eternal_Rivals","floor":33.0,"turns":7.0},{"damage":0.0,"enemies":"Gensokyo:3_Bats","floor":35.0,"turns":4.0},{"damage":9.0,"enemies":"Gensokyo:AncientGuardian","floor":38.0,"turns":9.0},{"damage":15.0,"enemies":"Gensokyo:SeedOfUnknown","floor":44.0,"turns":5.0},{"damage":0.0,"enemies":"Gensokyo:Kasen","floor":45.0,"turns":8.0},{"damage":0.0,"enemies":"Gensokyo:Doremy","floor":48.0,"turns":6.0},{"damage":0.0,"enemies":"Gensokyo:Yuyuko","floor":50.0,"turns":9.0},{"damage":34,"enemies":"Shield and Spear","floor":54,"turns":9},{"damage":13,"enemies":"The Heart","floor":55,"turns":14}],"seed_played":"-6909374860032411108","potions_obtained":[{"floor":6.0,"key":"SteroidPotion"},{"floor":14.0,"key":"Dexterity Potion"}],"is_trial":false,"path_per_floor":["M","$","M","M","?","E","R","E","T","COS","?","M","?","M","R","B",null,"M","?","M","?","M","E","T","E","T","E","R","E","R","M","R","B",null,"M","?","?","M","$","R","?","R","T","M","E","COS","R","E","R","B",null,"R","$","E","B",null],"character_chosen":"THE_BUGKNIGHT","items_purchased":["Replay:Bottled Eggs","Art of War","MerchantsRug","Chemical X","Vajra","HollowMod:FallenFury+1","Frozen Eye","HollowMod:DungDefenderAura"],"campfire_rested":0,"item_purchase_floors":[2,39,39,39,53,53,53,53],"current_hp_per_floor":[75,75,75,75,75,70,70,64,64,64,34,36,36,32,32,3,80,73,73,72,72,59,50,50,41,41,47,47,36,36,39,39,28,80,80,80,68,65,65,65,65,65,65,50,56,56,56,56,56,56,80,80,80,52,72],"gold":159,"neow_bonus":"TWO_FIFTY_GOLD","is_daily":false,"chose_seed":false,"campfire_upgraded":9,"win_rate":0.0,"timestamp":1612451244,"path_taken":["M","$","M","M","?","E","R","E","T","COS","?","M","?","M","R","BOSS","M","?","?","?","M","E","?","E","T","E","R","E","R","M","R","BOSS","M","?","?","M","$","R","?","R","T","?","E","COS","R","E","R","BOSS","R","$","E","BOSS"],"items_purchased_type":["Relic","Relic","Relic","Relic","Relic","Card","Relic","Card"],"build_version":"2020-12-22","purchased_purges":3,"victory":true,"max_hp_per_floor":[75,75,75,75,75,75,75,75,75,75,75,75,75,75,75,75,80,80,80,80,80,80,80,80,80,80,80,80,80,80,80,80,80,80,80,80,80,80,80,80,80,80,80,80,80,80,80,80,80,80,80,80,80,80,80],"card_choices":[{"not_picked":["HollowMod:SiblingsSouls","HollowMod:GoodIntentions"],"picked":"HollowMod:CloakDash","floor":1.0},{"not_picked":["HollowMod:SharpenedNail","HollowMod:SiblingsShadow"],"picked":"HollowMod:DescendingDark","floor":3.0},{"not_picked":["HollowMod:MonarchWings","HollowMod:Grubsong"],"picked":"HollowMod:GreatSlash","floor":4.0},{"not_picked":["HollowMod:ElderbugsWisdom","HollowMod:VengefulVoid"],"picked":"HollowMod:DesolateDive","floor":6.0},{"not_picked":["HollowMod:VengefulVoid","HollowMod:CornifersMapStart"],"picked":"HollowMod:MantisMark","floor":8.0},{"not_picked":["HollowMod:Grubsong","HollowMod:DreamGate"],"picked":"HollowMod:PerfectDash","floor":11.0},{"not_picked":["HollowMod:SiblingsSouls","HollowMod:FastStrike"],"picked":"HollowMod:GoodIntentions","floor":12.0},{"not_picked":["HollowMod:SiblingsSouls","HollowMod:LifebloodCocoon"],"picked":"HollowMod:Weaversong","floor":12.0},{"not_picked":["HollowMod:NewJinnsSoul","HollowMod:SoulStrike"],"picked":"HollowMod:CycloneSlash","floor":14.0},{"not_picked":["HollowMod:DoubleDash","HollowMod:CornifersMapStart","HollowMod:ShadowDash"],"picked":"SKIP","floor":14.0},{"not_picked":["HollowMod:SoulMaster","HollowMod:ElderbugsWisdom"],"picked":"HollowMod:theNailsmith","floor":16.0},{"not_picked":["HollowMod:SiblingsShadow","HollowMod:WraithStrike"],"picked":"HollowMod:SoulStrike","floor":17.0},{"not_picked":["HollowMod:CoiledNail","HollowMod:DescendingDark","HollowMod:DashSlash"],"picked":"SKIP","floor":18.0},{"not_picked":["HollowMod:DescendingDark","HollowMod:SiblingsSouls","HollowMod:InfectedCysts"],"picked":"SKIP","floor":18.0},{"not_picked":["HollowMod:NewLittleFool+1","HollowMod:SharpenedNail"],"picked":"HollowMod:PureVessel","floor":20.0},{"not_picked":["HollowMod:DashSlash","HollowMod:VengefulSpirit","HollowMod:CloakDash"],"picked":"SKIP","floor":20.0},{"not_picked":["HollowMod:NewJinnsSoul","HollowMod:SharpenedNail+1"],"picked":"HollowMod:SoulEater","floor":22.0},{"not_picked":["HollowMod:LifebloodCocoon","HollowMod:DoubleDash"],"picked":"HollowMod:SoulSplash+1","floor":22.0},{"not_picked":["HollowMod:QuirrelsAssistance","HollowMod:CycloneSlash","HollowMod:NewLittleFool"],"picked":"SKIP","floor":23.0},{"not_picked":["HollowMod:NewInfectedGuardian","HollowMod:MawleksShell+1"],"picked":"HollowMod:SoulVessel+1","floor":25.0},{"not_picked":["HollowMod:CrystalDash","HollowMod:CycloneSlash+1"],"picked":"HollowMod:PerfectDash","floor":27.0},{"not_picked":["HollowMod:SoulStrike+1","HollowMod:TaintedHusks+1","HollowMod:LifebloodCocoon+1"],"picked":"SKIP","floor":29.0},{"not_picked":["HollowMod:PureNailStrike+1","HollowMod:InfectedCysts+1"],"picked":"HollowMod:BaldurShell+1","floor":31.0},{"not_picked":["HollowMod:MawleksShell+1","HollowMod:NewLittleFool+1"],"picked":"HollowMod:SoulEater+1","floor":31.0},{"not_picked":["HollowMod:PureVessel","HollowMod:MidwifesHunger+1"],"picked":"HollowMod:LifebloodCore","floor":33.0},{"not_picked":["HollowMod:DescendingDark+1","HollowMod:CoiledNail+1"],"picked":"HollowMod:DesolateDive+1","floor":35.0},{"not_picked":["HollowMod:InfectionAssault+1","HollowMod:SoulStrike+1"],"picked":"HollowMod:CycloneSlash+1","floor":35.0},{"not_picked":["HollowMod:ChannelNail+1","HollowMod:WraithStrike+1"],"picked":"HollowMod:PerfectDash+1","floor":38.0},{"not_picked":["HollowMod:DescendingDark+1","HollowMod:ElderbugsWisdom"],"picked":"HollowMod:ChannelNail","floor":38.0},{"not_picked":["HollowMod:DashSlash+1","HollowMod:AbyssShriek+1"],"picked":"HollowMod:CornifersMapStart+1","floor":44.0},{"not_picked":["HollowMod:BlackTendrils+1","HollowMod:FallenFury+1","HollowMod:InfectedAttack+1"],"picked":"SKIP","floor":44.0},{"not_picked":["HollowMod:DashSlash+1","HollowMod:ShadowDash+1"],"picked":"HollowMod:CloakDash+1","floor":45.0},{"not_picked":["HollowMod:AbyssShriek+1","HollowMod:LifebloodCocoon","HollowMod:CornifersMapStart"],"picked":"SKIP","floor":48.0},{"not_picked":["HollowMod:SiblingsShadow","HollowMod:DesolateDive+1","HollowMod:ZotesMagnificence+1"],"picked":"SKIP","floor":54}],"player_experience":411460,"relics_obtained":[{"floor":6.0,"key":"Prayer Wheel"},{"floor":8.0,"key":"Anchor"},{"floor":9.0,"key":"Golden Egg"},{"floor":11.0,"key":"Torii"},{"floor":23.0,"key":"MawBank"},{"floor":24.0,"key":"Replay:Bottled Flurry"},{"floor":25.0,"key":"Molten Egg 2"},{"floor":26.0,"key":"Pantograph"},{"floor":27.0,"key":"Quantum Egg"},{"floor":29.0,"key":"Bag of Preparation"},{"floor":45.0,"key":"Mercury Hourglass"},{"floor":48.0,"key":"Sundial"},{"floor":54,"key":"Thread and Needle"}],"event_choices":[],"is_beta":false,"boss_relics":[{"not_picked":["RedLine:ReiMu","Abe\u0027s Treasure"],"picked":"Replay:Grab Bag"},{"not_picked":["Cursed Key","Busted Crown"],"picked":"Coffee Dripper"},{"not_picked":["Philosopher\u0027s Stone","SlaversCollar"],"picked":"Sozu"},{"not_picked":["Pandora\u0027s Box","Snecko Eye"],"picked":"Tiny House"},{"not_picked":["Replay:Ancient Bell","ReplayTheSpireMod:DimensionalGlitch"],"picked":"Replay:Wanted Poster"}],"items_purged_floors":[2,39,53],"is_endless":false,"potions_floor_spawned":[6,14,20,22,23,25,31,35,38,48,54],"ascension_level":1}}