{"host":"0tiuc76yumknr6qf","time":1612398826,"event":{"mods":["BaseMod","Bestiary","Colored Map","DeckTracker","Highlight Path","Minty Spire (QoL Compilation)","StSLib"],"gold_per_floor":[117,136,151,171,171,171,185,185,208,208,208,239,255,255,255],"floor_reached":14,"language":"ENG","playtime":535,"items_purged":[],"score":184,"play_id":"29b88b93-66bc-4a32-9411-830ef2228fa8","local_time":"20210203183346","is_ascension_mode":true,"campfire_choices":[{"data":"Defragment","floor":6,"key":"SMITH"},{"data":"Zap","floor":8,"key":"SMITH"},{"data":"Chill","floor":11,"key":"SMITH"}],"circlet_count":0,"master_deck":["AscendersBane","Strike_B","Strike_B","Strike_B","Strike_B","Defend_B","Defend_B","Defend_B","Defend_B","Zap+1","Dualcast","All For One","White Noise","Cold Snap","Defragment+1","Doom and Gloom","Chill+1","Reboot","Gash"],"relics":["Cracked Core","Art of War","GremlinMask","Happy Flower"],"acts_visited":["Exordium"],"potions_floor_usage":[14],"damage_taken":[{"damage":3,"enemies":"2 Louse","floor":1,"turns":3},{"damage":7,"enemies":"Small Slimes","floor":2,"turns":3},{"damage":0,"enemies":"Cultist","floor":3,"turns":3},{"damage":17,"enemies":"Lots of Slimes","floor":4,"turns":6},{"damage":1,"enemies":"Exordium Wildlife","floor":7,"turns":3},{"damage":2,"enemies":"3 Sentries","floor":12,"turns":8},{"damage":3,"enemies":"2 Fungi Beasts","floor":13,"turns":3},{"damage":23,"enemies":"Gremlin Nob","floor":14,"turns":3}],"seed_played":"5053282901324373110","potions_obtained":[{"floor":1,"key":"SteroidPotion"},{"floor":4,"key":"Energy Potion"}],"is_trial":false,"path_per_floor":["M","M","M","M","?","R","M","R","T","?","R","E","M","E"],"character_chosen":"DEFECT","items_purchased":[],"campfire_rested":0,"item_purchase_floors":[],"current_hp_per_floor":[43,36,36,19,19,19,18,18,18,18,18,16,13,0,0],"gold":255,"neow_bonus":"THREE_RARE_CARDS","is_daily":false,"chose_seed":false,"campfire_upgraded":3,"win_rate":0.0,"timestamp":1612398826,"path_taken":["M","M","M","M","?","R","M","R","T","?","R","E","M","E"],"items_purchased_type":[],"build_version":"2020-12-22","purchased_purges":0,"victory":false,"max_hp_per_floor":[71,71,71,71,71,71,71,71,71,71,71,71,71,71,71],"card_choices":[{"not_picked":["Seek","Reboot"],"picked":"All For One","floor":0},{"not_picked":["Chaos","Coolheaded"],"picked":"White Noise","floor":1},{"not_picked":["Turbo","Hologram"],"picked":"Cold Snap","floor":2},{"not_picked":["Ball Lightning","Steam"],"picked":"Defragment","floor":3},{"not_picked":["Force Field","Aggregate"],"picked":"Doom and Gloom","floor":4},{"not_picked":["Multi-Cast","Coolheaded"],"picked":"Chill","floor":7},{"not_picked":["Double Energy","Beam Cell"],"picked":"Reboot","floor":12},{"not_picked":["Rebound","Cold Snap"],"picked":"Gash","floor":13}],"player_experience":1934618,"relics_obtained":[{"floor":9,"key":"Art of War"},{"floor":12,"key":"Happy Flower"}],"event_choices":[{"damage_healed":0,"gold_gain":0,"player_choice":"Fled","damage_taken":0,"max_hp_gain":0,"max_hp_loss":0,"event_name":"Scrap Ooze","floor":5,"gold_loss":0},{"damage_healed":0,"gold_gain":0,"player_choice":"Trade","damage_taken":0,"relics_obtained":["GremlinMask"],"max_hp_gain":0,"max_hp_loss":0,"event_name":"FaceTrader","floor":10,"gold_loss":0}],"is_beta":false,"boss_relics":[],"items_purged_floors":[],"is_endless":false,"potions_floor_spawned":[1,4],"killed_by":"Gremlin Nob","ascension_level":20}}