{"host":"k919bq8mkuzdqhzi","time":1612481251,"event":{"mods":["AchievementEnabler","BaseMod","Colored Map","Colored Powertips","DeckTracker","Minty Spire (QoL Compilation)","Relic Sorter","SuperFastMode"],"gold_per_floor":[116,116,116,17,17,17,33,33,33,50,76,76,91,106,106,208,208,223,223,223,37,54,54,64,64,88,88,107,107,133,133,133,238,238,249,18,35,85,85,85,136,36,36,48,60,60,60,72,72,72],"floor_reached":51,"language":"ENG","playtime":2832,"items_purged":["Strike_G","Strike_G"],"score":638,"play_id":"9b71cf4d-b824-4ceb-919d-97f7229dd2a1","local_time":"20210204182731","is_ascension_mode":false,"campfire_choices":[{"data":"Footwork","floor":6,"key":"SMITH"},{"data":"Neutralize","floor":8,"key":"SMITH"},{"data":"Dagger Spray","floor":12,"key":"SMITH"},{"data":"Crippling Poison","floor":15,"key":"SMITH"},{"data":"Malaise","floor":23,"key":"SMITH"},{"floor":27,"key":"REST"},{"floor":29,"key":"REST"},{"data":"Terror","floor":32,"key":"SMITH"},{"data":"Dash","floor":40,"key":"SMITH"},{"data":"Outmaneuver","floor":47,"key":"SMITH"},{"data":"Skewer","floor":49,"key":"SMITH"}],"circlet_count":0,"master_deck":["Strike_G","Strike_G","Strike_G","Defend_G","Defend_G+1","Defend_G","Defend_G+1","Defend_G","Survivor","Neutralize+1","Dagger Throw","Footwork+1","Cloak And Dagger","Dagger Spray+1","Flying Knee","Bane","Crippling Poison+1","Dash+1","Malaise+1","Deadly Poison","Terror+1","Skewer+1","Leg Sweep+1","Deflect+1","After Image","Footwork","Deadly Poison+1","Dodge and Roll+1","Outmaneuver+1","Dash+1"],"relics":["Ring of the Snake","Snake Skull","Paper Crane","Potion Belt","SlaversCollar","Enchiridion","MutagenicStrength","Bag of Preparation","PreservedInsect","NlothsMask","Busted Crown","Pen Nib","TungstenRod","StoneCalendar","Ornamental Fan","Pantograph"],"acts_visited":["Exordium","TheCity","TheBeyond"],"potions_floor_usage":[33,33,33,41,44,44,50,50],"damage_taken":[{"damage":0,"enemies":"Small Slimes","floor":1,"turns":3},{"damage":0,"enemies":"2 Louse","floor":7,"turns":3},{"damage":0,"enemies":"Jaw Worm","floor":10,"turns":3},{"damage":2,"enemies":"Lagavulin","floor":11,"turns":10},{"damage":0,"enemies":"Exordium Wildlife","floor":13,"turns":5},{"damage":2,"enemies":"Looter","floor":14,"turns":3},{"damage":10,"enemies":"Hexaghost","floor":16,"turns":13},{"damage":1,"enemies":"Shell Parasite","floor":18,"turns":8},{"damage":0,"enemies":"Chosen","floor":22,"turns":4},{"damage":27,"enemies":"Shelled Parasite and Fungi","floor":24,"turns":7},{"damage":1,"enemies":"Centurion and Healer","floor":28,"turns":6},{"damage":4,"enemies":"Book of Stabbing","floor":30,"turns":5},{"damage":2,"enemies":"Automaton","floor":33,"turns":10},{"damage":6,"enemies":"3 Darklings","floor":35,"turns":5},{"damage":8,"enemies":"3 Shapes","floor":37,"turns":6},{"damage":0,"enemies":"Mind Bloom Boss Battle","floor":38,"turns":6},{"damage":2,"enemies":"2 Orb Walkers","floor":41,"turns":5},{"damage":1,"enemies":"Transient","floor":44,"turns":5},{"damage":0,"enemies":"4 Shapes","floor":45,"turns":6},{"damage":11,"enemies":"3 Darklings","floor":48,"turns":4},{"damage":14,"enemies":"Donu and Deca","floor":50,"turns":12}],"seed_played":"-4418057315329844844","potions_obtained":[{"floor":7,"key":"GamblersBrew"},{"floor":10,"key":"BlessingOfTheForge"},{"floor":14,"key":"Poison Potion"},{"floor":22,"key":"Swift Potion"},{"floor":28,"key":"SteroidPotion"},{"floor":33,"key":"AttackPotion"},{"floor":35,"key":"Fire Potion"},{"floor":38,"key":"LiquidMemories"},{"floor":45,"key":"Weak Potion"},{"floor":48,"key":"FearPotion"}],"is_trial":false,"path_per_floor":["M","?","?","$","$","R","M","R","T","M","E","R","M","M","R","B",null,"M","?","?","$","M","R","M","?","T","R","M","R","E","?","R","B",null,"M","$","M","?","T","R","?","$","T","M","M","T","R","M","R","B",null],"character_chosen":"THE_SILENT","items_purchased":["Footwork","Cloak And Dagger","Terror","Skewer","Pen Nib","Footwork"],"campfire_rested":2,"item_purchase_floors":[4,4,21,21,36,36],"current_hp_per_floor":[70,56,70,70,70,70,70,70,70,70,68,68,68,66,66,56,70,69,53,53,53,53,53,26,26,26,47,46,67,63,63,63,61,70,64,64,56,56,56,56,54,54,54,53,53,53,53,42,42,53],"gold":72,"neow_bonus":"RANDOM_COMMON_RELIC","is_daily":false,"chose_seed":false,"campfire_upgraded":9,"win_rate":0.0,"timestamp":1612481251,"path_taken":["M","?","?","?","$","R","M","R","T","M","E","R","M","M","R","BOSS","M","?","?","$","M","R","M","?","T","R","M","R","E","?","R","BOSS","M","$","?","?","?","R","?","$","T","M","M","?","R","M","R","BOSS"],"items_purchased_type":["Card","Card","Card","Card","Relic","Card"],"build_version":"2020-12-22","purchased_purges":2,"victory":true,"max_hp_per_floor":[70,70,70,70,70,70,70,70,70,70,70,70,70,70,70,70,70,70,70,70,70,70,70,70,70,70,70,70,70,70,70,70,70,70,70,70,70,70,70,70,70,70,70,70,70,70,70,70,70,70],"card_choices":[{"not_picked":["Backflip","Well Laid Plans"],"picked":"Dagger Throw","floor":1},{"not_picked":["Dagger Throw","Blade Dance"],"picked":"Dagger Spray","floor":7},{"not_picked":["Escape Plan","Slice"],"picked":"Flying Knee","floor":10},{"not_picked":["Catalyst","Dagger Throw"],"picked":"Bane","floor":11},{"not_picked":["Riddle With Holes","Deflect"],"picked":"Crippling Poison","floor":13},{"not_picked":["Deflect","Tools of the Trade"],"picked":"Dash","floor":14},{"not_picked":["Storm of Steel","Wraith Form v2"],"picked":"Malaise","floor":16},{"not_picked":["Dagger Spray+1","Predator"],"picked":"Deadly Poison","floor":18},{"not_picked":["Acrobatics","Infinite Blades","Dagger Throw"],"picked":"SKIP","floor":22},{"not_picked":["Sucker Punch","Deadly Poison+1"],"picked":"Leg Sweep+1","floor":24},{"not_picked":["Heel Hook","Acrobatics","Underhanded Strike"],"picked":"SKIP","floor":28},{"not_picked":["Underhanded Strike","Night Terror"],"picked":"Deflect+1","floor":30},{"not_picked":["Wraith Form v2","Phantasmal Killer"],"picked":"After Image","floor":33},{"not_picked":["Acrobatics+1"],"picked":"SKIP","floor":35},{"not_picked":["Backflip"],"picked":"SKIP","floor":37},{"not_picked":[],"picked":"Deadly Poison+1","floor":38},{"not_picked":[],"picked":"Dodge and Roll+1","floor":41},{"not_picked":["Cloak And Dagger+1"],"picked":"SKIP","floor":44},{"not_picked":[],"picked":"Outmaneuver","floor":45},{"not_picked":[],"picked":"Dash+1","floor":48}],"player_experience":101133,"relics_obtained":[{"floor":9,"key":"Paper Crane"},{"floor":11,"key":"Potion Belt"},{"floor":19,"key":"Enchiridion"},{"floor":26,"key":"Bag of Preparation"},{"floor":30,"key":"PreservedInsect"},{"floor":38,"key":"TungstenRod"},{"floor":41,"key":"StoneCalendar"},{"floor":43,"key":"Ornamental Fan"},{"floor":46,"key":"Pantograph"}],"event_choices":[{"damage_healed":0,"gold_gain":0,"player_choice":"Entered Light","damage_taken":14,"max_hp_gain":0,"max_hp_loss":0,"event_name":"Shining Light","floor":2,"gold_loss":0,"cards_upgraded":["Defend_G","Defend_G"]},{"damage_healed":23,"gold_gain":0,"player_choice":"Banana","damage_taken":0,"max_hp_gain":0,"max_hp_loss":0,"event_name":"Big Fish","floor":3,"gold_loss":0},{"damage_healed":0,"gold_gain":0,"player_choice":"Obtained Book","damage_taken":16,"max_hp_gain":0,"max_hp_loss":0,"event_name":"Cursed Tome","floor":19,"gold_loss":0},{"damage_healed":0,"gold_gain":0,"player_choice":"Ignored","damage_taken":0,"max_hp_gain":0,"max_hp_loss":0,"event_name":"Ghosts","floor":20,"gold_loss":0},{"damage_healed":0,"gold_gain":0,"player_choice":"Inject Mutagens","damage_taken":0,"relics_obtained":["MutagenicStrength"],"max_hp_gain":0,"max_hp_loss":0,"event_name":"Drug Dealer","floor":25,"gold_loss":0},{"damage_healed":0,"gold_gain":0,"player_choice":"Trade","damage_taken":0,"relics_obtained":["NlothsMask"],"max_hp_gain":0,"max_hp_loss":0,"event_name":"FaceTrader","floor":31,"gold_loss":0},{"damage_healed":0,"gold_gain":0,"player_choice":"Fight","damage_taken":0,"max_hp_gain":0,"max_hp_loss":0,"event_name":"MindBloom","floor":38,"gold_loss":0},{"damage_healed":0,"gold_gain":0,"player_choice":"Fight","damage_taken":0,"max_hp_gain":0,"max_hp_loss":0,"event_name":"Mysterious Sphere","floor":41,"gold_loss":0}],"is_beta":false,"boss_relics":[{"not_picked":["Ectoplasm","Ring of the Serpent"],"picked":"SlaversCollar"},{"not_picked":["Tiny House","Empty Cage"],"picked":"Busted Crown"}],"items_purged_floors":[21,42],"is_endless":false,"potions_floor_spawned":[7,10,14,22,28,33,35,38,45,48],"ascension_level":0}}