{"host":"56xwnffi6e9z5l58","time":1612434249,"event":{"mods":["Aspiration","BaseMod","Better Match","Better Note","Better Sensory Stone","BetterRewards","Colored Map","Colored Powertips","Conspire","Downfall","GifTheSpireLib","Hermit","Highlight Path","Hubris","Infinite Spire","Key Reminder","Minty Spire (QoL Compilation)","Permanent Neow","Quick Restart","Rare Cards Sparkle","Replay The Spire","StSLib","Stuff the Spire","SuperFastMode","Unceasing Turn Reminder"],"gold_per_floor":[109,109,125,135,150,150,179,179,253,268,268,285,343,343,343,447,547,565,565,585,595,608,608,618,618,618],"floor_reached":25,"language":"ENG","playtime":1383,"items_purged":[],"score":207,"play_id":"359c9168-60e1-41bf-8a5d-99574570b26e","local_time":"20210204182409","is_ascension_mode":false,"campfire_choices":[{"data":"hermit:Maintenance","floor":6,"key":"SMITH"},{"data":"hermit:CursedWeapon","floor":8,"key":"SMITH"},{"floor":11,"key":"REST"},{"floor":15,"key":"REST"},{"floor":23,"key":"REST"}],"circlet_count":0,"master_deck":["hermit:Strike_Hermit","hermit:Strike_Hermit","hermit:Strike_Hermit","hermit:Strike_Hermit","hermit:Defend_Hermit","hermit:Defend_Hermit","hermit:Defend_Hermit","hermit:Defend_Hermit","hermit:Snapshot","hermit:Covet","hermit:FinalCanter","hermit:Maintenance+1","hermit:TakeAim","hermit:LuckOfTheDraw","hermit:ShadowCloak","hermit:CursedWeapon+1","hermit:Dive","hermit:Reprieve","hermit:HighNoon","hermit:Grudge","champ:GladiatorStyle","hermit:SprayPray","hermit:Snipe+1","hermit:ItchyTrigger+1","hermit:OverwhelmingPower"],"relics":["hermit:Momento","Peace Pipe","StuffTheSpire:CocoNut","aspiration:ChemicalBlood","Replay:Wanted Poster"],"acts_visited":["Exordium","TheCity"],"potions_floor_usage":[5,7,7,13,16,18,20,20,20,22,24],"damage_taken":[{"damage":0,"enemies":"Small Slimes","floor":1,"turns":3},{"damage":0,"enemies":"Cultist","floor":3,"turns":3},{"damage":16,"enemies":"Jaw Worm","floor":4,"turns":5},{"damage":29,"enemies":"Gremlin Gang","floor":5,"turns":7},{"damage":15,"enemies":"3 Sentries","floor":7,"turns":7},{"damage":14,"enemies":"Blue Slaver","floor":10,"turns":4},{"damage":2,"enemies":"Large Slime","floor":12,"turns":5},{"damage":31,"enemies":"3 Sentries","floor":13,"turns":9},{"damage":18,"enemies":"Fading Forest","floor":16,"turns":11},{"damage":17,"enemies":"Shell Parasite","floor":18,"turns":6},{"damage":9,"enemies":"3 Byrds","floor":20,"turns":3},{"damage":17,"enemies":"Snecko","floor":21,"turns":5},{"damage":23,"enemies":"Snake Plant","floor":22,"turns":3},{"damage":14,"enemies":"Cultist and Chosen","floor":24,"turns":6},{"damage":35,"enemies":"Shelled Parasite and Fungi","floor":25,"turns":4}],"seed_played":"-3766050890356760460","potions_obtained":[{"floor":2,"key":"Dexterity Potion"},{"floor":2,"key":"champ:CounterPotion"},{"floor":2,"key":"Energy Potion"},{"floor":5,"key":"SpeedPotion"},{"floor":7,"key":"Block Potion"},{"floor":12,"key":"Languid Potion"},{"floor":13,"key":"SneckoOil"},{"floor":13,"key":"BlessingOfTheForge"},{"floor":18,"key":"Explosive Potion"},{"floor":18,"key":"Block Potion"},{"floor":20,"key":"Languid Potion"},{"floor":21,"key":"ColorlessPotion"},{"floor":22,"key":"Fire Potion"}],"is_trial":false,"path_per_floor":["M","?","M","M","M","R","E","R","T","M","R","M","?","?","R","B",null,"M","?","M","M","M","R","M","M"],"character_chosen":"HERMIT","items_purchased":[],"campfire_rested":3,"item_purchase_floors":[],"current_hp_per_floor":[75,75,75,59,30,30,15,15,22,8,32,30,3,18,42,28,82,69,69,60,43,20,44,34,0,0],"gold":618,"neow_bonus":"ONE_RANDOM_RARE_CARD","is_daily":false,"chose_seed":false,"campfire_upgraded":2,"win_rate":0.0,"timestamp":1612434249,"path_taken":["M","?","M","?","M","R","E","R","T","M","R","M","?","?","R","BOSS","M","?","M","M","M","R","M","?"],"items_purchased_type":[],"build_version":"2020-12-22","purchased_purges":0,"victory":false,"max_hp_per_floor":[75,75,75,75,75,75,75,75,82,82,82,82,82,82,82,82,82,82,82,82,82,82,82,82,82,82],"card_choices":[{"not_picked":["hermit:Coalescence","hermit:Manifest"],"picked":"hermit:Maintenance","floor":1},{"not_picked":["hermit:Spite","hermit:Scavenge"],"picked":"hermit:TakeAim","floor":3},{"not_picked":["hermit:CalledShot","hermit:Roulette"],"picked":"hermit:LuckOfTheDraw","floor":4},{"not_picked":["hermit:Manifest","hermit:Ricochet"],"picked":"hermit:ShadowCloak","floor":5},{"not_picked":["hermit:Grudge","hermit:DeadMansHand"],"picked":"hermit:CursedWeapon","floor":7},{"not_picked":["hermit:Ricochet","hermit:Misfire"],"picked":"hermit:Dive","floor":10},{"not_picked":["hermit:Manifest","hermit:HoleUp"],"picked":"hermit:Reprieve","floor":12},{"not_picked":["hermit:BlackWind","hermit:FinalCanter"],"picked":"hermit:HighNoon","floor":16},{"not_picked":["hermit:Snipe","hermit:Headshot+1"],"picked":"hermit:Grudge","floor":18},{"not_picked":["hermit:Dive","hermit:LowProfile"],"picked":"hermit:SprayPray","floor":20},{"not_picked":["hermit:CalledShot","hermit:LowProfile+1"],"picked":"hermit:Snipe+1","floor":21},{"not_picked":["hermit:CursedWeapon","hermit:EternalForm"],"picked":"hermit:ItchyTrigger+1","floor":22},{"not_picked":["hermit:Quickdraw","hermit:Determination"],"picked":"hermit:OverwhelmingPower","floor":24}],"player_experience":1011741,"relics_obtained":[{"floor":7,"key":"Peace Pipe"},{"floor":9,"key":"StuffTheSpire:CocoNut"}],"event_choices":[{"damage_healed":0,"gold_gain":0,"player_choice":"Got Potions","damage_taken":0,"max_hp_gain":0,"max_hp_loss":0,"event_name":"Lab","floor":2,"gold_loss":0},{"damage_healed":0,"gold_gain":0,"player_choice":"Searched \u00273\u0027 times","damage_taken":0,"relics_obtained":["aspiration:ChemicalBlood"],"max_hp_gain":0,"max_hp_loss":0,"event_name":"Dead Adventurer","floor":13,"gold_loss":0},{"damage_healed":0,"gold_gain":0,"player_choice":"Take","damage_taken":0,"max_hp_gain":0,"max_hp_loss":0,"event_name":"betterNote:BetterNote","floor":19,"gold_loss":0,"cards_obtained":["champ:GladiatorStyle"]}],"is_beta":false,"boss_relics":[{"not_picked":["hubris:Stopwatch","Busted Crown"],"picked":"Replay:Wanted Poster"}],"items_purged_floors":[],"is_endless":false,"potions_floor_spawned":[5,7,12,13,16,18,20,21],"killed_by":"Shelled Parasite and Fungi","ascension_level":0}}