{"host":"lrlw254gqe5layub","time":1612418890,"event":{"mods":["AchievementEnabler","BaseMod","Colored Map","Colored Powertips","Minty Spire (QoL Compilation)","Rare Cards Sparkle","SuperFastMode"],"gold_per_floor":[110,123,133,58,78,78,97,97,97,97,97,117,117,137,137,137,137],"floor_reached":16,"language":"KOR","playtime":385,"items_purged":["Strike_B"],"score":141,"play_id":"c21dc77c-dc68-4732-a572-0b2d8a88c897","local_time":"20210204150810","is_ascension_mode":true,"campfire_choices":[{"data":"Zap","floor":6,"key":"SMITH"},{"data":"Redo","floor":8,"key":"SMITH"},{"data":"Redo","floor":10,"key":"SMITH"},{"data":"Dualcast","floor":13,"key":"SMITH"},{"floor":15,"key":"REST"}],"circlet_count":0,"master_deck":["AscendersBane","Strike_B","Strike_B","Strike_B","Defend_B","Defend_B","Defend_B","Defend_B","Zap+1","Dualcast+1","Cold Snap","Skim","Redo+1","Redo+1","Coolheaded+1"],"relics":["Cracked Core","NeowsBlessing","Toxic Egg 2","Incense Burner"],"acts_visited":["Exordium"],"potions_floor_usage":[16],"damage_taken":[{"damage":0,"enemies":"Cultist","floor":1,"turns":1},{"damage":0,"enemies":"2 Louse","floor":2,"turns":1},{"damage":0,"enemies":"Small Slimes","floor":3,"turns":1},{"damage":14,"enemies":"Red Slaver","floor":5,"turns":4},{"damage":6,"enemies":"2 Fungi Beasts","floor":7,"turns":4},{"damage":11,"enemies":"Looter","floor":12,"turns":3},{"damage":11,"enemies":"Blue Slaver","floor":14,"turns":3},{"damage":50,"enemies":"Slime Boss","floor":16,"turns":9}],"seed_played":"2292100237843346800","potions_obtained":[{"floor":2,"key":"SmokeBomb"},{"floor":3,"key":"LiquidBronze"},{"floor":12,"key":"BlessingOfTheForge"}],"is_trial":false,"path_per_floor":["M","M","M","$","M","R","M","R","T","R","T","M","R","M","R","B"],"character_chosen":"DEFECT","items_purchased":[],"campfire_rested":1,"item_purchase_floors":[],"current_hp_per_floor":[68,68,68,68,54,54,48,48,48,48,48,37,37,26,48,0,0],"gold":137,"neow_bonus":"THREE_ENEMY_KILL","is_daily":false,"chose_seed":false,"campfire_upgraded":4,"win_rate":0.0,"timestamp":1612418890,"path_taken":["M","M","M","$","M","R","?","R","T","R","?","M","R","M","R","BOSS"],"items_purchased_type":[],"build_version":"2020-12-22","purchased_purges":1,"victory":false,"max_hp_per_floor":[75,75,75,75,75,75,75,75,75,75,75,75,75,75,75,75,75],"card_choices":[{"not_picked":["Hologram","Rebound","Undo"],"picked":"SKIP","floor":1},{"not_picked":["Conserve Battery","Lockon"],"picked":"Cold Snap","floor":2},{"not_picked":["Chill","White Noise"],"picked":"Skim","floor":3},{"not_picked":["Cold Snap","Sweeping Beam"],"picked":"Redo","floor":5},{"not_picked":["Recycle","Rebound"],"picked":"Redo","floor":7},{"not_picked":["Buffer","Rebound","Force Field+1"],"picked":"SKIP","floor":12},{"not_picked":["Beam Cell","Recycle+1"],"picked":"Coolheaded+1","floor":14}],"player_experience":479644,"relics_obtained":[{"floor":9,"key":"Toxic Egg 2"},{"floor":11,"key":"Incense Burner"}],"event_choices":[],"is_beta":false,"boss_relics":[],"items_purged_floors":[4],"is_endless":false,"potions_floor_spawned":[2,3,12],"killed_by":"Slime Boss","ascension_level":10}}