{"host":"51f0ad793vly1w6u","time":1612419999,"event":{"mods":["BaseMod","Colored Map","DeckTracker","Minty Spire (QoL Compilation)","Replay The Spire","StSLib","SuperFastMode"],"gold_per_floor":[117,133,83,83,11,38,38,73,73,87,87,98,112,37,37,132,182,202,217,217,237,247,247,247,273,300,300,329,348,348,364,364,461,461,475,495,495,92,111,111,161,161,184,184,32,47,47,57,57,57],"floor_reached":51,"language":"KOR","playtime":1130,"items_purged":["Strike_B","Strike_B+1"],"score":762,"play_id":"b379c2eb-79e3-4967-927b-a289903977eb","local_time":"20210204152639","is_ascension_mode":true,"campfire_choices":[{"data":"Defragment","floor":7,"key":"SMITH"},{"data":"Self Repair","floor":11,"key":"SMITH"},{"data":"Zap","floor":15,"key":"SMITH"},{"data":"Turbo","floor":23,"key":"SMITH"},{"floor":27,"key":"REST"},{"data":"Reboot","floor":30,"key":"SMITH"},{"data":"Reinforced Body","floor":32,"key":"SMITH"},{"data":"Panic Button","floor":40,"key":"SMITH"},{"data":"Recycle","floor":44,"key":"SMITH"},{"data":"Conserve Battery","floor":44,"key":"SMITH"},{"data":"Defend_B","floor":49,"key":"SMITH"},{"data":"Defend_B","floor":49,"key":"SMITH"}],"circlet_count":0,"master_deck":["Defend_B","Defend_B","Defend_B+1","Defend_B+1","Zap+1","Dualcast+1","Electrodynamics+1","Self Repair+1","Defragment+1","Turbo+1","Ball Lightning+1","All For One+1","Beam Cell+1","Ball Lightning+1","Chaos+1","Conserve Battery+1","Reboot+1","Cold Snap+1","ReplayTheSpireMod:Calculation Training+1","Go for the Eyes+1","Reinforced Body+1","Creative AI+1","Steam+1","Panic Button+1","Recycle+1","Reboot+1","Heatsinks+1"],"relics":["Cracked Core","Dead Branch","Molten Egg 2","Dream Catcher","Tiny House","ReplayTheSpireMod:Lightbulb","Vajra","Golden Egg","Coffee Dripper","Bird Faced Urn","Replay:Arrowhead","Mirror","Strawberry"],"acts_visited":["Exordium","TheCity","TheBeyond"],"potions_floor_usage":[16,16,28,33,36,41,50,50,50],"damage_taken":[{"damage":3,"enemies":"2 Louse","floor":1,"turns":2},{"damage":7,"enemies":"Jaw Worm","floor":2,"turns":4},{"damage":18,"enemies":"3 Sentries","floor":6,"turns":4},{"damage":8,"enemies":"Replay:BlueRogue","floor":8,"turns":5},{"damage":0,"enemies":"Cultist","floor":10,"turns":3},{"damage":10,"enemies":"Exordium Wildlife","floor":12,"turns":3},{"damage":1,"enemies":"Exordium Thugs","floor":13,"turns":2},{"damage":29,"enemies":"The Guardian","floor":16,"turns":9},{"damage":12,"enemies":"Chosen","floor":18,"turns":3},{"damage":18,"enemies":"Shell Parasite","floor":19,"turns":3},{"damage":0,"enemies":"3 Cultists","floor":21,"turns":2},{"damage":5,"enemies":"Snecko","floor":22,"turns":3},{"damage":43,"enemies":"Book of Stabbing","floor":25,"turns":5},{"damage":3,"enemies":"Gremlin Leader","floor":28,"turns":4},{"damage":3,"enemies":"Cultist and Chosen","floor":29,"turns":3},{"damage":13,"enemies":"Snake Plant","floor":31,"turns":3},{"damage":9,"enemies":"Automaton","floor":33,"turns":9},{"damage":0,"enemies":"3 Shapes","floor":35,"turns":2},{"damage":35,"enemies":"3 Darklings","floor":36,"turns":3},{"damage":46,"enemies":"4 Shapes","floor":39,"turns":5},{"damage":5,"enemies":"Mind Bloom Boss Battle","floor":41,"turns":8},{"damage":6,"enemies":"Maw","floor":46,"turns":6},{"damage":44,"enemies":"Spire Growth","floor":48,"turns":5},{"damage":45,"enemies":"Donu and Deca","floor":50,"turns":6}],"seed_played":"7365544367268734430","potions_obtained":[{"floor":6,"key":"Explosive Potion"},{"floor":8,"key":"Cursed Concoction"},{"floor":16,"key":"Regen Potion"},{"floor":17,"key":"Dexterity Potion"},{"floor":25,"key":"Flashbang"},{"floor":29,"key":"FearPotion"},{"floor":33,"key":"Languid Potion"},{"floor":36,"key":"FearPotion"},{"floor":39,"key":"SneckoOil"}],"is_trial":false,"path_per_floor":["M","M","?","?","$","E","R","E","T","M","R","M","M","$","R","B",null,"M","M","?","M","M","R","?","E","T","R","E","M","R","M","R","B",null,"M","M","?","$","M","R","?","T","T","R","$","M","?","M","R","B",null],"character_chosen":"DEFECT","items_purchased":["Defragment","Bird Faced Urn","Reboot","DistilledChaos"],"campfire_rested":1,"item_purchase_floors":[5,38,45,45],"current_hp_per_floor":[72,65,65,50,50,32,32,31,31,38,38,38,37,37,37,18,80,78,70,70,70,75,75,75,42,42,66,73,80,80,67,67,68,80,80,60,60,60,34,34,63,63,70,70,70,72,64,38,38,13],"gold":57,"neow_bonus":"ONE_RANDOM_RARE_CARD","is_daily":false,"chose_seed":false,"campfire_upgraded":11,"win_rate":0.0,"timestamp":1612419999,"path_taken":["M","M","?","?","?","E","R","E","T","M","R","?","M","$","R","BOSS","M","M","?","?","M","R","?","E","T","R","E","M","R","M","R","BOSS","M","M","?","$","M","R","?","?","T","R","$","M","?","M","R","BOSS"],"items_purchased_type":["Card","Relic","Card","Potion"],"build_version":"2020-12-22","purchased_purges":2,"victory":true,"max_hp_per_floor":[75,75,75,75,75,75,75,75,75,75,75,75,75,75,75,75,80,80,80,80,80,80,80,80,80,80,80,80,80,80,80,80,80,80,80,80,80,80,80,80,80,80,87,87,87,87,87,87,87,87],"card_choices":[{"not_picked":["Rebound","Leap","Compile Driver"],"picked":"SKIP","floor":1},{"not_picked":["Compile Driver","Steam"],"picked":"Self Repair","floor":2},{"not_picked":["Barrage","Conserve Battery"],"picked":"Turbo","floor":6},{"not_picked":["Amplify","Go for the Eyes+1"],"picked":"Ball Lightning+1","floor":8},{"not_picked":["Gash+1","Rebound+1","Steam Power"],"picked":"SKIP","floor":10},{"not_picked":["Streamline+1","Ball Lightning+1","Steam Power"],"picked":"SKIP","floor":12},{"not_picked":["Static Discharge","Leap","Fusion"],"picked":"SKIP","floor":13},{"not_picked":["Electrodynamics","Rainbow"],"picked":"All For One+1","floor":16},{"not_picked":["Streamline+1","Turbo"],"picked":"Beam Cell+1","floor":17},{"not_picked":["Rebound+1","Stack+1"],"picked":"Ball Lightning+1","floor":18},{"not_picked":["Barrage+1","Turbo"],"picked":"Chaos+1","floor":19},{"not_picked":["Streamline+1","Panic Button"],"picked":"Conserve Battery","floor":21},{"not_picked":["Darkness","Fusion+1","Turbo+1"],"picked":"SKIP","floor":22},{"not_picked":["Skim","Streamline+1"],"picked":"Reboot","floor":25},{"not_picked":["Time Bomb","Self Repair"],"picked":"Cold Snap+1","floor":27},{"not_picked":["BasicCrystalCard","Consume"],"picked":"ReplayTheSpireMod:Calculation Training+1","floor":28},{"not_picked":["Sweeping Beam+1","Static Discharge"],"picked":"Go for the Eyes+1","floor":29},{"not_picked":["Conserve Battery","Darkness"],"picked":"Reinforced Body","floor":31},{"not_picked":["Mirror Shield","ReplayTheSpireMod:Fabricate Wheel"],"picked":"Creative AI","floor":33},{"not_picked":["Steam+1","Ball Lightning+1","Redo"],"picked":"SKIP","floor":35},{"not_picked":["Ball Lightning+1","Redo"],"picked":"Steam+1","floor":35},{"not_picked":["Conserve Battery+1","Go for the Eyes+1"],"picked":"Panic Button","floor":36},{"not_picked":["Cold Snap+1","BasicCrystalCard","Double Energy"],"picked":"SKIP","floor":39},{"not_picked":["Steam","Conserve Battery"],"picked":"Recycle","floor":41},{"not_picked":["Chaos+1","Blizzard+1"],"picked":"Heatsinks+1","floor":46},{"not_picked":["Beam Cell+1","Conserve Battery+1","Turbo+1"],"picked":"SKIP","floor":48}],"player_experience":1438748,"relics_obtained":[{"floor":6,"key":"Dead Branch"},{"floor":8,"key":"Molten Egg 2"},{"floor":9,"key":"Dream Catcher"},{"floor":25,"key":"ReplayTheSpireMod:Lightbulb"},{"floor":26,"key":"Vajra"},{"floor":28,"key":"Golden Egg"},{"floor":41,"key":"Replay:Arrowhead"},{"floor":42,"key":"Mirror"},{"floor":43,"key":"Strawberry"}],"event_choices":[{"cards_removed":["Strike_B"],"damage_healed":0,"gold_gain":0,"player_choice":"Card Removal","damage_taken":0,"max_hp_gain":0,"max_hp_loss":0,"event_name":"The Cleric","floor":3,"gold_loss":50},{"damage_healed":0,"gold_gain":0,"player_choice":"Entered Light","damage_taken":15,"max_hp_gain":0,"max_hp_loss":0,"event_name":"Shining Light","floor":4,"gold_loss":0,"cards_upgraded":["Dualcast","Strike_B"]},{"cards_removed":["Strike_B"],"damage_healed":0,"gold_gain":0,"player_choice":"Offered Basic","damage_taken":0,"max_hp_gain":0,"max_hp_loss":0,"event_name":"Bonfire Elementals","floor":20,"gold_loss":0},{"damage_healed":0,"gold_gain":0,"player_choice":"Ignored","damage_taken":0,"max_hp_gain":0,"max_hp_loss":0,"event_name":"Ghosts","floor":24,"gold_loss":0},{"damage_healed":0,"gold_gain":0,"player_choice":"Ignored","damage_taken":0,"max_hp_gain":0,"max_hp_loss":0,"event_name":"Tomb of Lord Red Mask","floor":37,"gold_loss":0},{"damage_healed":0,"gold_gain":0,"player_choice":"Fight","damage_taken":0,"max_hp_gain":0,"max_hp_loss":0,"event_name":"MindBloom","floor":41,"gold_loss":0},{"damage_healed":0,"gold_gain":0,"player_choice":"Damaged","damage_taken":8,"max_hp_gain":0,"max_hp_loss":0,"event_name":"Wheel of Change","floor":47,"gold_loss":0}],"is_beta":false,"boss_relics":[{"not_picked":["ReplayTheSpireMod:DimensionalGlitch","ChewingGum"],"picked":"Tiny House"},{"not_picked":["FrozenCore","Replay:Bronze Core"],"picked":"Coffee Dripper"}],"items_purged_floors":[14,38],"is_endless":false,"potions_floor_spawned":[6,8,16,25,29,33,36,39],"ascension_level":2}}