{"host":"6jcxerjfmuawfds2","time":1612417322,"event":{"mods":["BaseMod","Colored Map","Infinite Spire","Minty Spire (QoL Compilation)","StSLib","¡¼?Úª?ø«¡½REMEMod"],"gold_per_floor":[119,119,139,153,78,78,109,124,124,124,139,139,152,169,169,269,269,289,189,369,379,1,18,18,18],"floor_reached":24,"language":"KOR","playtime":704,"items_purged":["Strike_B","Cold Snap","Strike_B"],"score":250,"play_id":"cd77bf7d-8702-4530-97de-cb0b2ba077fa","local_time":"20210204144202","is_ascension_mode":true,"campfire_choices":[{"data":"REME_Flogging","floor":6.0,"key":"SMITH"},{"floor":10.0,"key":"REST"},{"data":"Cold Snap","floor":12.0,"key":"SMITH"},{"data":"Loop","floor":15.0,"key":"SMITH"}],"circlet_count":0,"master_deck":["Strike_B","Strike_B","Defend_B","Defend_B","Defend_B","Zap","Dualcast","REME_Flogging+1","Chill","Streamline","Cold Snap+1","Loop+1","Electrodynamics","Loop+1","Capacitor","REME_ProfessionalPlagiarism"],"relics":["Cracked Core","REME_ComplimentaryCards","Bottled Lightning","Molten Egg 2","REME_DuelDisc"],"acts_visited":["Exordium","TheCity"],"potions_floor_usage":[],"damage_taken":[{"damage":2.0,"enemies":"Jaw Worm","floor":1.0,"turns":3.0},{"damage":7.0,"enemies":"infinitespire:Voidling","floor":3.0,"turns":3.0},{"damage":3.0,"enemies":"Small Slimes","floor":4.0,"turns":2.0},{"damage":21.0,"enemies":"Lagavulin","floor":7.0,"turns":4.0},{"damage":7.0,"enemies":"Red Slaver","floor":8.0,"turns":2.0},{"damage":0.0,"enemies":"Looter","floor":11.0,"turns":3.0},{"damage":6.0,"enemies":"Large Slime","floor":13.0,"turns":4.0},{"damage":0.0,"enemies":"3 Louse","floor":14.0,"turns":3.0},{"damage":1.0,"enemies":"Hexaghost","floor":16.0,"turns":6.0},{"damage":10.0,"enemies":"2 Thieves","floor":18.0,"turns":2.0},{"damage":16.0,"enemies":"Shell Parasite","floor":21.0,"turns":6.0},{"damage":4,"enemies":"3 Cultists","floor":23,"turns":3},{"damage":27,"enemies":"Shelled Parasite and Fungi","floor":24,"turns":2}],"seed_played":"5621011817180236599","potions_obtained":[{"floor":7.0,"key":"AttackPotion"},{"floor":8.0,"key":"GamblersBrew"},{"floor":13.0,"key":"FearPotion"},{"floor":23,"key":"Fire Potion"}],"is_trial":false,"path_per_floor":["M","?","M","M","$","R","E","M","T","R","M","R","M","M","R","B",null,"M","$","?","M","$","M","M"],"character_chosen":"DEFECT","items_purchased":["Capacitor","REME_ProfessionalPlagiarism"],"campfire_rested":1,"item_purchase_floors":[22,22],"current_hp_per_floor":[52,52,50,47,47,47,26,19,19,41,41,41,35,35,35,34,65,55,55,36,20,20,16,0,0],"gold":18,"neow_bonus":"RANDOM_COLORLESS_2","is_daily":false,"chose_seed":false,"campfire_upgraded":3,"win_rate":0.0,"timestamp":1612417322,"path_taken":["M","?","M","M","$","R","E","M","T","R","M","R","M","?","R","BOSS","M","$","?","M","$","M","M"],"items_purchased_type":["Card","Card"],"build_version":"2020-12-22","purchased_purges":3,"victory":false,"max_hp_per_floor":[75,75,75,75,75,75,75,75,75,75,75,75,75,75,75,75,75,75,75,75,75,75,75,75,75],"card_choices":[{"not_picked":["The Bomb","REME_BattleFury"],"picked":"REME_Flogging","floor":0.0},{"not_picked":["Compile Driver","Coolheaded"],"picked":"Chill","floor":1.0},{"not_picked":["Leap","Sweeping Beam"],"picked":"Cold Snap","floor":3.0},{"not_picked":["Auto Shields","Turbo"],"picked":"Streamline","floor":4.0},{"not_picked":["REME_Whirling","Barrage","Core Surge"],"picked":"SKIP","floor":7.0},{"not_picked":["Rebound","Turbo"],"picked":"Cold Snap","floor":8.0},{"not_picked":["Machine Learning","Chaos","Sweeping Beam+1"],"picked":"SKIP","floor":11.0},{"not_picked":["Cold Snap+1","Ball Lightning+1"],"picked":"Loop","floor":13.0},{"not_picked":["Sweeping Beam+1","Static Discharge","Fusion"],"picked":"SKIP","floor":14.0},{"not_picked":["Multi-Cast","Fission"],"picked":"Electrodynamics","floor":16.0},{"not_picked":["Compile Driver+1","Gash+1","Cold Snap+1"],"picked":"SKIP","floor":18.0},{"not_picked":["Leap","Undo"],"picked":"Loop+1","floor":21},{"not_picked":["Auto Shields","Sweeping Beam+1","Streamline+1"],"picked":"SKIP","floor":23}],"player_experience":265181,"relics_obtained":[{"floor":7.0,"key":"Bottled Lightning"},{"floor":9.0,"key":"Molten Egg 2"}],"event_choices":[{"cards_removed":["Defend_B"],"damage_healed":0.0,"max_hp_gain":0.0,"max_hp_loss":0.0,"gold_gain":0.0,"event_name":"Purifier","player_choice":"Purged","floor":2.0,"gold_loss":0.0,"damage_taken":0.0},{"damage_healed":0.0,"max_hp_gain":0.0,"max_hp_loss":0.0,"gold_gain":180.0,"event_name":"Knowing Skull","player_choice":"GOLD GOLD ","floor":20.0,"potions_obtained":[],"gold_loss":0.0,"damage_taken":19.0,"cards_obtained":[]}],"is_beta":false,"boss_relics":[{"not_picked":["infinitespire:Cupcake","SlaversCollar"],"picked":"REME_DuelDisc"}],"items_purged_floors":[5,19,22],"is_endless":false,"potions_floor_spawned":[7,8,13,14,23],"killed_by":"Shelled Parasite and Fungi","ascension_level":5}}