{"host":"bf5upntvbdompq33","time":1612411618,"event":{"mods":["BaseMod","Colored Map","Colored Powertips","Curses Come First","Minty Spire (QoL Compilation)","StSLib","The Hierophant","The Mystic"],"gold_per_floor":[116,127,141,141,153,153,166,166,213,213,213],"floor_reached":10,"language":"ENG","playtime":3822,"items_purged":[],"score":81,"play_id":"e5cdd1a2-8514-45fa-a8da-466834d91444","local_time":"20210203210658","is_ascension_mode":true,"campfire_choices":[{"floor":6,"key":"REST"}],"circlet_count":0,"master_deck":["Strike_G","Strike_G","Strike_G","Strike_G","Defend_G","Defend_G","Defend_G","Defend_G","Defend_G","Survivor","Neutralize","Outmaneuver","Quick Slash","Acrobatics","Flying Knee","PiercingWail"],"relics":["Ring of the Snake","NeowsBlessing","Snake Skull"],"acts_visited":["Exordium"],"potions_floor_usage":[],"damage_taken":[{"damage":0,"enemies":"2 Louse","floor":1,"turns":1},{"damage":0,"enemies":"Small Slimes","floor":2,"turns":1},{"damage":0,"enemies":"Cultist","floor":3,"turns":1},{"damage":46,"enemies":"Large Slime","floor":5,"turns":9},{"damage":18,"enemies":"3 Louse","floor":7,"turns":5},{"damage":21,"enemies":"3 Sentries","floor":10,"turns":6}],"seed_played":"4511070804337993931","potions_obtained":[{"floor":5,"key":"GamblersBrew"},{"floor":7,"key":"Weak Potion"}],"is_trial":false,"path_per_floor":["M","M","M","?","M","R","M","?","T","E"],"character_chosen":"THE_SILENT","items_purchased":[],"campfire_rested":1,"item_purchase_floors":[],"current_hp_per_floor":[63,63,63,56,10,31,13,13,13,0,0],"gold":213,"neow_bonus":"THREE_ENEMY_KILL","is_daily":false,"chose_seed":false,"campfire_upgraded":0,"win_rate":0.0,"timestamp":1612411618,"path_taken":["M","M","M","?","M","R","M","?","T","E"],"items_purchased_type":[],"build_version":"2020-12-22","purchased_purges":0,"victory":false,"max_hp_per_floor":[70,70,70,70,70,70,70,70,70,70,70],"card_choices":[{"not_picked":["Underhanded Strike","Cloak And Dagger"],"picked":"Outmaneuver","floor":1},{"not_picked":["Leg Sweep","Expertise"],"picked":"Quick Slash","floor":2},{"not_picked":["Outmaneuver","Eviscerate"],"picked":"Acrobatics","floor":3},{"not_picked":["Tactician","Acrobatics"],"picked":"Flying Knee","floor":5},{"not_picked":["Reflex","Choke"],"picked":"PiercingWail","floor":7}],"player_experience":1385424,"relics_obtained":[{"floor":9,"key":"Snake Skull"}],"event_choices":[{"cards_removed":["Strike_G"],"damage_healed":0,"gold_gain":0,"player_choice":"Card Removal","damage_taken":7,"max_hp_gain":0,"max_hp_loss":0,"event_name":"Golden Wing","floor":4,"gold_loss":0},{"damage_healed":0,"gold_gain":0,"player_choice":"Ignored","damage_taken":0,"max_hp_gain":0,"max_hp_loss":0,"event_name":"Shining Light","floor":8,"gold_loss":0}],"is_beta":false,"boss_relics":[],"items_purged_floors":[],"is_endless":false,"potions_floor_spawned":[5,7],"killed_by":"3 Sentries","ascension_level":7}}