{"host":"ywbsnexmk111etbw","time":1612456257,"event":{"mods":["100% Spire Juice","Act Like it!","Arknights","Aspiration","BaseMod","Beaked The Cultist","Colored Powertips","Conspire","Curses Come First","Energized Spire","Fireblade Mod","Fox Events","Hubris","Infinite Spire","Jorbs\u0027s Wanderer Trilogy","Marisa????????","Minty Spire (QoL Compilation)","Pale of the Ancients","Permanent Neow","Reliquary","Replay The Spire","Reworked Bosses","Robot Space Explorer","StSLib","The Blackbeard","The Bladedancer","The Cursed","The Dragon Tamer","The Marked","The Mystic","The Necromancer","The Saiyan","Wandering Minibosses"],"gold_per_floor":[17,28,28,103,103,103,123,123,148,173,173,187,187,213,213,311,311,321,321,321,335,350,377,377,397,397,397,432,432,451,478,478,575,575,591,605,605,13,30,30,30,61,87,87,87,87,87,113,113,113,113,213,213,213,231,231,231,231,241,241,241,241,241,241],"floor_reached":63,"language":"ENG","playtime":3841,"items_purged":["RobotSpaceExplorer:Defend"],"score":1196,"play_id":"d6e7dabc-7701-49a3-bcdf-8dabd398f0e3","local_time":"20210204113057","is_ascension_mode":true,"campfire_choices":[{"floor":6,"key":"REST"},{"floor":13,"key":"REST"},{"data":"RobotSpaceExplorer:BigMissile","floor":15,"key":"SMITH"},{"data":"RobotSpaceExplorer:Pulsar","floor":24,"key":"SMITH"},{"data":"infinitespire:FutureSight","floor":27,"key":"SMITH"},{"floor":32,"key":"REST"},{"data":"hubris:DuctTapeCard","floor":40,"key":"SMITH"},{"floor":44,"key":"REST"},{"data":"Madness","floor":51,"key":"SMITH"},{"floor":58,"key":"REST"},{"data":"RobotSpaceExplorer:DroneSwarm","floor":60,"key":"SMITH"}],"circlet_count":0,"master_deck":["RobotSpaceExplorer:Strike","RobotSpaceExplorer:Strike+1","RobotSpaceExplorer:Strike","RobotSpaceExplorer:Strike","RobotSpaceExplorer:Defend","RobotSpaceExplorer:Defend","RobotSpaceExplorer:Defend","RobotSpaceExplorer:Scan","RobotSpaceExplorer:StunGrenade","RobotSpaceExplorer:Pulsar+1","infinitespire:FutureSight+1","RobotSpaceExplorer:MiniDrones","RobotSpaceExplorer:BigMissile+1","RobotSpaceExplorer:RigExplosive","RobotSpaceExplorer:GearShield+1","RobotSpaceExplorer:RigExplosive","RobotSpaceExplorer:FrostMissile","RobotSpaceExplorer:MiniDrones","RobotSpaceExplorer:SurgingStrike","RobotSpaceExplorer:Comet","RobotSpaceExplorer:HighVoltage+1","RobotSpaceExplorer:SurgingShield+1","RobotSpaceExplorer:SurgingShield+1","Madness","Madness+1","hubris:DuctTapeCard+2","infinitespire:Starlight","RobotSpaceExplorer:MiniDrones","beaked:Ceremony+1","RobotSpaceExplorer:DroneSwarm+1","beaked:MimicWarrior"],"relics":["RobotSpaceExplorer:RoboCore","infinitespire:Golems Mask","CultistMask","Anchor","Replay:Grab Bag","energizedSpire:NeverEndingSparkler","reliquary:RedPaperclip","SacredBark","infinitespire:Satchel","infinitespire:EmpoweringShard","hubris:RunicObelisk","aspiration:FrozenJewel","ReplayTheSpireMod:Shallot","Pear","reliquary:Boomerang","aspiration:BeakedSkillbook","White Beast Statue","hubris:DuctTape","infinitespire:BottledMercury","reliquary:Buckler","aspiration:TomeofQuesting","hubris:Backtick","hubris:EmptyBottle","paleoftheancients:Timepiece","paleoftheancients:KeyRelic","paleoftheancients:SoulOfTheShowman","hubris:Towel","reliquary:IridiumChain"],"acts_visited":["Exordium","TheCity","TheBeyond","paleoftheancients:PaleOfTheAncients"],"potions_floor_usage":[10,10,21,21,22,22,23,23,23,23,25,28,28,30,30,31,31,31,33,33,33,35,36,36,42,42,42,42,48,48,48,49,52,52,55,55,55,55,55,55,55,55,55,55,59,59,63,63,63,63],"damage_taken":[{"damage":0,"enemies":"Cultist","floor":1,"turns":3},{"damage":12,"enemies":"conspire:RoseBush","floor":2,"turns":3},{"damage":0,"enemies":"2 Louse","floor":7,"turns":2},{"damage":6,"enemies":"3 Sentries","floor":10,"turns":8},{"damage":7,"enemies":"Red Slaver","floor":12,"turns":3},{"damage":12,"enemies":"Replay:BlueRogue","floor":14,"turns":5},{"damage":48,"enemies":"Fading Forest","floor":16,"turns":11},{"damage":0,"enemies":"Spheric Guardian","floor":18,"turns":2},{"damage":0,"enemies":"conspire:FuzzyDice","floor":21,"turns":3},{"damage":0,"enemies":"Centurion and Healer","floor":22,"turns":2},{"damage":0,"enemies":"Gremlin Leader","floor":23,"turns":7},{"damage":0,"enemies":"3 Cultists","floor":25,"turns":4},{"damage":29,"enemies":"Nightmare","floor":28,"turns":7},{"damage":0,"enemies":"Shelled Parasite and Fungi","floor":30,"turns":2},{"damage":13,"enemies":"Gremlin Leader","floor":31,"turns":6},{"damage":0,"enemies":"conspire:MysteriousRune","floor":33,"turns":7},{"damage":0,"enemies":"3 Shapes","floor":35,"turns":3},{"damage":0,"enemies":"3 Darklings","floor":36,"turns":2},{"damage":0,"enemies":"4 Shapes","floor":39,"turns":3},{"damage":48,"enemies":"Nightmare","floor":42,"turns":8},{"damage":0,"enemies":"Reptomancer","floor":48,"turns":3},{"damage":0,"enemies":"Transient","floor":49,"turns":2},{"damage":68,"enemies":"bossMod:newShapes","floor":52,"turns":9},{"damage":107,"enemies":"bossMod:newShapes","floor":54,"turns":3},{"damage":72,"enemies":"bossMod:newShapes","floor":55,"turns":12},{"damage":66,"enemies":"bossMod:newShapes","floor":59,"turns":8},{"damage":97,"enemies":"paleoftheancients:N","floor":63,"turns":12}],"seed_played":"-4161655493016366148","potions_obtained":[{"floor":2,"key":"SkillPotion"},{"floor":7,"key":"Explosive Potion"},{"floor":14,"key":"Dexterity Potion"},{"floor":21,"key":"Reflective Coating"},{"floor":30,"key":"SkillPotion"},{"floor":31,"key":"RobotSpaceExplorer:RecyclePotion"},{"floor":35,"key":"Flashbang"},{"floor":42,"key":"SmokeBomb"},{"floor":48,"key":"Adrenaline Potion"},{"floor":52,"key":"FearPotion"},{"floor":55,"key":"Milkshake"},{"floor":59,"key":"LifebloodPotion"}],"is_trial":false,"path_per_floor":["M","M","?","?","$","R","M","?","T","E","?","M","R","E","R","B",null,"M","AVR","?","M","M","E","R","M","T","R","NM","?","M","E","R","B",null,"M","M","?","$","M","R","?","NM","T","R","PTL","PTL","?","E","M","?","R","B",null,"M","M","?","$","R","M","R","T","?","B"],"character_chosen":"RobotSpaceExplorer","items_purchased":["White Beast Statue","hubris:DuctTape"],"campfire_rested":5,"item_purchase_floors":[38,38],"current_hp_per_floor":[75,63,45,34,34,56,56,56,56,50,55,48,72,60,60,40,80,80,80,80,80,80,80,80,80,80,80,61,70,70,57,84,84,90,90,90,79,79,79,79,79,34,34,61,61,61,61,61,71,71,71,13,90,90,59,59,59,86,71,71,71,71,0,0],"gold":241,"neow_bonus":"ONE_RARE_RELIC","is_daily":false,"chose_seed":false,"campfire_upgraded":6,"win_rate":0.0,"timestamp":1612456257,"path_taken":["M","?","?","?","$","R","M","?","T","E","?","M","R","E","R","BOSS","M","AVR","?","M","?","E","R","M","T","R","NM","?","?","E","R","BOSS","M","M","?","$","M","R","?","NM","T","R","PTL","PTL","?","E","M","?","R","BOSS","M","M","?","$","R","M","R","T","?","BOSS"],"items_purchased_type":["Relic","Relic"],"build_version":"2020-12-22","purchased_purges":1,"victory":false,"max_hp_per_floor":[75,75,75,75,75,75,75,75,75,75,80,80,80,80,80,80,80,80,80,80,80,80,80,80,80,80,80,90,90,90,90,90,90,90,90,90,90,90,90,90,90,90,90,90,90,90,90,90,90,90,90,90,90,90,90,90,90,90,90,90,90,90,90,90],"card_choices":[{"not_picked":["RobotSpaceExplorer:LuckyStrike","RobotSpaceExplorer:Fix"],"picked":"RobotSpaceExplorer:StunGrenade","floor":1},{"not_picked":["RobotSpaceExplorer:MiniBoosters","RobotSpaceExplorer:GlueShot"],"picked":"RobotSpaceExplorer:Pulsar","floor":2},{"not_picked":["infinitespire:FinalStrike","infinitespire:Fortify"],"picked":"infinitespire:FutureSight","floor":3},{"not_picked":["RobotSpaceExplorer:Probe","RobotSpaceExplorer:Ammunition"],"picked":"RobotSpaceExplorer:MiniDrones","floor":7},{"not_picked":["RobotSpaceExplorer:FranticSearch","RobotSpaceExplorer:ShockKick","RobotSpaceExplorer:Ammunition"],"picked":"SKIP","floor":10},{"not_picked":["RobotSpaceExplorer:ExhaustFan","RobotSpaceExplorer:Counterblock"],"picked":"RobotSpaceExplorer:BigMissile","floor":12},{"not_picked":["RobotSpaceExplorer:ShovelStrike","RobotSpaceExplorer:SurgingShield"],"picked":"RobotSpaceExplorer:RigExplosive","floor":14},{"not_picked":["RobotSpaceExplorer:Explosion","RobotSpaceExplorer:BlastShield"],"picked":"RobotSpaceExplorer:Exploration","floor":16},{"not_picked":["RobotSpaceExplorer:MetalStrike","RobotSpaceExplorer:GlueShot"],"picked":"RobotSpaceExplorer:GearShield+1","floor":18},{"not_picked":["RobotSpaceExplorer:TurboDodge+1","RobotSpaceExplorer:ShovelStrike"],"picked":"RobotSpaceExplorer:FrostMissile","floor":21},{"not_picked":["RobotSpaceExplorer:ToxicBomb","RobotSpaceExplorer:MetalStrike","RobotSpaceExplorer:Ammunition"],"picked":"SKIP","floor":22},{"not_picked":["RobotSpaceExplorer:Calculate","RobotSpaceExplorer:SwiftStep"],"picked":"RobotSpaceExplorer:MiniDrones","floor":23},{"not_picked":["RobotSpaceExplorer:Ammunition+1","RobotSpaceExplorer:Smokescreen"],"picked":"RobotSpaceExplorer:SurgingStrike","floor":25},{"not_picked":["RobotSpaceExplorer:RigExplosive","RobotSpaceExplorer:Multitool"],"picked":"RobotSpaceExplorer:Blitz","floor":28},{"not_picked":["RobotSpaceExplorer:Probe","RobotSpaceExplorer:ImprovisedAttack","RobotSpaceExplorer:Ammunition"],"picked":"SKIP","floor":30},{"not_picked":["RobotSpaceExplorer:SurgingStrike","RobotSpaceExplorer:StunGrenade+1"],"picked":"RobotSpaceExplorer:Comet","floor":31},{"not_picked":["RobotSpaceExplorer:Wormhole","RobotSpaceExplorer:Blaster"],"picked":"RobotSpaceExplorer:HighVoltage","floor":33},{"not_picked":["beaked:HuntressEssence","RobotSpaceExplorer:FranticSearch","beaked:Evade"],"picked":"RobotSpaceExplorer:SurgingShield+1","floor":35},{"not_picked":["beaked:Foresight","RobotSpaceExplorer:SwiftStep","beaked:SurvivalInstinct"],"picked":"RobotSpaceExplorer:SurgingShield+1","floor":36},{"not_picked":["RobotSpaceExplorer:SurgingStrike","beaked:Resilience","RobotSpaceExplorer:FreezeRay"],"picked":"RobotSpaceExplorer:Accelerator","floor":39},{"not_picked":["infinitespire:NeuralNetwork","infinitespire:UltimateForm"],"picked":"infinitespire:Starlight","floor":42},{"not_picked":["beaked:Tweet+1","beaked:Overpower","beaked:Struggle+1","beaked:Negation+1"],"picked":"SKIP","floor":42},{"not_picked":["beaked:Insight","RobotSpaceExplorer:StunGrenade","beaked:BarbedWire"],"picked":"beaked:Ceremony+1","floor":48},{"not_picked":["RobotSpaceExplorer:BlastShield","RobotSpaceExplorer:Arsenal","beaked:ShadowFade"],"picked":"RobotSpaceExplorer:DroneSwarm","floor":52},{"not_picked":["beaked:DesperateSwing+1","beaked:Mantra","beaked:Flinch"],"picked":"beaked:MimicWarrior","floor":55},{"not_picked":["RobotSpaceExplorer:ImprovisedAttack+1","beaked:ScreechingChant","beaked:Redirect","beaked:TuckingFeathers+1"],"picked":"SKIP","floor":59}],"player_experience":164512,"relics_obtained":[{"floor":9,"key":"Juzu Bracelet"},{"floor":10,"key":"aspiration:HiddenCompartment"},{"floor":14,"key":"Anchor"},{"floor":18,"key":"infinitespire:Satchel"},{"floor":23,"key":"aspiration:FrozenJewel"},{"floor":26,"key":"ReplayTheSpireMod:Shallot"},{"floor":28,"key":"Pear"},{"floor":31,"key":"reliquary:Boomerang"},{"floor":42,"key":"infinitespire:BottledMercury"},{"floor":43,"key":"reliquary:Buckler"},{"floor":48,"key":"aspiration:TomeofQuesting"},{"floor":55,"key":"paleoftheancients:SoulOfTheShowman"},{"floor":61,"key":"reliquary:IridiumChain"}],"event_choices":[{"damage_healed":0,"gold_gain":75,"player_choice":"Gather Gold","damage_taken":11,"max_hp_gain":0,"max_hp_loss":0,"event_name":"World of Goop","floor":4,"gold_loss":0},{"damage_healed":0,"gold_gain":0,"player_choice":"Trade","damage_taken":0,"relics_obtained":["CultistMask"],"max_hp_gain":0,"max_hp_loss":0,"event_name":"FaceTrader","floor":8,"gold_loss":0},{"damage_healed":0,"gold_gain":0,"player_choice":"Donut","damage_taken":0,"max_hp_gain":5,"max_hp_loss":0,"event_name":"Big Fish","floor":11,"gold_loss":0},{"damage_healed":0,"gold_gain":0,"player_choice":"Copied","damage_taken":0,"max_hp_gain":0,"max_hp_loss":0,"event_name":"Duplicator","floor":20,"gold_loss":0,"cards_obtained":["RobotSpaceExplorer:RigExplosive"]},{"damage_healed":0,"gold_gain":0,"player_choice":"Embrace Madness","damage_taken":11,"max_hp_gain":0,"max_hp_loss":0,"event_name":"Winding Halls","floor":37,"gold_loss":0,"cards_obtained":["Madness","Madness"]},{"damage_healed":0,"gold_gain":0,"player_choice":"Leave","damage_taken":0,"max_hp_gain":0,"max_hp_loss":0,"event_name":"conspire:Investor","floor":41,"gold_loss":0},{"cards_removed":["RobotSpaceExplorer:Accelerator"],"damage_healed":0,"gold_gain":0,"player_choice":"Removed Power","damage_taken":0,"max_hp_gain":0,"max_hp_loss":0,"event_name":"Falling","floor":50,"gold_loss":0}],"is_beta":false,"boss_relics":[{"not_picked":["energizedSpire:MagnifyingGlass","energizedSpire:CursedPentagram"],"picked":"Replay:Grab Bag"},{"not_picked":["hubris:CrackedHourglass","hubris:TerracottaHorce"],"picked":"energizedSpire:NeverEndingSparkler"},{"not_picked":["reliquary:KinkedSpring","Cursed Key"],"picked":"reliquary:RedPaperclip"},{"not_picked":["hubris:HollowSoul","aspiration:MarisaSkillbook"],"picked":"SacredBark"},{"not_picked":["Empty Cage","ReplayTheSpireMod:DimensionalGlitch"],"picked":"aspiration:BeakedSkillbook"},{"not_picked":["hubris:Stopwatch","beaked:MawFillet"],"picked":"hubris:Backtick"}],"items_purged_floors":[38],"is_endless":true,"potions_floor_spawned":[2,7,14,21,22,30,31,35,39,42,48,49,52,54,55,59],"killed_by":"paleoftheancients:N","ascension_level":2}}