{"host":"w8jq41i5zn1fudf9","time":1612420504,"event":{"mods":["AchievementEnabler","BaseMod","Colored Map","Colored Powertips","Curses Come First","GifTheSpireLib","Googly Eyes","Minty Spire (QoL Compilation)","Quick Restart","Rare Cards Sparkle","Relic Stats","StSLib","The Awakened One except there are too many feathers","egg","everything is the same but u backflip on backflip","slay the spire mod where everything is the same but ironclad has a cowboy hat"],"gold_per_floor":[119,138,138,138,138,138,156,181,181,194,194,253,110,127,127,224,224,238,238,91,101,101,101,127,127,127,127,42,42,42,55,55,150,150,167,167,179,228,247,247,257,257,281,300,319,319,332,110,110,110,110],"floor_reached":50,"language":"ENG","playtime":1736,"items_purged":["Parasite"],"score":552,"play_id":"7a928731-5643-4a47-98de-de2c759bc614","local_time":"20210203233504","is_ascension_mode":true,"campfire_choices":[{"data":"Dualcast","floor":6,"key":"SMITH"},{"floor":11,"key":"REST"},{"floor":15,"key":"REST"},{"data":"Buffer","floor":23,"key":"SMITH"},{"data":"Coolheaded","floor":25,"key":"SMITH"},{"data":"BootSequence","floor":27,"key":"SMITH"},{"data":"Ball Lightning","floor":32,"key":"SMITH"},{"data":"Dramatic Entrance","floor":40,"key":"SMITH"},{"data":"Sweeping Beam","floor":42,"key":"SMITH"},{"data":"Ball Lightning","floor":46,"key":"SMITH"},{"floor":49,"key":"REST"}],"circlet_count":0,"master_deck":["Strike_B+1","Strike_B+1","Strike_B+1","Strike_B+1","Defend_B+1","Defend_B+1","Defend_B+1","Defend_B+1","Zap+1","Dualcast+1","Fission+1","Ball Lightning+1","Coolheaded+1","BootSequence+1","Ball Lightning+1","Buffer+1","Redo+1","Dramatic Entrance+1","Sweeping Beam+1","Redo+1"],"relics":["Cracked Core","Ice Cream","Mercury Hourglass","Potion Belt","Regal Pillow","Busted Crown","DataDisk","Bag of Marbles","HornCleat","PreservedInsect","MealTicket","SlaversCollar","Torii","Orichalcum","Bronze Scales"],"acts_visited":["Exordium","TheCity","TheBeyond"],"potions_floor_usage":[16,16,16,16,24,33,38,47,50,50,50,50],"damage_taken":[{"damage":1,"enemies":"Small Slimes","floor":1,"turns":3},{"damage":7,"enemies":"Jaw Worm","floor":2,"turns":3},{"damage":1,"enemies":"Cultist","floor":7,"turns":3},{"damage":30,"enemies":"3 Sentries","floor":8,"turns":6},{"damage":0,"enemies":"Looter","floor":10,"turns":1},{"damage":13,"enemies":"3 Sentries","floor":12,"turns":5},{"damage":2,"enemies":"Exordium Wildlife","floor":14,"turns":3},{"damage":11,"enemies":"Slime Boss","floor":16,"turns":6},{"damage":0,"enemies":"Spheric Guardian","floor":18,"turns":3},{"damage":0,"enemies":"3 Byrds","floor":21,"turns":3},{"damage":13,"enemies":"Gremlin Leader","floor":24,"turns":4},{"damage":0,"enemies":"3 Cultists","floor":31,"turns":4},{"damage":22,"enemies":"Champ","floor":33,"turns":9},{"damage":0,"enemies":"3 Shapes","floor":35,"turns":3},{"damage":0,"enemies":"Orb Walker","floor":37,"turns":2},{"damage":23,"enemies":"2 Orb Walkers","floor":38,"turns":5},{"damage":18,"enemies":"Spire Growth","floor":39,"turns":4},{"damage":0,"enemies":"Sphere and 2 Shapes","floor":41,"turns":3},{"damage":0,"enemies":"Jaw Worm Horde","floor":44,"turns":3},{"damage":0,"enemies":"Spire Growth","floor":45,"turns":4},{"damage":19,"enemies":"Writhing Mass","floor":47,"turns":5},{"damage":73,"enemies":"Time Eater","floor":50,"turns":8}],"seed_played":"-2135411307123196049","potions_obtained":[{"floor":1,"key":"FearPotion"},{"floor":7,"key":"CultistPotion"},{"floor":14,"key":"EntropicBrew"},{"floor":21,"key":"Explosive Potion"},{"floor":33,"key":"SpeedPotion"},{"floor":41,"key":"LiquidBronze"},{"floor":45,"key":"FearPotion"}],"is_trial":false,"path_per_floor":["M","M","?","?","$","R","M","E","T","M","R","?","$","M","R","B",null,"M","?","$","M","?","R","E","R","T","R","?","?","?","M","R","B",null,"M","?","M","?","M","R","M","R","T","M","M","R","M","$","R","B"],"character_chosen":"DEFECT","items_purchased":["Regal Pillow","DataDisk","Bronze Scales"],"campfire_rested":3,"item_purchase_floors":[13,20,48],"current_hp_per_floor":[74,67,67,52,52,52,51,21,21,21,43,30,30,28,65,54,75,75,75,75,75,61,61,48,48,48,48,48,48,74,74,74,52,80,80,80,80,57,39,39,39,39,39,39,39,39,20,35,73,0,0],"gold":110,"neow_bonus":"ONE_RANDOM_RARE_CARD","is_daily":false,"chose_seed":false,"campfire_upgraded":8,"win_rate":0.0,"timestamp":1612420504,"path_taken":["M","M","?","?","?","R","M","E","T","?","R","?","$","M","R","BOSS","M","?","$","M","?","R","E","R","T","R","?","?","?","?","R","BOSS","M","?","M","?","M","R","M","R","T","M","?","R","M","$","R","BOSS"],"items_purchased_type":["Relic","Relic","Relic"],"build_version":"2020-12-22","purchased_purges":1,"victory":false,"max_hp_per_floor":[75,75,75,75,75,75,75,75,75,75,75,75,75,75,75,75,75,75,75,75,75,80,80,80,80,80,80,80,80,80,80,80,80,80,80,80,80,80,80,80,80,80,80,80,80,80,80,77,77,77,77],"relic_stats":{"Regal Pillow":30,"Busted Crown":28,"Torii":5,"counters":[22,90],"Bronze Scales":[45],"MealTicket":15,"PreservedInsect":0,"Orichalcum":[24],"obtain_stats":[{"Ice Cream":8,"Potion Belt":12,"Regal Pillow":13,"Torii":38,"PreservedInsect":28,"Orichalcum":43,"Mercury Hourglass":9,"SlaversCollar":34,"DataDisk":20,"Busted Crown":17,"HornCleat":26,"Bronze Scales":48,"MealTicket":29,"Bag of Marbles":24,"Cracked Core":0},{"Ice Cream":4,"Potion Belt":6,"Regal Pillow":6,"Torii":16,"PreservedInsect":11,"Orichalcum":18,"Mercury Hourglass":4,"SlaversCollar":13,"DataDisk":9,"Busted Crown":8,"HornCleat":11,"Bronze Scales":21,"MealTicket":11,"Bag of Marbles":11,"Cracked Core":0},{"Ice Cream":15,"Potion Belt":21,"Regal Pillow":21,"Torii":63,"PreservedInsect":40,"Orichalcum":70,"Mercury Hourglass":15,"SlaversCollar":53,"DataDisk":33,"Busted Crown":30,"HornCleat":40,"Bronze Scales":82,"MealTicket":40,"Bag of Marbles":40,"Cracked Core":0}],"Mercury Hourglass":[312]},"card_choices":[{"not_picked":["Genetic Algorithm","Barrage","Redo"],"picked":"SKIP","floor":1},{"not_picked":["Reinforced Body","Streamline","Hologram"],"picked":"SKIP","floor":2},{"not_picked":["Skim","Consume"],"picked":"Ball Lightning","floor":7},{"not_picked":["Force Field","Rebound","Creative AI"],"picked":"SKIP","floor":8},{"not_picked":["Beam Cell","Undo"],"picked":"Coolheaded","floor":10},{"not_picked":["Turbo","Stack"],"picked":"BootSequence","floor":12},{"not_picked":["Sweeping Beam","Stack"],"picked":"Ball Lightning","floor":14},{"not_picked":["Biased Cognition","Creative AI"],"picked":"Buffer","floor":16},{"not_picked":["Gash"],"picked":"SKIP","floor":18},{"not_picked":["Self Repair+1"],"picked":"SKIP","floor":21},{"not_picked":[],"picked":"Redo+1","floor":24},{"not_picked":["Beam Cell"],"picked":"SKIP","floor":31},{"not_picked":["Turbo+1"],"picked":"SKIP","floor":35},{"not_picked":[],"picked":"Dramatic Entrance","floor":36},{"not_picked":[],"picked":"Sweeping Beam","floor":37},{"not_picked":["Skim"],"picked":"SKIP","floor":39},{"not_picked":["Rebound"],"picked":"SKIP","floor":41},{"not_picked":[],"picked":"Redo+1","floor":44},{"not_picked":["Genetic Algorithm+1"],"picked":"SKIP","floor":45},{"not_picked":["Stack"],"picked":"SKIP","floor":47}],"player_experience":85478,"relics_obtained":[{"floor":8,"key":"Ice Cream"},{"floor":9,"key":"Mercury Hourglass"},{"floor":12,"key":"Potion Belt"},{"floor":24,"key":"Bag of Marbles"},{"floor":26,"key":"HornCleat"},{"floor":38,"key":"Torii"},{"floor":43,"key":"Orichalcum"}],"event_choices":[{"damage_healed":0,"gold_gain":0,"player_choice":"Grow","damage_taken":0,"max_hp_gain":0,"max_hp_loss":0,"event_name":"Living Wall","floor":3,"gold_loss":0,"cards_upgraded":["Zap"]},{"damage_healed":0,"gold_gain":0,"player_choice":"Entered Light","damage_taken":15,"max_hp_gain":0,"max_hp_loss":0,"event_name":"Shining Light","floor":4,"gold_loss":0,"cards_upgraded":["Strike_B","Fission"]},{"damage_healed":0,"gold_gain":30,"player_choice":"Searched \u00272\u0027 times","damage_taken":0,"max_hp_gain":0,"max_hp_loss":0,"event_name":"Dead Adventurer","floor":12,"gold_loss":0},{"damage_healed":0,"gold_gain":0,"player_choice":"Simplicity","damage_taken":0,"max_hp_gain":0,"max_hp_loss":0,"event_name":"Back to Basics","floor":19,"gold_loss":0,"cards_upgraded":["Strike_B","Strike_B","Strike_B","Defend_B","Defend_B","Defend_B","Defend_B"]},{"damage_healed":0,"gold_gain":0,"player_choice":"Shed Blood","damage_taken":19,"max_hp_gain":5,"max_hp_loss":0,"event_name":"Forgotten Altar","floor":22,"gold_loss":0},{"damage_healed":0,"gold_gain":0,"player_choice":"Obtained Relic","damage_taken":0,"relics_obtained":["PreservedInsect"],"max_hp_gain":0,"max_hp_loss":0,"event_name":"Addict","floor":28,"gold_loss":85},{"damage_healed":0,"gold_gain":0,"player_choice":"Opened","damage_taken":0,"relics_obtained":["MealTicket"],"max_hp_gain":0,"max_hp_loss":0,"event_name":"The Mausoleum","floor":29,"gold_loss":0},{"damage_healed":26,"gold_gain":0,"player_choice":"Heal","damage_taken":0,"max_hp_gain":0,"max_hp_loss":0,"event_name":"The Library","floor":30,"gold_loss":0},{"damage_healed":0,"gold_gain":0,"player_choice":"Memory 1","damage_taken":0,"max_hp_gain":0,"max_hp_loss":0,"event_name":"SensoryStone","floor":36,"gold_loss":0},{"damage_healed":0,"gold_gain":0,"player_choice":"Fight","damage_taken":0,"max_hp_gain":0,"max_hp_loss":0,"event_name":"Mysterious Sphere","floor":38,"gold_loss":0}],"is_beta":false,"boss_relics":[{"not_picked":["FrozenCore","Calling Bell"],"picked":"Busted Crown"},{"not_picked":["Black Star","Nuclear Battery"],"picked":"SlaversCollar"}],"items_purged_floors":[48],"is_endless":false,"potions_floor_spawned":[1,7,14,21,33,41,45],"killed_by":"Time Eater","ascension_level":4}}