{"host":"640uue19m79c7wbt","time":1612404332,"event":{"mods":["BaseMod","Colored Map","Googly Eyes","Highlight Path","Minty Spire (QoL Compilation)","Quick Restart","StSLib"],"gold_per_floor":[116,96,10,10,27,27,27,27,27,59,59,70,70,87,87,159,159,171,171,183,183,108,108,108],"floor_reached":23,"language":"ENG","playtime":620,"items_purged":[],"score":403,"play_id":"bed93355-d816-4ec0-86b6-68e97248b1c0","local_time":"20210203210532","is_ascension_mode":true,"campfire_choices":[{"data":"Dagger Spray","floor":6.0,"key":"SMITH"},{"data":"Blur","floor":8.0,"key":"SMITH"},{"data":"Well Laid Plans","floor":13.0,"key":"SMITH"},{"data":"Cloak And Dagger","floor":15.0,"key":"SMITH"}],"circlet_count":0,"master_deck":["AscendersBane","Strike_G","Strike_G","Strike_G","Strike_G","Defend_G","Defend_G","Defend_G","Defend_G","Defend_G","Survivor","Neutralize","Blur+1","Accuracy+1","Dagger Spray+1","Calculated Gamble+1","Well Laid Plans+1","Cloak And Dagger+1","Venomology","Backstab"],"relics":["Ring of the Snake","NeowsBlessing","Snake Skull","Mango","SlaversCollar","Dream Catcher","Gremlin Horn"],"acts_visited":["Exordium","TheCity"],"potions_floor_usage":[18,20,23,23],"damage_taken":[{"damage":0.0,"enemies":"Jaw Worm","floor":1.0,"turns":1.0},{"damage":0.0,"enemies":"Cultist","floor":5.0,"turns":1.0},{"damage":0.0,"enemies":"Gremlin Nob","floor":10.0,"turns":1.0},{"damage":11.0,"enemies":"2 Louse","floor":12.0,"turns":3.0},{"damage":0.0,"enemies":"Exordium Thugs","floor":14.0,"turns":4.0},{"damage":27.0,"enemies":"Hexaghost","floor":16.0,"turns":11.0},{"damage":20,"enemies":"Chosen","floor":18,"turns":5},{"damage":15,"enemies":"Shell Parasite","floor":20,"turns":8},{"damage":27,"enemies":"Gremlin Leader","floor":23,"turns":3}],"seed_played":"3626844660259801784","potions_obtained":[{"floor":1.0,"key":"SpeedPotion"},{"floor":2.0,"key":"CultistPotion"},{"floor":10.0,"key":"CultistPotion"},{"floor":20,"key":"FearPotion"}],"is_trial":false,"path_per_floor":["M","?","$","?","M","R","?","R","T","E","?","M","R","M","R","B",null,"M","T","M","?","?","E"],"character_chosen":"THE_SILENT","items_purchased":["Accuracy"],"campfire_rested":0,"item_purchase_floors":[3],"current_hp_per_floor":[59,59,59,59,59,59,59,59,59,73,73,62,62,62,62,35,69,49,49,34,34,34,7,7],"gold":108,"neow_bonus":"THREE_ENEMY_KILL","is_daily":false,"chose_seed":false,"campfire_upgraded":4,"win_rate":0.0,"timestamp":1612404332,"path_taken":["M","?","?","?","?","R","?","R","T","E","?","M","R","M","R","BOSS","M","?","M","?","?","E"],"items_purchased_type":["Card"],"build_version":"2020-12-22","purchased_purges":0,"victory":false,"max_hp_per_floor":[66,66,66,66,66,66,66,66,66,80,80,80,80,80,80,80,80,80,80,80,80,80,80,80],"card_choices":[{"not_picked":["Masterful Stab","Leg Sweep"],"picked":"Blur","floor":1.0},{"not_picked":["Bane","Concentrate"],"picked":"Dagger Spray","floor":5.0},{"not_picked":["Masterful Stab","Choke"],"picked":"Calculated Gamble","floor":10.0},{"not_picked":["Footwork","Quick Slash"],"picked":"Well Laid Plans","floor":12.0},{"not_picked":["Bane","Well Laid Plans"],"picked":"Cloak And Dagger","floor":14.0},{"not_picked":["Malaise","Corpse Explosion"],"picked":"Venomology","floor":16.0},{"not_picked":["Backflip","Poisoned Stab","Quick Slash"],"picked":"SKIP","floor":18},{"not_picked":["Slice","Deadly Poison"],"picked":"Backstab","floor":20}],"player_experience":656379,"relics_obtained":[{"floor":9.0,"key":"Snake Skull"},{"floor":10.0,"key":"Mango"},{"floor":19,"key":"Dream Catcher"}],"event_choices":[{"damage_healed":0.0,"max_hp_gain":0.0,"max_hp_loss":0.0,"gold_gain":0.0,"event_name":"The Woman in Blue","player_choice":"Bought 1 Potion","floor":2.0,"gold_loss":0.0,"damage_taken":0.0},{"cards_removed":["Strike_G"],"damage_healed":0.0,"max_hp_gain":0.0,"max_hp_loss":0.0,"gold_gain":0.0,"event_name":"Bonfire Elementals","player_choice":"Offered Basic","floor":4.0,"gold_loss":0.0,"damage_taken":0.0},{"damage_healed":0.0,"max_hp_gain":0.0,"max_hp_loss":0.0,"gold_gain":0.0,"event_name":"Living Wall","player_choice":"Grow","floor":7.0,"gold_loss":0.0,"damage_taken":0.0,"cards_upgraded":["Accuracy"]},{"damage_healed":0.0,"max_hp_gain":0.0,"max_hp_loss":0.0,"gold_gain":0.0,"event_name":"Accursed Blacksmith","player_choice":"Forge","floor":11.0,"gold_loss":0.0,"damage_taken":0.0,"cards_upgraded":["Calculated Gamble"]},{"damage_healed":0,"gold_gain":0,"player_choice":"Opened","damage_taken":0,"relics_obtained":["Gremlin Horn"],"max_hp_gain":0,"max_hp_loss":0,"event_name":"The Mausoleum","floor":21,"gold_loss":0,"cards_obtained":["Writhe"]},{"cards_removed":["Writhe"],"damage_healed":0,"gold_gain":0,"player_choice":"Gave Gold","damage_taken":0,"max_hp_gain":0,"max_hp_loss":0,"event_name":"Beggar","floor":22,"gold_loss":75}],"is_beta":false,"boss_relics":[{"not_picked":["Fusion Hammer","Philosopher\u0027s Stone"],"picked":"SlaversCollar"}],"items_purged_floors":[],"is_endless":false,"potions_floor_spawned":[1,10,20],"killed_by":"Gremlin Leader","ascension_level":18}}