{"host":"j4g6ia6asvpyu2b0","time":1612400703,"event":{"mods":["BaseMod","Colored Map","Minty Spire (QoL Compilation)","Permanent Neow","Quick Restart","Relic Stats","StSLib","Unceasing Turn Reminder"],"gold_per_floor":[359,359,359,359,379,418,418,453,476,476,476],"floor_reached":10,"language":"ENG","playtime":313,"items_purged":[],"score":85,"play_id":"318c1b87-1929-4643-b6e4-f099ea018836","local_time":"20210203180503","is_ascension_mode":true,"campfire_choices":[{"data":"Deadly Poison","floor":7,"key":"SMITH"}],"circlet_count":0,"master_deck":["Strike_G","Strike_G","Strike_G","Strike_G","Strike_G","Defend_G","Defend_G","Defend_G","Defend_G","Defend_G","Survivor","Neutralize","Deadly Poison+1","Leg Sweep","Cloak And Dagger","Venomology"],"relics":["Ring of the Snake","Golden Idol","Strawberry","Pear","Bag of Preparation"],"acts_visited":["Exordium"],"potions_floor_usage":[6,8,10,10,10],"damage_taken":[{"damage":0,"enemies":"Jaw Worm","floor":1,"turns":6},{"damage":3,"enemies":"Small Slimes","floor":5,"turns":3},{"damage":11,"enemies":"Lagavulin","floor":6,"turns":9},{"damage":50,"enemies":"Gremlin Nob","floor":8,"turns":5},{"damage":13,"enemies":"3 Sentries","floor":10,"turns":8}],"seed_played":"-6475533285545188398","potions_obtained":[{"floor":1,"key":"DistilledChaos"},{"floor":3,"key":"Ancient Potion"},{"floor":3,"key":"ColorlessPotion"},{"floor":5,"key":"DuplicationPotion"},{"floor":8,"key":"SkillPotion"}],"is_trial":false,"path_per_floor":["M","?","?","$","M","E","R","E","T","E"],"character_chosen":"THE_SILENT","items_purchased":[],"campfire_rested":0,"item_purchase_floors":[],"current_hp_per_floor":[63,58,58,58,55,51,51,11,11,0,0],"gold":476,"neow_bonus":"TWO_FIFTY_GOLD","is_daily":false,"chose_seed":false,"campfire_upgraded":1,"win_rate":0.0,"timestamp":1612400703,"path_taken":["M","?","?","$","?","E","R","E","T","E"],"items_purchased_type":[],"build_version":"2020-12-22","purchased_purges":0,"victory":false,"max_hp_per_floor":[63,58,58,58,58,65,65,75,75,75,75],"relic_stats":{"counters":[5,31],"Golden Idol":19,"Bag of Preparation":[2],"obtain_stats":[{"Pear":8,"Golden Idol":2,"Strawberry":6,"Bag of Preparation":9,"Ring of the Snake":0},{"Pear":4,"Golden Idol":1,"Strawberry":3,"Bag of Preparation":4,"Ring of the Snake":0},{"Pear":23,"Golden Idol":6,"Strawberry":18,"Bag of Preparation":23,"Ring of the Snake":0}],"Ring of the Snake":[10]},"card_choices":[{"not_picked":["Heel Hook","Concentrate"],"picked":"Deadly Poison","floor":1},{"not_picked":["Sucker Punch","Dagger Spray"],"picked":"Leg Sweep","floor":5},{"not_picked":["Expertise","PiercingWail"],"picked":"Cloak And Dagger","floor":6},{"not_picked":["Dodge and Roll","Sucker Punch"],"picked":"Venomology","floor":8}],"player_experience":1132486,"relics_obtained":[{"floor":6,"key":"Strawberry"},{"floor":8,"key":"Pear"},{"floor":9,"key":"Bag of Preparation"}],"event_choices":[{"damage_healed":0,"gold_gain":0,"player_choice":"Lose Max HP","damage_taken":0,"relics_obtained":["Golden Idol"],"max_hp_gain":0,"max_hp_loss":5,"event_name":"Golden Idol","floor":2,"gold_loss":0},{"damage_healed":0,"gold_gain":0,"player_choice":"Got Potions","damage_taken":0,"max_hp_gain":0,"max_hp_loss":0,"event_name":"Lab","floor":3,"gold_loss":0}],"is_beta":false,"boss_relics":[],"items_purged_floors":[],"is_endless":false,"potions_floor_spawned":[1,5,8],"killed_by":"3 Sentries","ascension_level":3}}