{"host":"49pjgf1q9ev52n8z","time":1612430218,"event":{"mods":["BaseMod","Bestiary","Colored Map","Minty Spire (QoL Compilation)","Practice Mode","Relic Stats","StSLib"],"gold_per_floor":[115,132,152,165,340,340,373,373,400,433,58,78,78,92,92,192,192,203,220,220,236,236,270,284,311,382,382,19,34,45,55,55,158,158,168,168,99,114,126,161,181,216,216,229,229,239,239,259,259,259],"floor_reached":51,"language":"ENG","playtime":4484,"items_purged":["Doubt"],"score":876,"play_id":"14c7ec82-b216-414a-a308-d75c8f25010b","local_time":"20210204011658","is_ascension_mode":true,"campfire_choices":[{"data":"Iron Wave","floor":6.0,"key":"SMITH"},{"data":"Spot Weakness","floor":15.0,"key":"SMITH"},{"data":"True Grit","floor":27.0,"key":"SMITH"},{"floor":32.0,"key":"REST"},{"floor":45,"key":"REST"},{"data":"Limit Break","floor":47,"key":"SMITH"},{"floor":49,"key":"REST"}],"circlet_count":0,"master_deck":["Strike_R","Strike_R","Strike_R","Strike_R","Strike_R","Defend_R","Defend_R","Defend_R","Defend_R","Bash","Iron Wave+1","Pommel Strike","Ghostly Armor","Spot Weakness+1","Reaper","Combust","Twin Strike+1","Metallicize","Pummel+1","Limit Break","Rampage+1","RitualDagger+1","Blood for Blood+1","Dark Embrace","Limit Break+1","True Grit+1","Whirlwind+1","Demon Form","Fire Breathing","Exhume+1","Panacea+1","Ghostly Armor+1","Disarm+1","Rupture+1","Ghostly Armor+1","Clothesline+1","Headbutt+1"],"relics":["Burning Blood","Pocketwatch","MealTicket","Anchor","Omamori","Molten Egg 2","Philosopher\u0027s Stone","Smiling Mask","Mummified Hand","Question Card","Toxic Egg 2","Blood Vial","Sozu","Kunai","Pen Nib","Pear"],"acts_visited":["TheCity","TheBeyond"],"potions_floor_usage":[50],"damage_taken":[{"damage":9.0,"enemies":"Jaw Worm","floor":1.0,"turns":5.0},{"damage":5.0,"enemies":"Small Slimes","floor":2.0,"turns":3.0},{"damage":2.0,"enemies":"2 Louse","floor":3.0,"turns":3.0},{"damage":0.0,"enemies":"Exordium Wildlife","floor":4.0,"turns":4.0},{"damage":25.0,"enemies":"Gremlin Nob","floor":7.0,"turns":4.0},{"damage":33.0,"enemies":"3 Sentries","floor":10.0,"turns":8.0},{"damage":7.0,"enemies":"Gremlin Gang","floor":12.0,"turns":4.0},{"damage":2.0,"enemies":"2 Fungi Beasts","floor":14.0,"turns":3.0},{"damage":24.0,"enemies":"The Guardian","floor":16.0,"turns":10.0},{"damage":16.0,"enemies":"Spheric Guardian","floor":18.0,"turns":4.0},{"damage":19.0,"enemies":"Chosen","floor":19.0,"turns":5.0},{"damage":17.0,"enemies":"Snake Plant","floor":21.0,"turns":3.0},{"damage":21.0,"enemies":"Slavers","floor":23.0,"turns":4.0},{"damage":7.0,"enemies":"Chosen and Byrds","floor":24.0,"turns":4.0},{"damage":23.0,"enemies":"Gremlin Leader","floor":25.0,"turns":4.0},{"damage":31.0,"enemies":"Centurion and Healer","floor":29.0,"turns":6.0},{"damage":14.0,"enemies":"Snecko","floor":30.0,"turns":4.0},{"damage":21.0,"enemies":"Sentry and Sphere","floor":31.0,"turns":4.0},{"damage":57.0,"enemies":"Collector","floor":33.0,"turns":7.0},{"damage":35.0,"enemies":"3 Darklings","floor":35.0,"turns":4.0},{"damage":22.0,"enemies":"Orb Walker","floor":38.0,"turns":3.0},{"damage":21.0,"enemies":"Writhing Mass","floor":39.0,"turns":9.0},{"damage":6,"enemies":"Nemesis","floor":40,"turns":5},{"damage":0,"enemies":"Jaw Worm Horde","floor":41,"turns":2},{"damage":75,"enemies":"Giant Head","floor":42,"turns":8},{"damage":10,"enemies":"Transient","floor":44,"turns":5},{"damage":31,"enemies":"3 Darklings","floor":46,"turns":4},{"damage":10,"enemies":"4 Shapes","floor":48,"turns":4},{"damage":79,"enemies":"Donu and Deca","floor":50,"turns":6}],"seed_played":"-7247789505724619095","potions_obtained":[{"floor":2.0,"key":"SpeedPotion"},{"floor":3.0,"key":"Strength Potion"},{"floor":10.0,"key":"Explosive Potion"},{"floor":12.0,"key":"Block Potion"},{"floor":14.0,"key":"AttackPotion"},{"floor":18.0,"key":"Fire Potion"},{"floor":23.0,"key":"CultistPotion"},{"floor":24.0,"key":"DistilledChaos"},{"floor":29.0,"key":"Strength Potion"},{"floor":33.0,"key":"Dexterity Potion"}],"is_trial":false,"path_per_floor":["M","M","M","M","?","R","E","?","T","E","$","M","?","M","R","B",null,"M","M","?","M","?","E","M","E","T","R","$","M","M","M","R","B",null,"M","?","$","M","M","E","M","E","T","M","R","M","R","M","R","B",null],"character_chosen":"IRONCLAD","items_purchased":["Molten Egg 2","Twin Strike+1","Whirlwind+1","Blood Vial","Demon Form","Ghostly Armor+1"],"campfire_rested":3,"item_purchase_floors":[11,11,28,28,28,37],"current_hp_per_floor":[53,54,58,64,64,64,45,65,65,59,74,79,72,76,76,77,77,67,58,52,49,49,50,61,59,59,59,74,51,51,38,61,45,77,77,77,77,73,64,66,74,17,27,40,66,43,43,61,87,57],"gold":259,"neow_bonus":"ONE_RARE_RELIC","is_daily":false,"chose_seed":false,"campfire_upgraded":4,"win_rate":0.0,"timestamp":1612430218,"path_taken":["M","M","M","M","?","R","E","?","T","E","$","M","?","M","R","BOSS","M","M","?","M","?","E","M","E","T","R","?","M","M","?","R","BOSS","M","?","$","M","M","E","M","E","T","M","R","M","R","M","R","BOSS"],"items_purchased_type":["Relic","Card","Card","Relic","Card","Card"],"build_version":"2020-12-22","purchased_purges":1,"victory":true,"max_hp_per_floor":[80,80,80,80,80,80,80,80,80,80,80,80,77,77,77,77,77,77,77,77,77,77,77,77,77,77,77,77,77,77,77,77,77,77,77,77,77,77,77,77,77,77,87,87,87,87,87,87,87,87],"relic_stats":{"Blood Vial":22,"Sozu":3,"counters":[29,139],"Mummified Hand":[53],"MealTicket":30,"Pen Nib":[4],"Kunai":[9],"Smiling Mask":0,"Question Card":14,"obtain_stats":[{"Pear":43,"Pen Nib":42,"Omamori":10,"Smiling Mask":22,"Question Card":25,"Burning Blood":0,"Blood Vial":28,"Sozu":34,"Anchor":9,"Mummified Hand":23,"MealTicket":7,"Molten Egg 2":11,"Philosopher\u0027s Stone":17,"Kunai":40,"Toxic Egg 2":26,"Pocketwatch":0},{"Pear":25,"Pen Nib":25,"Omamori":6,"Smiling Mask":12,"Question Card":15,"Burning Blood":0,"Blood Vial":15,"Sozu":19,"Anchor":5,"Mummified Hand":13,"MealTicket":5,"Molten Egg 2":6,"Philosopher\u0027s Stone":9,"Kunai":23,"Toxic Egg 2":15,"Pocketwatch":0},{"Pear":120,"Pen Nib":120,"Omamori":27,"Smiling Mask":56,"Question Card":68,"Burning Blood":0,"Blood Vial":68,"Sozu":89,"Anchor":19,"Mummified Hand":60,"MealTicket":19,"Molten Egg 2":27,"Philosopher\u0027s Stone":44,"Kunai":110,"Toxic Egg 2":68,"Pocketwatch":0}],"Burning Blood":167,"Pocketwatch":[243]},"card_choices":[{"not_picked":["Battle Trance","Anger"],"picked":"Iron Wave","floor":1.0},{"not_picked":["Sword Boomerang","Iron Wave"],"picked":"Pommel Strike","floor":2.0},{"not_picked":["Body Slam","Dual Wield"],"picked":"Ghostly Armor","floor":3.0},{"not_picked":["Cleave","Warcry"],"picked":"Spot Weakness","floor":4.0},{"not_picked":["Disarm","Whirlwind"],"picked":"Reaper","floor":7.0},{"not_picked":["Battle Trance","Metallicize"],"picked":"Combust","floor":10.0},{"not_picked":["Seeing Red","Armaments"],"picked":"Metallicize","floor":12.0},{"not_picked":["Sword Boomerang+1","Flex"],"picked":"Pummel+1","floor":14.0},{"not_picked":["Reaper+1","Exhume"],"picked":"Limit Break","floor":16.0},{"not_picked":["Warcry+1","Wild Strike+1","Flex+1"],"picked":"SKIP","floor":18.0},{"not_picked":["Power Through+1","Seeing Red"],"picked":"Rampage+1","floor":19.0},{"not_picked":["Pommel Strike+1","Clothesline+1"],"picked":"Blood for Blood+1","floor":21.0},{"not_picked":["Cleave+1","Disarm"],"picked":"Dark Embrace","floor":23.0},{"not_picked":["Shrug It Off+1","Havoc"],"picked":"Limit Break","floor":24.0},{"not_picked":["Blood for Blood+1","Limit Break"],"picked":"True Grit","floor":25.0},{"not_picked":["Twin Strike+1","Perfected Strike+1","Armaments+1","Anger+1"],"picked":"SKIP","floor":29.0},{"not_picked":["Rage+1","Armaments+1","Havoc+1","Cleave+1"],"picked":"SKIP","floor":30.0},{"not_picked":["Twin Strike+1","Pommel Strike+1","Thunderclap+1"],"picked":"Fire Breathing","floor":31.0},{"not_picked":["Demon Form","Juggernaut","Bludgeon+1"],"picked":"Exhume+1","floor":33.0},{"not_picked":["Clash+1","True Grit+1","Shrug It Off+1","Wild Strike+1"],"picked":"SKIP","floor":35.0},{"not_picked":["Thinking Ahead+1","Secret Technique+1","Madness+1"],"picked":"Panacea+1","floor":36.0},{"not_picked":["Heavy Blade+1","Iron Wave+1","Flex+1"],"picked":"Disarm+1","floor":38.0},{"not_picked":["Flex+1","Anger+1","Uppercut+1"],"picked":"Rupture+1","floor":39.0},{"not_picked":["Sentinel+1","Second Wind+1","Spot Weakness+1"],"picked":"Ghostly Armor+1","floor":40},{"not_picked":["Blood for Blood+1","Twin Strike+1","Sword Boomerang+1","Pommel Strike+1"],"picked":"SKIP","floor":41},{"not_picked":["Flex+1","Disarm+1","Juggernaut"],"picked":"Clothesline+1","floor":42},{"not_picked":["Thunderclap+1","Pommel Strike+1","Havoc+1"],"picked":"Headbutt+1","floor":44},{"not_picked":["Shrug It Off+1","Second Wind+1","Blood for Blood+1","Havoc+1"],"picked":"SKIP","floor":46},{"not_picked":["Burning Pact+1","Bloodletting+1","Clothesline+1","Wild Strike+1"],"picked":"SKIP","floor":48}],"player_experience":711279,"relics_obtained":[{"floor":7.0,"key":"MealTicket"},{"floor":9.0,"key":"Anchor"},{"floor":10.0,"key":"Omamori"},{"floor":23.0,"key":"Mummified Hand"},{"floor":25.0,"key":"Question Card"},{"floor":26.0,"key":"Toxic Egg 2"},{"floor":40,"key":"Kunai"},{"floor":42,"key":"Pen Nib"},{"floor":43,"key":"Pear"}],"event_choices":[{"damage_healed":0.0,"max_hp_gain":0.0,"max_hp_loss":0.0,"gold_gain":175.0,"event_name":"Liars Game","player_choice":"AGREE","floor":5.0,"gold_loss":0.0,"damage_taken":0.0,"cards_obtained":["Doubt"]},{"damage_healed":20.0,"max_hp_gain":0.0,"max_hp_loss":0.0,"gold_gain":0.0,"event_name":"Mushrooms","player_choice":"Healed and dodged fight","floor":8.0,"gold_loss":0.0,"damage_taken":0.0,"cards_obtained":["Parasite"]},{"cards_removed":["Parasite"],"damage_healed":0.0,"max_hp_gain":0.0,"max_hp_loss":0.0,"gold_gain":0.0,"event_name":"Golden Wing","player_choice":"Card Removal","floor":13.0,"gold_loss":0.0,"damage_taken":7.0},{"damage_healed":0.0,"max_hp_gain":0.0,"max_hp_loss":0.0,"gold_gain":0.0,"event_name":"Nest","player_choice":"Joined the Cult","floor":20.0,"gold_loss":0.0,"damage_taken":6.0,"cards_obtained":["RitualDagger"]},{"damage_healed":0.0,"max_hp_gain":0.0,"max_hp_loss":0.0,"gold_gain":0.0,"event_name":"Addict","player_choice":"Stole Relic","floor":22.0,"gold_loss":0.0,"damage_taken":0.0,"relics_obtained":["Smiling Mask"],"cards_obtained":["Shame"]},{"damage_healed":0.0,"max_hp_gain":0.0,"max_hp_loss":0.0,"gold_gain":0.0,"event_name":"SensoryStone","player_choice":"Memory 1","floor":36.0,"gold_loss":0.0,"damage_taken":0.0}],"is_beta":false,"boss_relics":[{"not_picked":["Runic Pyramid","Runic Dome"],"picked":"Philosopher\u0027s Stone"},{"not_picked":["SacredBark","SlaversCollar"],"picked":"Sozu"}],"items_purged_floors":[11],"is_endless":false,"potions_floor_spawned":[2,3,10,12,14,16,18,23,24,29,33,35,42,44],"ascension_level":3}}