{"host":"ypzb5vvnu9f3ii1t","time":1612453514,"event":{"mods":["AchievementEnabler","BaseMod","Colored Map","DeckTracker","Keyboard Shortcuts","Minty Spire (QoL Compilation)","Permanent Neow","Quick Restart","SuperFastMode"],"gold_per_floor":[112,112,112,123,142,175,175,175,202,36,46,46,61,61,61,165,165,165],"floor_reached":17,"language":"KOR","playtime":1971,"items_purged":[],"score":194,"play_id":"bc2c2e2b-d781-4821-b1cf-baace4e0ec87","local_time":"20210205004514","is_ascension_mode":true,"campfire_choices":[{"floor":8.0,"key":"REST"},{"floor":12.0,"key":"REST"},{"floor":15.0,"key":"REST"}],"circlet_count":0,"master_deck":["Bash","Offering+1","Bloodletting","Corruption","Dark Embrace","Rage","Sentinel","Flex","Bloodletting","Demon Form","Blood for Blood","Armaments","Juggernaut","Heavy Blade","Burning Pact","Offering","Uppercut","Disarm","Flex"],"relics":["Burning Blood","Art of War","Omamori","Orrery","Pandora\u0027s Box"],"acts_visited":["Exordium","TheCity"],"potions_floor_usage":[16],"damage_taken":[{"damage":7.0,"enemies":"2 Louse","floor":1.0,"turns":2.0},{"damage":6.0,"enemies":"Cultist","floor":4.0,"turns":2.0},{"damage":6.0,"enemies":"Small Slimes","floor":5.0,"turns":2.0},{"damage":71.0,"enemies":"3 Sentries","floor":6.0,"turns":12.0},{"damage":10.0,"enemies":"2 Fungi Beasts","floor":11.0,"turns":2.0},{"damage":18.0,"enemies":"Exordium Thugs","floor":13.0,"turns":3.0},{"damage":33,"enemies":"Slime Boss","floor":16,"turns":9}],"seed_played":"-167217916032759643","potions_obtained":[{"floor":5.0,"key":"DuplicationPotion"},{"floor":6.0,"key":"DistilledChaos"}],"is_trial":false,"path_per_floor":["M","?","$","M","M","E","$","R","T","$","M","R","M","?","R","B",null],"character_chosen":"IRONCLAD","items_purchased":["Orrery","Flex"],"campfire_rested":3,"item_purchase_floors":[10,10],"current_hp_per_floor":[79,79,79,79,79,14,14,38,38,38,34,58,46,46,70,43,71,71],"gold":165,"neow_bonus":"ONE_RANDOM_RARE_CARD","is_daily":false,"chose_seed":false,"campfire_upgraded":0,"win_rate":0.0,"timestamp":1612453514,"path_taken":["M","?","$","?","M","E","?","R","T","$","?","R","M","?","R","BOSS"],"items_purchased_type":["Relic","Card"],"build_version":"2020-12-22","purchased_purges":0,"victory":false,"max_hp_per_floor":[80,80,80,80,80,80,80,80,80,80,80,80,80,80,80,80,80,80],"card_choices":[{"not_picked":["Twin Strike","Wild Strike","Reckless Charge"],"picked":"SKIP","floor":1.0},{"not_picked":["Iron Wave","Warcry","Thunderclap"],"picked":"SKIP","floor":4.0},{"not_picked":["Rage","Uppercut"],"picked":"Bloodletting","floor":5.0},{"not_picked":["Havoc","Intimidate","Body Slam"],"picked":"SKIP","floor":6.0},{"not_picked":["Flex","Bloodletting"],"picked":"Corruption","floor":10.0},{"not_picked":["Iron Wave","Cleave"],"picked":"Dark Embrace","floor":10.0},{"not_picked":["Twin Strike","Impervious"],"picked":"Rage","floor":10.0},{"not_picked":["Thunderclap","Power Through"],"picked":"Sentinel","floor":10.0},{"not_picked":["Wild Strike","True Grit","Pommel Strike"],"picked":"SKIP","floor":11.0},{"not_picked":["Sever Soul","Ghostly Armor"],"picked":"Bloodletting","floor":13.0},{"not_picked":["Berserk","Bludgeon"],"picked":"Demon Form","floor":16}],"player_experience":176270,"relics_obtained":[{"floor":6.0,"key":"Art of War"},{"floor":9.0,"key":"Omamori"}],"event_choices":[{"damage_healed":0.0,"max_hp_gain":0.0,"max_hp_loss":0.0,"gold_gain":0.0,"event_name":"Upgrade Shrine","player_choice":"Upgraded","floor":2.0,"gold_loss":0.0,"damage_taken":0.0,"cards_upgraded":["Offering"]},{"damage_healed":0.0,"max_hp_gain":0.0,"max_hp_loss":0.0,"gold_gain":0.0,"event_name":"Dead Adventurer","player_choice":"Searched \u00270\u0027 times","floor":14.0,"gold_loss":0.0,"damage_taken":0.0}],"is_beta":false,"boss_relics":[{"not_picked":["Tiny House","Coffee Dripper"],"picked":"Pandora\u0027s Box"}],"items_purged_floors":[],"is_endless":false,"potions_floor_spawned":[5,6],"ascension_level":5}}