{"host":"sav7uxregyirlf69","time":1612402877,"event":{"mods":["AchievementEnabler","BaseMod","Colored Map","DeckTracker","Keyboard Shortcuts","Minty Spire (QoL Compilation)","READ ME - Guardian Mod","StSLib","SuperFastMode"],"gold_per_floor":[114,129,129,204,222,222,237,237,237,42,55,130,14,14,14,107,107,128,128,128,151,187,7,32,72,72,97,136,136,150,150,150,244,244,264,264,287,302,380,380,396,430,430,448,448,448],"floor_reached":45,"language":"KOR","playtime":1177,"items_purged":["Strike_G","Defend_G"],"score":950,"play_id":"41118f6d-9e66-491b-84d4-00f84fefcb81","local_time":"20210204104117","is_ascension_mode":true,"campfire_choices":[{"data":"Noxious Fumes","floor":6.0,"key":"SMITH"},{"data":"Neutralize","floor":8.0,"key":"SMITH"},{"floor":15.0,"key":"REST"},{"data":"Tactician","floor":32,"key":"SMITH"},{"floor":40,"key":"RECALL"}],"circlet_count":0,"master_deck":["AscendersBane","Strike_G","Strike_G","Defend_G","Defend_G","Defend_G","Survivor","Neutralize+1","Backflip","Noxious Fumes+1","Backstab","Dagger Throw","Die Die Die","Choke+1","Tactician+1","Deflect","Blade Dance","Backflip+1","Reflex","PiercingWail","Wraith Form v2","Burst","Blur","Footwork+1","PiercingWail+1"],"relics":["Ring of the Snake","Golden Idol","Mango","Membership Card","Unceasing Top","Toy Ornithopter","Blood Vial","Coffee Dripper","Red Mask","Lee\u0027s Waffle","Matryoshka","Omamori","HornCleat","Centennial Puzzle","Mercury Hourglass","Paper Crane","Fusion Hammer","Ninja Scroll","Ancient Tea Set"],"acts_visited":["Exordium","TheCity","TheBeyond"],"potions_floor_usage":[28,33],"damage_taken":[{"damage":0.0,"enemies":"Cultist","floor":1.0,"turns":4.0},{"damage":7.0,"enemies":"Small Slimes","floor":2.0,"turns":4.0},{"damage":0.0,"enemies":"Jaw Worm","floor":5.0,"turns":4.0},{"damage":15.0,"enemies":"Large Slime","floor":7.0,"turns":7.0},{"damage":9.0,"enemies":"Exordium Wildlife","floor":11.0,"turns":8.0},{"damage":17.0,"enemies":"3 Sentries","floor":12.0,"turns":6.0},{"damage":15.0,"enemies":"Hexaghost","floor":16.0,"turns":10.0},{"damage":15.0,"enemies":"3 Byrds","floor":18.0,"turns":4.0},{"damage":17.0,"enemies":"2 Thieves","floor":21.0,"turns":4.0},{"damage":1.0,"enemies":"Masked Bandits","floor":22.0,"turns":3.0},{"damage":0,"enemies":"Centurion and Healer","floor":24,"turns":4},{"damage":7,"enemies":"Slavers","floor":25,"turns":5},{"damage":14,"enemies":"Sentry and Sphere","floor":27,"turns":6},{"damage":21,"enemies":"Book of Stabbing","floor":28,"turns":5},{"damage":0,"enemies":"Snake Plant","floor":30,"turns":4},{"damage":44,"enemies":"Collector","floor":33,"turns":11},{"damage":4,"enemies":"3 Darklings","floor":35,"turns":4},{"damage":0,"enemies":"Orb Walker","floor":37,"turns":4},{"damage":1,"enemies":"Jaw Worm Horde","floor":38,"turns":4},{"damage":0,"enemies":"3 Darklings","floor":41,"turns":6},{"damage":57,"enemies":"Nemesis","floor":42,"turns":13},{"damage":2,"enemies":"4 Shapes","floor":44,"turns":5},{"damage":84,"enemies":"Giant Head","floor":45,"turns":9}],"seed_played":"-6943559916401970613","potions_obtained":[{"floor":2.0,"key":"PowerPotion"},{"floor":7.0,"key":"LiquidBronze"},{"floor":22.0,"key":"FairyPotion"},{"floor":30,"key":"ColorlessPotion"},{"floor":33,"key":"SpeedPotion"}],"is_trial":false,"path_per_floor":["M","M","?","?","M","R","M","R","T","$","M","?","$","?","R","B",null,"M","?","?","M","?","$","M","E","T","M","E","T","M","?","R","B",null,"M","?","M","M","T","R","M","E","T","M","E"],"character_chosen":"THE_SILENT","items_purchased":["Membership Card","Toy Ornithopter","Fire Potion","Lee\u0027s Waffle","CunningPotion"],"campfire_rested":1,"item_purchase_floors":[10,13,13,23,23],"current_hp_per_floor":[59,52,52,41,41,41,26,26,40,40,31,14,14,9,31,23,61,53,53,53,38,39,81,81,74,74,62,48,48,50,50,50,13,64,62,62,64,65,65,65,67,12,12,12,0,0],"gold":448,"neow_bonus":"REMOVE_CARD","is_daily":false,"chose_seed":false,"campfire_upgraded":3,"win_rate":0.0,"timestamp":1612402877,"path_taken":["M","M","?","?","M","R","M","R","T","?","M","?","$","?","R","BOSS","M","?","?","M","?","$","?","E","T","M","E","?","M","?","R","BOSS","M","?","M","?","?","R","M","E","T","M","E"],"items_purchased_type":["Relic","Relic","Potion","Relic","Potion"],"build_version":"2020-12-22","purchased_purges":2,"victory":false,"max_hp_per_floor":[66,66,60,60,60,60,60,60,74,74,74,74,74,74,74,74,74,74,74,74,74,74,81,81,81,81,81,81,81,81,81,81,81,81,81,81,81,81,81,81,81,81,81,81,81,81],"card_choices":[{"not_picked":["Catalyst","Prepared"],"picked":"Backflip","floor":1.0},{"not_picked":["Cloak And Dagger","Heel Hook"],"picked":"Noxious Fumes","floor":2.0},{"not_picked":["Poisoned Stab","Infinite Blades"],"picked":"Backstab","floor":5.0},{"not_picked":["Cloak And Dagger","Calculated Gamble"],"picked":"Dagger Throw","floor":7.0},{"not_picked":["Prepared","Flying Knee","Dagger Throw"],"picked":"SKIP","floor":11.0},{"not_picked":["Storm of Steel","Bullet Time"],"picked":"Die Die Die","floor":16.0},{"not_picked":["Sucker Punch","Accuracy"],"picked":"Choke+1","floor":18.0},{"not_picked":["Catalyst","Tactician+1"],"picked":"Backflip+1","floor":21.0},{"not_picked":["Setup","Masterful Stab","Quick Slash"],"picked":"SKIP","floor":24},{"not_picked":["Blade Dance","Backstab+1"],"picked":"Reflex","floor":25},{"not_picked":["Dodge and Roll","Flying Knee"],"picked":"PiercingWail","floor":27},{"not_picked":["All Out Attack","Masterful Stab","Dodge and Roll"],"picked":"SKIP","floor":28},{"not_picked":["Deflect","Deadly Poison"],"picked":"Wraith Form v2","floor":30},{"not_picked":["Corpse Explosion","Die Die Die"],"picked":"Burst","floor":33},{"not_picked":["Bane","Prepared+1"],"picked":"Blur","floor":35},{"not_picked":["Noxious Fumes","Deflect","Dagger Throw"],"picked":"SKIP","floor":37},{"not_picked":["Backflip","Dagger Throw"],"picked":"Footwork+1","floor":38},{"not_picked":["Skewer","Bouncing Flask"],"picked":"PiercingWail+1","floor":41},{"not_picked":["Flying Knee","Bane+1","Grand Finale"],"picked":"SKIP","floor":42},{"not_picked":["Dash+1","Riddle With Holes","Dagger Throw+1"],"picked":"SKIP","floor":44}],"player_experience":1477872,"relics_obtained":[{"floor":9.0,"key":"Mango"},{"floor":12.0,"key":"Unceasing Top"},{"floor":22.0,"key":"Red Mask"},{"floor":25,"key":"Matryoshka"},{"floor":26,"key":"Omamori"},{"floor":26,"key":"HornCleat"},{"floor":28,"key":"Centennial Puzzle"},{"floor":29,"key":"Mercury Hourglass"},{"floor":29,"key":"Paper Crane"},{"floor":42,"key":"Ninja Scroll"},{"floor":43,"key":"Ancient Tea Set"}],"event_choices":[{"damage_healed":0.0,"max_hp_gain":0.0,"max_hp_loss":6.0,"gold_gain":0.0,"event_name":"Golden Idol","player_choice":"Lose Max HP","floor":3.0,"gold_loss":0.0,"damage_taken":0.0,"relics_obtained":["Golden Idol"]},{"damage_healed":0.0,"max_hp_gain":0.0,"max_hp_loss":0.0,"gold_gain":75.0,"event_name":"World of Goop","player_choice":"Gather Gold","floor":4.0,"gold_loss":0.0,"damage_taken":11.0},{"damage_healed":0.0,"max_hp_gain":0.0,"max_hp_loss":0.0,"gold_gain":0.0,"event_name":"Dead Adventurer","player_choice":"Searched \u00272\u0027 times","floor":12.0,"gold_loss":0.0,"damage_taken":0.0},{"damage_healed":0.0,"max_hp_gain":0.0,"max_hp_loss":0.0,"gold_gain":0.0,"event_name":"Scrap Ooze","player_choice":"Success","floor":14.0,"gold_loss":0.0,"damage_taken":5.0,"relics_obtained":["Blood Vial"]},{"damage_healed":0.0,"max_hp_gain":0.0,"max_hp_loss":0.0,"gold_gain":0.0,"cards_transformed":["Strike_G","Strike_G"],"event_name":"Drug Dealer","player_choice":"Became Test Subject","floor":19.0,"gold_loss":0.0,"damage_taken":0.0,"cards_obtained":["Tactician","Deflect"]},{"damage_healed":0.0,"max_hp_gain":0.0,"max_hp_loss":0.0,"gold_gain":0.0,"event_name":"The Library","player_choice":"Read","floor":20.0,"gold_loss":0.0,"damage_taken":0.0,"cards_obtained":["Blade Dance"]},{"damage_healed":0.0,"max_hp_gain":0.0,"max_hp_loss":0.0,"gold_gain":0.0,"event_name":"Masked Bandits","player_choice":"Fought Bandits","floor":22.0,"gold_loss":0.0,"damage_taken":0.0},{"damage_healed":0,"gold_gain":0,"player_choice":"Ignored","damage_taken":0,"max_hp_gain":0,"max_hp_loss":0,"event_name":"Ghosts","floor":31,"gold_loss":0},{"damage_healed":0,"gold_gain":0,"player_choice":"Ignored","damage_taken":0,"max_hp_gain":0,"max_hp_loss":0,"event_name":"Duplicator","floor":36,"gold_loss":0}],"is_beta":false,"boss_relics":[{"not_picked":["Runic Dome","Ring of the Serpent"],"picked":"Coffee Dripper"},{"not_picked":["Pandora\u0027s Box","Philosopher\u0027s Stone"],"picked":"Fusion Hammer"}],"items_purged_floors":[10,23],"is_endless":false,"potions_floor_spawned":[2,7,11,22,25,30,33,35,41],"killed_by":"Giant Head","ascension_level":20}}