{"host":"neeznpvpgo0qgfkd","time":1612445689,"event":{"mods":["AchievementEnabler","BaseMod","BetterRewards","Colored Map","Colored Powertips","Exacting","Minty Spire (QoL Compilation)","Permanent Neow","Quick Restart","Shop Mod"],"gold_per_floor":[132,132,207,207,233,233,233],"floor_reached":6,"language":"ENG","playtime":233,"items_purged":[],"score":44,"play_id":"0f8547b5-c2c4-44df-b003-ced0b46e702b","local_time":"20210204083449","is_ascension_mode":true,"campfire_choices":[],"circlet_count":0,"master_deck":["Strike_G+1","Strike_G","Strike_G","Strike_G","Strike_G+1","Defend_G","Defend_G","Defend_G","Defend_G","Defend_G","Survivor","Neutralize","Dodge and Roll","Dodge and Roll","Poisoned Stab","Infinite Blades","Accuracy"],"relics":["Ring of the Snake","Prayer Wheel","Whetstone","Omamori","Letter Opener","Matryoshka"],"acts_visited":["Exordium"],"potions_floor_usage":[],"damage_taken":[{"damage":3,"enemies":"Jaw Worm","floor":1,"turns":4},{"damage":0,"enemies":"Small Slimes","floor":5,"turns":4},{"damage":26,"enemies":"Lagavulin","floor":6,"turns":5}],"seed_played":"1502756562020783564","potions_obtained":[],"is_trial":false,"path_per_floor":["M","?","?","?","M","E"],"character_chosen":"THE_SILENT","items_purchased":["Whetstone","Omamori","Letter Opener","Dodge and Roll"],"campfire_rested":0,"item_purchase_floors":[0,0,0,0],"current_hp_per_floor":[60,60,49,24,24,0,0],"gold":233,"neow_bonus":"","is_daily":false,"chose_seed":false,"campfire_upgraded":0,"win_rate":0.0,"timestamp":1612445689,"path_taken":["M","?","?","?","M","E"],"items_purchased_type":["Relic","Relic","Relic","Card"],"build_version":"2020-12-22","purchased_purges":0,"victory":false,"max_hp_per_floor":[70,70,70,70,70,70,70],"card_choices":[{"not_picked":["Poisoned Stab","Leg Sweep"],"picked":"Dodge and Roll","floor":1},{"not_picked":["Acrobatics","Dagger Throw"],"picked":"Poisoned Stab","floor":1},{"not_picked":["Blade Dance","Masterful Stab"],"picked":"Infinite Blades","floor":5},{"not_picked":["Prepared","Bane"],"picked":"Accuracy","floor":5}],"player_experience":1307211,"relics_obtained":[],"event_choices":[{"damage_healed":0,"gold_gain":0,"player_choice":"Ignored","damage_taken":0,"max_hp_gain":0,"max_hp_loss":0,"event_name":"Golden Wing","floor":2,"gold_loss":0},{"damage_healed":0,"gold_gain":75,"player_choice":"Gather Gold","damage_taken":11,"max_hp_gain":0,"max_hp_loss":0,"event_name":"World of Goop","floor":3,"gold_loss":0},{"damage_healed":0,"gold_gain":0,"player_choice":"Success","damage_taken":25,"relics_obtained":["Matryoshka"],"max_hp_gain":0,"max_hp_loss":0,"event_name":"Scrap Ooze","floor":4,"gold_loss":0}],"is_beta":false,"boss_relics":[],"items_purged_floors":[],"is_endless":false,"potions_floor_spawned":[],"killed_by":"Lagavulin","ascension_level":6}}