{"host":"2se5dq1do2gp0x9k","time":1612418489,"event":{"mods":["AchievementEnabler","BaseMod","Block Reminder","Colored Map","Colored Powertips","Minty Spire (QoL Compilation)","Relic Stats","StSLib","SuperFastMode"],"gold_per_floor":[118,129,148,62,79,79,106,106,152,165,179,179,210,226,226,298,298,308,308,325,339,97,97,97],"floor_reached":23,"language":"ENG","playtime":915,"items_purged":["Strike_B"],"score":410,"play_id":"27543150-356a-48d4-8c7a-2b8be7c97722","local_time":"20210203220129","is_ascension_mode":true,"campfire_choices":[{"data":"Sunder","floor":6.0,"key":"SMITH"},{"data":"Leap","floor":8.0,"key":"SMITH"},{"floor":15.0,"key":"REST"}],"circlet_count":0,"master_deck":["AscendersBane","Strike_B","Strike_B","Strike_B","Defend_B","Defend_B","Defend_B","Defend_B","Zap","Dualcast","Rip and Tear","Streamline","Genetic Algorithm","Sunder+1","Coolheaded","Leap+1","Conserve Battery","Fusion","Coolheaded","Defragment","Echo Form","Recycle","Capacitor"],"relics":["Nuclear Battery","Mercury Hourglass","Oddly Smooth Stone","Akabeko","SlaversCollar","DataDisk"],"acts_visited":["Exordium","TheCity"],"potions_floor_usage":[23],"damage_taken":[{"damage":3.0,"enemies":"Small Slimes","floor":1.0,"turns":4.0},{"damage":8.0,"enemies":"2 Louse","floor":2.0,"turns":3.0},{"damage":1.0,"enemies":"Cultist","floor":3.0,"turns":3.0},{"damage":1.0,"enemies":"Gremlin Gang","floor":5.0,"turns":4.0},{"damage":21.0,"enemies":"Lagavulin","floor":7.0,"turns":5.0},{"damage":0.0,"enemies":"Large Slime","floor":10.0,"turns":3.0},{"damage":6.0,"enemies":"Red Slaver","floor":11.0,"turns":2.0},{"damage":12.0,"enemies":"3 Sentries","floor":13.0,"turns":6.0},{"damage":0.0,"enemies":"Looter","floor":14.0,"turns":1.0},{"damage":21,"enemies":"Slime Boss","floor":16,"turns":10},{"damage":5,"enemies":"Spheric Guardian","floor":18,"turns":3},{"damage":10,"enemies":"Shell Parasite","floor":20,"turns":8},{"damage":7,"enemies":"Centurion and Healer","floor":21,"turns":10},{"damage":35,"enemies":"Slavers","floor":23,"turns":2}],"seed_played":"-7324160979237129059","potions_obtained":[{"floor":2.0,"key":"Fire Potion"},{"floor":3.0,"key":"GamblersBrew"},{"floor":11.0,"key":"FearPotion"},{"floor":21,"key":"CultistPotion"}],"is_trial":false,"path_per_floor":["M","M","M","$","M","R","E","R","T","M","M","?","E","M","R","B",null,"M","?","M","M","$","E"],"character_chosen":"DEFECT","items_purchased":["Sunder","DataDisk"],"campfire_rested":1,"item_purchase_floors":[4,22],"current_hp_per_floor":[61,53,52,52,51,51,30,30,30,30,24,24,12,12,33,12,56,51,51,41,34,34,0,0],"gold":97,"neow_bonus":"BOSS_RELIC","is_daily":false,"chose_seed":false,"campfire_upgraded":2,"win_rate":0.0,"timestamp":1612418489,"path_taken":["M","M","M","$","M","R","E","R","T","M","M","?","E","M","R","BOSS","M","?","M","M","$","E"],"items_purchased_type":["Card","Relic"],"build_version":"2020-12-22","purchased_purges":1,"victory":false,"max_hp_per_floor":[71,71,71,71,71,71,71,71,71,71,71,71,71,71,71,71,71,71,71,71,71,71,71,71],"relic_stats":{"counters":[14,64],"obtain_stats":[{"SlaversCollar":17,"DataDisk":22,"Oddly Smooth Stone":9,"Cracked Core":0,"Akabeko":13,"Nuclear Battery":0,"Mercury Hourglass":7},{"SlaversCollar":10,"DataDisk":13,"Oddly Smooth Stone":5,"Cracked Core":0,"Akabeko":8,"Nuclear Battery":0,"Mercury Hourglass":5},{"SlaversCollar":41,"DataDisk":62,"Oddly Smooth Stone":19,"Cracked Core":0,"Akabeko":30,"Nuclear Battery":0,"Mercury Hourglass":19}],"Mercury Hourglass":[169]},"card_choices":[{"not_picked":["Conserve Battery","Double Energy"],"picked":"Rip and Tear","floor":1.0},{"not_picked":["Turbo","Barrage"],"picked":"Streamline","floor":2.0},{"not_picked":["Coolheaded","Steam"],"picked":"Genetic Algorithm","floor":3.0},{"not_picked":["Heatsinks","Meteor Strike"],"picked":"Coolheaded","floor":5.0},{"not_picked":["Ball Lightning","Rebound"],"picked":"Leap","floor":7.0},{"not_picked":["Rebound","Stack"],"picked":"Conserve Battery","floor":10.0},{"not_picked":["Force Field","Redo"],"picked":"Fusion","floor":11.0},{"not_picked":["Redo","Chill"],"picked":"Coolheaded","floor":13.0},{"not_picked":["Streamline","Consume"],"picked":"Defragment","floor":14.0},{"not_picked":["Meteor Strike","Rainbow"],"picked":"Echo Form","floor":16},{"not_picked":["Conserve Battery","Sweeping Beam"],"picked":"Recycle","floor":18},{"not_picked":["Conserve Battery","Compile Driver+1","Hello World"],"picked":"SKIP","floor":20},{"not_picked":["Steam","Force Field"],"picked":"Capacitor","floor":21}],"player_experience":4066466,"relics_obtained":[{"floor":7.0,"key":"Mercury Hourglass"},{"floor":9.0,"key":"Oddly Smooth Stone"},{"floor":13.0,"key":"Akabeko"}],"event_choices":[{"damage_healed":0.0,"max_hp_gain":0.0,"max_hp_loss":0.0,"gold_gain":0.0,"event_name":"Scrap Ooze","player_choice":"Fled","floor":12.0,"gold_loss":0.0,"damage_taken":0.0},{"damage_healed":0,"gold_gain":0,"player_choice":"Ignored","damage_taken":0,"max_hp_gain":0,"max_hp_loss":0,"event_name":"The Mausoleum","floor":19,"gold_loss":0}],"is_beta":false,"boss_relics":[{"not_picked":["Empty Cage","Velvet Choker"],"picked":"SlaversCollar"}],"items_purged_floors":[22],"is_endless":false,"potions_floor_spawned":[2,3,11,13,14,16,21],"killed_by":"Slavers","ascension_level":20}}