{"host":"684z1xpuwaoqmmh1","time":1612460085,"event":{"mods":["A Magickal Journey","BaseMod","Downfall","Hermit","Jorbs\u0027s Wanderer Trilogy","Marisa????????","Minty Spire (QoL Compilation)","Robot Space Explorer","Shade Mod","StSLib","The Dragon Tamer","The Elementalist","The Hayseed","The Hierophant","The Marked","The Mystic","The Runesmith","The Saiyan","The Vixen","TheBandit","TheFirefly"],"gold_per_floor":[18,18,18,29,48,78,95,128,128,158,169,188,214,227,239,352,364,344,371,383,411,494,533,561,573,585,25,62,82,108,33,33,138,138,165,49,77,96,146,183,183,183,210,248,272,287,287,287,287,287,287,287,15,58,58],"floor_reached":56,"language":"ENG","playtime":3549,"items_purged":["Saiyan:SAIYA_Strike","Saiyan:SAIYA_Strike"],"score":1662,"play_id":"0ff8cccf-2c35-4d1e-a56d-672ec80de9be","local_time":"20210204193445","is_ascension_mode":true,"campfire_choices":[{"data":"Saiyan:SuperSaiyanThree","floor":15.0,"key":"SMITH"},{"floor":25.0,"key":"REST"},{"data":"Saiyan:SuperSaiyanThree","floor":32.0,"key":"SMITH"},{"floor":41.0,"key":"RECALL"},{"floor":47.0,"key":"DIG"},{"floor":49.0,"key":"DIG"},{"floor":52.0,"key":"DIG"}],"circlet_count":0,"master_deck":["Saiyan:SAIYA_Strike+1","Saiyan:SAIYA_Strike","Saiyan:SAIYA_Defend","Saiyan:SAIYA_Defend","Saiyan:SAIYA_Defend","Saiyan:SAIYA_Defend+1","Saiyan:EnergyBlast","Saiyan:KaioKen","Saiyan:RuthlessBlow","Saiyan:SuperSaiyanThree+1","Saiyan:PowerUp","Saiyan:Quickening","Saiyan:PowerStance+1","Saiyan:Rekindle","Saiyan:Flurry","Saiyan:BackAttack","Saiyan:ConcussiveBlow","Saiyan:BurningSoul","Saiyan:ExtremeSpeed","Saiyan:SenzuBean","Saiyan:KameHameHa","Saiyan:SuperSaiyanThree+1","Saiyan:Furor+1","Saiyan:Expend+1","Saiyan:PowerUp+1","Saiyan:KiExplosion","Saiyan:CCCapsule","Saiyan:Fly+1","Saiyan:MindBoom+1","Saiyan:KiStrike","Saiyan:GhostAttack","Saiyan:Overexert","Saiyan:PlotArmor","Saiyan:PlotArmor+1","Saiyan:FinalFlash+1","Saiyan:WarmUp+1","Saiyan:ReverberatingForce+1","Saiyan:SuperSaiyanForm","Saiyan:PowerUp","Saiyan:RemoveWeights","Saiyan:SoulSpice"],"relics":["SaiyanSoul","SaiyanHeart","Gremlin Horn","Strawberry","Dream Catcher","Ancient Tea Set","PreservedInsect","Centennial Puzzle","MawBank","Runesmith:UraniumAnvil","Enchiridion","Art of War","Shuriken","Vajra","champ:Barbells","CeramicFish","Meat on the Bone","Tiny Chest","Shovel","sneckomod:SneckoTalon","Boot","Du-Vu Doll","Smiling Mask","Bottled Tornado","Oddly Smooth Stone","sneckomod:BlankCard","Bag of Preparation","Orichalcum","Runesmith:Locket","War Paint","Akabeko","InkBottle","Guardian:PocketSentry","Guardian:GemstoneGun"],"acts_visited":["Exordium","TheCity","TheBeyond","TheEnding"],"potions_floor_usage":[55],"damage_taken":[{"damage":2.0,"enemies":"Cultist","floor":1.0,"turns":3.0},{"damage":1.0,"enemies":"Small Slimes","floor":4.0,"turns":5.0},{"damage":0.0,"enemies":"Jaw Worm","floor":5.0,"turns":3.0},{"damage":23.0,"enemies":"Gremlin Nob","floor":6.0,"turns":4.0},{"damage":11.0,"enemies":"Blue Slaver","floor":7.0,"turns":5.0},{"damage":10.0,"enemies":"3 Sentries","floor":8.0,"turns":6.0},{"damage":11.0,"enemies":"Lagavulin","floor":10.0,"turns":8.0},{"damage":7.0,"enemies":"2 Fungi Beasts","floor":11.0,"turns":3.0},{"damage":2.0,"enemies":"Looter","floor":12.0,"turns":4.0},{"damage":4.0,"enemies":"Gremlin Nob","floor":13.0,"turns":3.0},{"damage":0.0,"enemies":"Large Slime","floor":14.0,"turns":7.0},{"damage":3.0,"enemies":"Hexaghost","floor":16.0,"turns":7.0},{"damage":15.0,"enemies":"2 Thieves","floor":18.0,"turns":5.0},{"damage":12.0,"enemies":"Spheric Guardian","floor":19.0,"turns":4.0},{"damage":12.0,"enemies":"Centurion and Healer","floor":21.0,"turns":9.0},{"damage":13.0,"enemies":"Book of Stabbing","floor":23.0,"turns":5.0},{"damage":17.0,"enemies":"Snake Plant","floor":24.0,"turns":4.0},{"damage":11.0,"enemies":"Gremlin Leader","floor":28.0,"turns":8.0},{"damage":8.0,"enemies":"Snecko","floor":29.0,"turns":5.0},{"damage":0.0,"enemies":"Shelled Parasite and Fungi","floor":30.0,"turns":3.0},{"damage":8.0,"enemies":"Automaton","floor":33.0,"turns":9.0},{"damage":8.0,"enemies":"Orb Walker","floor":35.0,"turns":4.0},{"damage":1.0,"enemies":"3 Shapes","floor":37.0,"turns":6.0},{"damage":36.0,"enemies":"Jaw Worm Horde","floor":38.0,"turns":8.0},{"damage":6.0,"enemies":"Mind Bloom Boss Battle","floor":39.0,"turns":12.0},{"damage":0.0,"enemies":"Giant Head","floor":40.0,"turns":5.0},{"damage":8.0,"enemies":"Reptomancer","floor":44.0,"turns":8.0},{"damage":10.0,"enemies":"Maw","floor":45.0,"turns":8.0},{"damage":0.0,"enemies":"Spire Growth","floor":46.0,"turns":3.0},{"damage":44.0,"enemies":"Awakened One","floor":50.0,"turns":10.0},{"damage":0,"enemies":"Shield and Spear","floor":54,"turns":5},{"damage":21,"enemies":"The Heart","floor":55,"turns":7}],"seed_played":"-908461276153960944","potions_obtained":[{"floor":6.0,"key":"SmokeBomb"},{"floor":7.0,"key":"Strength Potion"},{"floor":10.0,"key":"Strength Potion"},{"floor":11.0,"key":"ColorlessPotion"},{"floor":13.0,"key":"Block Potion"},{"floor":16.0,"key":"Swift Potion"},{"floor":19.0,"key":"Fruit Juice"},{"floor":21.0,"key":"Guardian:BlockOnCardUsePotion"},{"floor":24.0,"key":"LiquidBronze"},{"floor":29.0,"key":"PowerPotion"},{"floor":30.0,"key":"AttackPotion"},{"floor":37.0,"key":"SneckoOil"},{"floor":40.0,"key":"DuplicationPotion"},{"floor":45.0,"key":"Guardian:BlockOnCardUsePotion"}],"is_trial":false,"path_per_floor":["M","T","$","M","M","E","M","E","T","E","M","M","E","M","R","B",null,"M","M","?","M","T","E","M","R","T","$","E","M","M","$","R","B",null,"M","$","M","M","?","E","R","?","T","E","M","M","R","T","R","B",null,"R","$","E","B",null],"character_chosen":"SAIYAJIN","items_purchased":["champ:Barbells","CeramicFish","Meat on the Bone","Saiyan:PlotArmor","Saiyan:SuperSaiyanForm","Guardian:PocketSentry","Saiyan:PowerUp","Saiyan:RemoveWeights"],"campfire_rested":1,"item_purchase_floors":[27,27,27,36,53,53,53,53],"current_hp_per_floor":[60,60,60,62,64,50,42,34,34,25,20,19,16,18,18,15,89,76,67,51,41,41,30,17,47,47,47,49,56,58,58,58,62,108,102,102,102,68,63,66,66,66,66,71,69,71,71,71,71,40,129,129,129,132,114],"gold":58,"neow_bonus":"THREE_RARE_CARDS","is_daily":false,"chose_seed":false,"campfire_upgraded":2,"win_rate":0.0,"timestamp":1612460085,"path_taken":["M","?","?","M","M","E","M","E","T","E","M","M","E","M","R","BOSS","M","?","?","M","?","E","M","R","T","$","E","M","M","?","R","BOSS","M","$","M","M","?","E","R","?","T","E","M","M","R","?","R","BOSS","R","$","E","BOSS"],"items_purchased_type":["Relic","Relic","Relic","Card","Card","Relic","Card","Card"],"build_version":"2020-12-22","purchased_purges":2,"victory":true,"max_hp_per_floor":[62,62,62,65,67,76,79,81,81,83,85,86,87,89,89,89,89,91,94,94,96,96,98,102,102,102,102,103,106,108,108,108,108,108,110,110,111,113,114,117,117,117,117,118,126,128,128,128,128,129,129,129,129,132,135],"card_choices":[{"not_picked":["Saiyan:HyperTimeChamber","Saiyan:GenkiDama"],"picked":"Saiyan:SuperSaiyanThree","floor":0.0},{"not_picked":["Saiyan:TurtleShell","Saiyan:ExpandingShockwave"],"picked":"Saiyan:PowerUp","floor":1.0},{"not_picked":["Saiyan:Reset","Saiyan:KameHameHa"],"picked":"Saiyan:Quickening","floor":4.0},{"not_picked":["Saiyan:Overexert","Saiyan:MeteorDash"],"picked":"Saiyan:PowerStance","floor":5.0},{"not_picked":["Saiyan:Overexert","Saiyan:Fly"],"picked":"Saiyan:Rekindle","floor":6.0},{"not_picked":["Saiyan:KiExplosion","Saiyan:DragonFist"],"picked":"Saiyan:Flurry","floor":7.0},{"not_picked":["Saiyan:PressOn","Saiyan:Reset"],"picked":"Saiyan:BackAttack","floor":8.0},{"not_picked":["Saiyan:ReverberatingForce","Saiyan:PowerStance"],"picked":"Saiyan:ConcussiveBlow","floor":10.0},{"not_picked":["Saiyan:KiExplosion","Saiyan:KameHameHa"],"picked":"Saiyan:BurningSoul","floor":11.0},{"not_picked":["Saiyan:FingerParry","Saiyan:TurtleShell"],"picked":"Saiyan:ExtremeSpeed","floor":12.0},{"not_picked":["Saiyan:ReverberatingForce","Saiyan:ConcussiveBlow"],"picked":"Saiyan:SenzuBean","floor":13.0},{"not_picked":["Saiyan:Scouter","Saiyan:ReverberatingForce"],"picked":"Saiyan:KameHameHa","floor":14.0},{"not_picked":["Saiyan:MonkeyTail","Saiyan:TheBomb"],"picked":"Saiyan:SuperSaiyanThree","floor":16.0},{"not_picked":["Saiyan:MeteorDash","Saiyan:KameHameHa"],"picked":"Saiyan:Furor","floor":18.0},{"not_picked":["Saiyan:FingerParry+1","Saiyan:DoubleMasenko+1"],"picked":"Saiyan:Expend+1","floor":19.0},{"not_picked":["Saiyan:AugmentedBlast","Saiyan:ExpandingShockwave"],"picked":"Saiyan:PowerUp+1","floor":21.0},{"not_picked":["Saiyan:SaiyanHubris","Saiyan:KameHameHa"],"picked":"Saiyan:KiExplosion","floor":23.0},{"not_picked":["Saiyan:Furor+1","Saiyan:Scouter"],"picked":"Saiyan:CCCapsule","floor":24.0},{"not_picked":["Saiyan:SaiyanHubris","Saiyan:BurningSoul+1"],"picked":"Saiyan:Fly","floor":25.0},{"not_picked":["Saiyan:MeteorDash","Saiyan:PowerPole"],"picked":"Saiyan:MindBoom","floor":28.0},{"not_picked":["Saiyan:SaiyanHubris+1","Saiyan:Planning","Saiyan:MeteorDash"],"picked":"SKIP","floor":29.0},{"not_picked":["Saiyan:ExpandingShockwave","Saiyan:MeteorDash"],"picked":"Saiyan:KiStrike","floor":30.0},{"not_picked":["Saiyan:SuperSaiyanThree","Saiyan:MindBoom"],"picked":"Saiyan:GhostAttack","floor":33.0},{"not_picked":["Saiyan:BackAttack+1","Saiyan:PowerPole+1"],"picked":"Saiyan:Overexert","floor":35.0},{"not_picked":["Saiyan:ExtremeSpeed+1","Saiyan:KiExplosion"],"picked":"Saiyan:PlotArmor+1","floor":37.0},{"not_picked":["Saiyan:KameHameHa","Saiyan:ExpandingShockwave","Saiyan:DragonFist"],"picked":"SKIP","floor":38.0},{"not_picked":["Saiyan:Planning","Saiyan:Twize+1"],"picked":"Saiyan:FinalFlash+1","floor":40.0},{"not_picked":["Saiyan:BackAttack","Saiyan:Taunt+1"],"picked":"Saiyan:WarmUp","floor":44.0},{"not_picked":["Saiyan:DoubleMasenko+1","Saiyan:KiExplosion"],"picked":"Saiyan:ReverberatingForce+1","floor":45.0},{"not_picked":["Saiyan:BackAttack","Saiyan:FingerParry+1","Saiyan:SaiyanHubris"],"picked":"SKIP","floor":46.0},{"not_picked":["Saiyan:Quickening","Saiyan:Planning+1"],"picked":"Saiyan:SoulSpice","floor":54}],"player_experience":2940557,"relics_obtained":[{"floor":2.0,"key":"Gremlin Horn"},{"floor":6.0,"key":"Strawberry"},{"floor":8.0,"key":"Dream Catcher"},{"floor":9.0,"key":"Ancient Tea Set"},{"floor":10.0,"key":"PreservedInsect"},{"floor":13.0,"key":"Centennial Puzzle"},{"floor":14.0,"key":"MawBank"},{"floor":20.0,"key":"Enchiridion"},{"floor":21.0,"key":"Art of War"},{"floor":23.0,"key":"Shuriken"},{"floor":26.0,"key":"Vajra"},{"floor":28.0,"key":"Tiny Chest"},{"floor":28.0,"key":"Shovel"},{"floor":38.0,"key":"Boot"},{"floor":39.0,"key":"Du-Vu Doll"},{"floor":39.0,"key":"Smiling Mask"},{"floor":40.0,"key":"Bottled Tornado"},{"floor":43.0,"key":"Oddly Smooth Stone"},{"floor":44.0,"key":"sneckomod:BlankCard"},{"floor":44.0,"key":"Bag of Preparation"},{"floor":45.0,"key":"Orichalcum"},{"floor":47.0,"key":"Runesmith:Locket"},{"floor":48.0,"key":"War Paint"},{"floor":49.0,"key":"Akabeko"},{"floor":52.0,"key":"InkBottle"},{"floor":54,"key":"Guardian:GemstoneGun"}],"event_choices":[{"damage_healed":0.0,"max_hp_gain":0.0,"max_hp_loss":0.0,"gold_gain":0.0,"event_name":"Cursed Tome","player_choice":"Obtained Book","floor":20.0,"gold_loss":0.0,"damage_taken":16.0},{"damage_healed":0.0,"max_hp_gain":0.0,"max_hp_loss":0.0,"gold_gain":0.0,"event_name":"MindBloom","player_choice":"Fight","floor":39.0,"gold_loss":0.0,"damage_taken":0.0}],"is_beta":false,"boss_relics":[{"not_picked":["Ectoplasm","Velvet Choker"],"picked":"Runesmith:UraniumAnvil"},{"not_picked":["Coffee Dripper","SacredBark"],"picked":"sneckomod:SneckoTalon"}],"items_purged_floors":[31,36],"is_endless":false,"potions_floor_spawned":[6,7,10,11,13,16,19,21,24,29,30,37,40,45],"ascension_level":4}}