{"host":"k3o2zhwrlxti8cit","time":1612409037,"event":{"mods":["Astrologer","BaseMod","CatGirl Mod","Duelist Mod","Hermit","Minty Spire (QoL Compilation)","Pikachu Mod","QueenMod","Rare Cards Sparkle","Relic Stats","Replay The Spire","Slay the Relics Exporter","StSLib","The Senshi","TheFirefly"],"gold_per_floor":[116,126,301,318,330,330,365,365,365,378,378,395,395,395,395,499,499,511,203,221,221,233,233,233,233,233,252,252,252,55,90,90,90,90],"floor_reached":33,"language":"ENG","playtime":1586,"items_purged":[],"score":290,"play_id":"4599fc62-5756-4086-9ee9-c28553372004","local_time":"20210204042357","is_ascension_mode":false,"campfire_choices":[{"floor":6,"key":"REST"},{"floor":15,"key":"REST"},{"floor":23,"key":"REST"},{"floor":29,"key":"RECALL"},{"data":"RitualDagger","floor":32,"key":"SMITH"}],"circlet_count":0,"master_deck":["theSenshi:SailorKick+1","theSenshi:SailorKick+1","theSenshi:SailorKick+1","theSenshi:SailorBlock+1","theSenshi:SailorBlock+1","theSenshi:SailorBlock+1","theSenshi:SailorBlock+1","theSenshi:RoseThrow","theSenshi:MoonPrismPowerMakeUp+1","theSenshi:MoonCrystalPowerMakeUp","theSenshi:SailorStarFighterAssists","theSenshi:MercurysCunning","theSenshi:MoonTwilightFlash","theSenshi:MoonTiaraMagic","theSenshi:SailorMarsAssists","theSenshi:InTheNameOfTheMoon","theSenshi:Sidestep+1","theSenshi:SailorPlanetAttack+1","theSenshi:MoonPunch+1","RitualDagger+1","theSenshi:SailorVenusAssists","theSenshi:UranusStrength+1","theSenshi:SailorNeptuneAssists+1","theSenshi:SailorChibiMoonAssists","theSenshi:MoonPunch","theSenshi:MoonPunch"],"relics":["theSenshi:TransformationBroochRelic","Replay:Mystery Machine","PreservedInsect","Empty Cage","theSenshi:TiaraRelic","Regal Pillow","MutagenicStrength","Matryoshka","Potion Belt","Toxic Egg 2","BargainBundle","CeramicFish"],"acts_visited":["Exordium","TheCity"],"potions_floor_usage":[16,33,33],"damage_taken":[{"damage":0,"enemies":"Jaw Worm","floor":1,"turns":4},{"damage":4,"enemies":"2 Louse","floor":2,"turns":3},{"damage":3,"enemies":"Cultist","floor":4,"turns":5},{"damage":17,"enemies":"2 Fungi Beasts","floor":5,"turns":4},{"damage":33,"enemies":"3 Sentries","floor":7,"turns":8},{"damage":0,"enemies":"Blue Slaver","floor":10,"turns":3},{"damage":0,"enemies":"Lots of Slimes","floor":12,"turns":1},{"damage":29,"enemies":"Hexaghost","floor":16,"turns":12},{"damage":33,"enemies":"2 Thieves","floor":18,"turns":5},{"damage":0,"enemies":"Chosen","floor":20,"turns":4},{"damage":13,"enemies":"Centurion and Healer","floor":22,"turns":8},{"damage":10,"enemies":"Chosen and Byrds","floor":27,"turns":6},{"damage":14,"enemies":"theDuelist:KaibaA2","floor":31,"turns":4},{"damage":49,"enemies":"Automaton","floor":33,"turns":6}],"seed_played":"-1579435585939087005","potions_obtained":[{"floor":1,"key":"Languid Potion"},{"floor":4,"key":"Dexterity Potion"},{"floor":5,"key":"Swift Potion"},{"floor":7,"key":"EssenceOfSteel"},{"floor":22,"key":"Explosive Potion"}],"is_trial":false,"path_per_floor":["M","M","?","M","M","R","E","?","T","M","?","M","?","T","R","B",null,"M","$","M","?","M","R","?","?","T","M","T","R","$","E","R","B"],"character_chosen":"THE_SENSHI","items_purchased":["theSenshi:TiaraRelic","Regal Pillow","BargainBundle","theSenshi:UranusStrength+1","theSenshi:SailorNeptuneAssists+1","theSenshi:SailorChibiMoonAssists","theSenshi:MoonPunch"],"campfire_rested":3,"item_purchase_floors":[19,19,30,30,30,30,30],"current_hp_per_floor":[82,78,78,75,58,82,49,33,33,33,33,33,33,33,57,28,82,49,49,49,49,36,75,75,69,69,59,59,59,59,45,45,0,0],"gold":90,"neow_bonus":"TEN_PERCENT_HP_BONUS","is_daily":false,"chose_seed":false,"campfire_upgraded":1,"win_rate":0.0,"timestamp":1612409037,"path_taken":["M","M","?","M","M","R","E","?","T","M","?","?","?","?","R","BOSS","M","?","M","?","M","R","?","?","T","M","?","R","$","E","R","BOSS"],"items_purchased_type":["Relic","Relic","Relic","Card","Card","Card","Card"],"build_version":"2020-12-22","purchased_purges":0,"victory":false,"max_hp_per_floor":[82,82,82,82,82,82,82,82,82,82,82,82,82,82,82,82,82,82,82,82,82,82,82,82,82,82,82,82,82,82,82,82,82,82],"relic_stats":{"Regal Pillow":15,"counters":[14,73],"CeramicFish":0,"PreservedInsect":32,"obtain_stats":[{"Potion Belt":28,"Regal Pillow":19,"BargainBundle":30,"theSenshi:TransformationBroochRelic":0,"Matryoshka":26,"MutagenicStrength":21,"CeramicFish":31,"PreservedInsect":9,"Replay:Mystery Machine":7,"Toxic Egg 2":28,"Empty Cage":17,"theSenshi:TiaraRelic":19},{"Potion Belt":12,"Regal Pillow":9,"BargainBundle":12,"theSenshi:TransformationBroochRelic":0,"Matryoshka":11,"MutagenicStrength":10,"CeramicFish":13,"PreservedInsect":5,"Replay:Mystery Machine":5,"Toxic Egg 2":12,"Empty Cage":8,"theSenshi:TiaraRelic":9},{"Potion Belt":63,"Regal Pillow":45,"BargainBundle":63,"theSenshi:TransformationBroochRelic":0,"Matryoshka":57,"MutagenicStrength":49,"CeramicFish":67,"PreservedInsect":24,"Replay:Mystery Machine":24,"Toxic Egg 2":63,"Empty Cage":40,"theSenshi:TiaraRelic":45}]},"card_choices":[{"not_picked":["theSenshi:MoonKick","theSenshi:Overload"],"picked":"theSenshi:MoonCrystalPowerMakeUp","floor":1},{"not_picked":["theSenshi:InTheNickOfTime","theSenshi:EncouragingSpeech"],"picked":"theSenshi:SailorStarFighterAssists","floor":2},{"not_picked":["theSenshi:OdangoHead","theSenshi:MoonPower"],"picked":"theSenshi:MercurysCunning","floor":4},{"not_picked":["theSenshi:EncouragingSpeech","theSenshi:MoonPower","theSenshi:SailorV"],"picked":"SKIP","floor":5},{"not_picked":["theSenshi:MoonKick","theSenshi:LateForSchool"],"picked":"theSenshi:MoonTwilightFlash","floor":7},{"not_picked":["theSenshi:MoonlightKnight","theSenshi:MoonPower"],"picked":"theSenshi:MoonTiaraMagic","floor":10},{"not_picked":["theSenshi:SchoolBag","theSenshi:MoonPower"],"picked":"theSenshi:SailorMarsAssists","floor":12},{"not_picked":["theSenshi:SailorCosmosAssists","theSenshi:SilverMoonCrystalPowerKiss"],"picked":"theSenshi:InTheNameOfTheMoon","floor":16},{"not_picked":["theSenshi:SailorStarFighterAssists+1","theSenshi:SailorUranusAssists"],"picked":"theSenshi:Sidestep+1","floor":18},{"not_picked":["theSenshi:SailorVenusAssists","theSenshi:LunasBite"],"picked":"theSenshi:SailorPlanetAttack+1","floor":20},{"not_picked":["theSenshi:InTheNickOfTime+1","theSenshi:InTheNameOfTheMoon"],"picked":"theSenshi:MoonPunch+1","floor":22},{"not_picked":["theSenshi:MoonTiaraMagic","theSenshi:MoonPower"],"picked":"theSenshi:SailorVenusAssists","floor":27},{"not_picked":["theSenshi:LateForSchool+1","theSenshi:DramaticEntrance+1","theSenshi:TallSilhouette+1"],"picked":"SKIP","floor":31}],"player_experience":405585,"relics_obtained":[{"floor":7,"key":"Replay:Mystery Machine"},{"floor":9,"key":"PreservedInsect"},{"floor":26,"key":"Matryoshka"},{"floor":28,"key":"Potion Belt"},{"floor":28,"key":"Toxic Egg 2"},{"floor":31,"key":"CeramicFish"}],"event_choices":[{"damage_healed":0,"gold_gain":175,"player_choice":"AGREE","damage_taken":0,"max_hp_gain":0,"max_hp_loss":0,"event_name":"Liars Game","floor":3,"gold_loss":0,"cards_obtained":["Doubt"]},{"damage_healed":0,"gold_gain":0,"player_choice":"Entered Light","damage_taken":16,"max_hp_gain":0,"max_hp_loss":0,"event_name":"Shining Light","floor":8,"gold_loss":0,"cards_upgraded":["theSenshi:MoonPrismPowerMakeUp","theSenshi:SailorKick"]},{"damage_healed":0,"gold_gain":0,"player_choice":"Bought 0 Potions","damage_taken":0,"max_hp_gain":0,"max_hp_loss":0,"event_name":"The Woman in Blue","floor":11,"gold_loss":0},{"damage_healed":0,"gold_gain":0,"player_choice":"Inject Mutagens","damage_taken":0,"relics_obtained":["MutagenicStrength"],"max_hp_gain":0,"max_hp_loss":0,"event_name":"Drug Dealer","floor":21,"gold_loss":0},{"damage_healed":0,"gold_gain":0,"player_choice":"Simplicity","damage_taken":0,"max_hp_gain":0,"max_hp_loss":0,"event_name":"Back to Basics","floor":24,"gold_loss":0,"cards_upgraded":["theSenshi:SailorKick","theSenshi:SailorKick","theSenshi:SailorBlock","theSenshi:SailorBlock","theSenshi:SailorBlock","theSenshi:SailorBlock"]},{"damage_healed":0,"gold_gain":0,"player_choice":"Joined the Cult","damage_taken":6,"max_hp_gain":0,"max_hp_loss":0,"event_name":"Nest","floor":25,"gold_loss":0,"cards_obtained":["RitualDagger"]}],"is_beta":false,"boss_relics":[{"not_picked":["SacredBark","Runic Dome"],"picked":"Empty Cage"}],"items_purged_floors":[],"is_endless":false,"potions_floor_spawned":[1,4,5,7,22,31],"killed_by":"Automaton","ascension_level":0}}