{"host":"6qo42zgaknezulyg","time":1612482535,"event":{"mods":["2.2 Compatiblity","BaseMod","Faster Ascension Climbing","Keyboard Shortcuts","Minty Spire (QoL Compilation)","Permanent Neow","Quick Restart","StSLib","SuperFastMode","The Construct"],"gold_per_floor":[118,129,129,139,64,64,83,83,109,259,259,294,190,190,190,281,281,297,297,310,310,333,353,353,373,427,427,427,107,107,128,128,221,221,246,261,11,11,32,32,32],"floor_reached":40,"language":"ENG","playtime":2198,"items_purged":["Doubt","construct:Strike_Gold"],"score":1022,"play_id":"ba3e0029-f05a-4ab1-b2fe-86085c3f9a91","local_time":"20210205084855","is_ascension_mode":true,"campfire_choices":[{"data":"construct:ShieldBurst","floor":6.0,"key":"SMITH"},{"floor":8.0,"key":"REST"},{"data":"construct:DefenseMode+1","floor":11.0,"key":"SMITH"},{"data":"construct:ShieldBurst+1","floor":15.0,"key":"SMITH"},{"data":"construct:ClockworkEgg","floor":24.0,"key":"SMITH"},{"data":"construct:ClockworkEgg+1","floor":28.0,"key":"SMITH"},{"data":"construct:Reinforce","floor":30.0,"key":"SMITH"},{"data":"construct:ClockworkEgg+2","floor":32.0,"key":"SMITH"}],"circlet_count":0,"master_deck":["AscendersBane","construct:Strike_Gold","construct:Strike_Gold","construct:Strike_Gold","construct:Defend_Gold","construct:Defend_Gold","construct:Defend_Gold","construct:Defend_Gold","construct:Defend_Gold","construct:AttackMode","construct:DefenseMode+2","construct:ShieldBurst+2","construct:Forcefield","construct:SuppressiveFire","construct:Backup","construct:Reinforce+1","construct:Forcefield+1","construct:Reserves"],"relics":["construct:ClockworkPhoenix","Happy Flower","Juzu Bracelet","Golden Idol","Coffee Dripper","Orichalcum","Lee\u0027s Waffle","Philosopher\u0027s Stone","Molten Egg 2","Toxic Egg 2","Frozen Egg 2"],"acts_visited":["Exordium","TheCity","TheBeyond"],"potions_floor_usage":[39],"damage_taken":[{"damage":2.0,"enemies":"Jaw Worm","floor":1.0,"turns":6.0},{"damage":19.0,"enemies":"Small Slimes","floor":2.0,"turns":5.0},{"damage":7.0,"enemies":"2 Louse","floor":4.0,"turns":4.0},{"damage":21.0,"enemies":"Exordium Thugs","floor":7.0,"turns":5.0},{"damage":18.0,"enemies":"3 Sentries","floor":12.0,"turns":8.0},{"damage":0.0,"enemies":"The Guardian","floor":16.0,"turns":7.0},{"damage":8.0,"enemies":"Chosen","floor":18.0,"turns":14.0},{"damage":12.0,"enemies":"3 Byrds","floor":20.0,"turns":4.0},{"damage":8.0,"enemies":"Snake Plant","floor":22.0,"turns":3.0},{"damage":13.0,"enemies":"Sentry and Sphere","floor":23.0,"turns":8.0},{"damage":13.0,"enemies":"Chosen and Byrds","floor":25.0,"turns":5.0},{"damage":5.0,"enemies":"Colosseum Slavers","floor":27.0,"turns":2.0},{"damage":1.0,"enemies":"Cultist and Chosen","floor":31.0,"turns":3.0},{"damage":0.0,"enemies":"Collector","floor":33.0,"turns":4.0},{"damage":7.0,"enemies":"Orb Walker","floor":35.0,"turns":5.0},{"damage":51,"enemies":"3 Shapes","floor":36,"turns":6},{"damage":14,"enemies":"Writhing Mass","floor":39,"turns":9},{"damage":59,"enemies":"Nemesis","floor":40,"turns":19}],"seed_played":"52999348158363203","potions_obtained":[{"floor":2.0,"key":"EssenceOfSteel"},{"floor":4.0,"key":"DistilledChaos"},{"floor":7.0,"key":"Fire Potion"},{"floor":18.0,"key":"Dexterity Potion"},{"floor":23.0,"key":"DuplicationPotion"},{"floor":31.0,"key":"Fire Potion"},{"floor":35.0,"key":"Strength Potion"},{"floor":39,"key":"Fire Potion"}],"is_trial":false,"path_per_floor":["M","M","?","M","?","R","M","R","T","?","R","E","$","?","R","B",null,"M","?","M","?","M","M","R","M","T","?","R","$","R","M","R","B",null,"M","M","$","?","M","E"],"character_chosen":"THE_CONSTRUCT_MOD","items_purchased":["construct:Forcefield","Lee\u0027s Waffle","construct:Reinforce","construct:Reserves","GamblersBrew"],"campfire_rested":1,"item_purchase_floors":[13,29,29,37,37],"current_hp_per_floor":[70,51,51,44,44,44,23,47,47,47,47,29,29,29,29,29,61,53,53,41,41,33,20,20,7,7,2,2,79,79,78,78,78,79,72,21,21,79,65,6,6],"gold":32,"neow_bonus":"ONE_RANDOM_RARE_CARD","is_daily":false,"chose_seed":true,"campfire_upgraded":7,"win_rate":0.0,"timestamp":1612482535,"path_taken":["M","M","?","M","?","R","M","R","T","?","R","E","$","?","R","BOSS","M","?","M","?","M","M","R","M","T","?","R","$","R","M","R","BOSS","M","M","$","?","M","E"],"items_purchased_type":["Card","Relic","Card","Card","Potion"],"build_version":"2020-12-22","purchased_purges":2,"victory":false,"max_hp_per_floor":[80,80,80,80,80,80,80,80,80,80,80,80,80,72,72,72,72,72,72,72,72,72,72,72,72,72,72,72,79,79,79,79,79,79,79,79,79,79,79,79,79],"card_choices":[{"not_picked":["construct:ModeShift","construct:SweepLaser","construct:Accumulate"],"picked":"SKIP","floor":1.0},{"not_picked":["construct:SweepLaser","construct:OmegaCannon","construct:SaveState"],"picked":"SKIP","floor":2.0},{"not_picked":["construct:SweepLaser","construct:OmegaCannon","construct:SaveState"],"picked":"SKIP","floor":2.0},{"not_picked":["construct:FierceBash","construct:Failsafe","construct:SyphonStrike"],"picked":"SKIP","floor":4.0},{"not_picked":["construct:ReactiveShield","construct:Accumulate","construct:ModeShift"],"picked":"SKIP","floor":7.0},{"not_picked":["construct:ShiftStrike","construct:HeavyBolt","construct:SweepLaser"],"picked":"SKIP","floor":12.0},{"not_picked":["construct:SpinDrive","construct:MemoryTap"],"picked":"construct:ClockworkEgg","floor":16.0},{"not_picked":["construct:VentSteam","construct:Autoturret","construct:HeavyBolt"],"picked":"SKIP","floor":18.0},{"not_picked":["construct:Accumulate","construct:ClusterMines"],"picked":"construct:SuppressiveFire","floor":20.0},{"not_picked":["construct:SweepLaser","construct:VentSteam","construct:Anticipate+1"],"picked":"SKIP","floor":22.0},{"not_picked":["construct:Boost","construct:Antimatter"],"picked":"construct:Backup","floor":23.0},{"not_picked":["construct:Accumulate","construct:Anticipate+1","construct:LongRangeLance"],"picked":"SKIP","floor":25.0},{"not_picked":["construct:ClusterMines","construct:Overcharge","construct:MetalShell"],"picked":"SKIP","floor":31.0},{"not_picked":["construct:Boost+1","construct:ModeShift+1"],"picked":"construct:Forcefield+1","floor":35.0},{"not_picked":["construct:Versatility","construct:SuppressiveFire","construct:PointDefense+1"],"picked":"SKIP","floor":36},{"not_picked":["construct:ElectricArmor+1","construct:Forcefield+1","construct:FlameCore+1"],"picked":"SKIP","floor":39}],"player_experience":730479,"relics_obtained":[{"floor":9.0,"key":"Happy Flower"},{"floor":12.0,"key":"Juzu Bracelet"},{"floor":26.0,"key":"Orichalcum"}],"event_choices":[{"damage_healed":0.0,"max_hp_gain":0.0,"max_hp_loss":0.0,"gold_gain":0.0,"event_name":"Living Wall","player_choice":"Grow","floor":3.0,"gold_loss":0.0,"damage_taken":0.0,"cards_upgraded":["construct:DefenseMode"]},{"cards_removed":["construct:Strike_Gold"],"damage_healed":0.0,"max_hp_gain":0.0,"max_hp_loss":0.0,"gold_gain":0.0,"event_name":"The Cleric","player_choice":"Card Removal","floor":5.0,"gold_loss":75.0,"damage_taken":0.0},{"damage_healed":0.0,"max_hp_gain":0.0,"max_hp_loss":0.0,"gold_gain":150.0,"event_name":"Liars Game","player_choice":"AGREE","floor":10.0,"gold_loss":0.0,"damage_taken":0.0,"cards_obtained":["Doubt"]},{"damage_healed":0.0,"max_hp_gain":0.0,"max_hp_loss":8.0,"gold_gain":0.0,"event_name":"Golden Idol","player_choice":"Lose Max HP","floor":14.0,"gold_loss":0.0,"damage_taken":0.0,"relics_obtained":["Golden Idol"]},{"damage_healed":0.0,"max_hp_gain":0.0,"max_hp_loss":0.0,"gold_gain":0.0,"event_name":"Ghosts","player_choice":"Ignored","floor":19.0,"gold_loss":0.0,"damage_taken":0.0},{"damage_healed":0.0,"max_hp_gain":0.0,"max_hp_loss":0.0,"gold_gain":0.0,"event_name":"Vampires","player_choice":"Ignored","floor":21.0,"gold_loss":0.0,"damage_taken":0.0},{"damage_healed":0.0,"max_hp_gain":0.0,"max_hp_loss":0.0,"gold_gain":0.0,"event_name":"Colosseum","player_choice":"Fight","floor":27.0,"gold_loss":0.0,"damage_taken":0.0},{"damage_healed":0.0,"max_hp_gain":0.0,"max_hp_loss":0.0,"gold_gain":0.0,"event_name":"Colosseum","player_choice":"Fled From Nobs","floor":27.0,"gold_loss":0.0,"damage_taken":0.0},{"damage_healed":58,"gold_gain":0,"player_choice":"Full Heal","damage_taken":0,"max_hp_gain":0,"max_hp_loss":0,"event_name":"Wheel of Change","floor":38,"gold_loss":0}],"is_beta":false,"boss_relics":[{"not_picked":["Pandora\u0027s Box","SlaversCollar"],"picked":"Coffee Dripper"},{"not_picked":["construct:ClawGrip","Velvet Choker"],"picked":"Philosopher\u0027s Stone"}],"items_purged_floors":[13,29],"is_endless":false,"potions_floor_spawned":[2,4,7,18,23,27,31,35,39],"killed_by":"Nemesis","ascension_level":20}}