{"host":"f5gffvlv6a66yqkd","time":1612460393,"event":{"mods":["2.2 Compatiblity","BaseMod","Colored Map","Custom Start","DeckTracker","Keyboard Shortcuts","Minty Spire (QoL Compilation)","Permanent Neow","Quick Restart","Relic Stats","StSLib","SuperFastMode"],"gold_per_floor":[116,116,116,135,153,153,163,196,248,248,248,260,292,292,292,369,369,381,396,396,69,86,86,86,86],"floor_reached":24,"language":"KOR","playtime":536,"items_purged":["Strike_P"],"score":412,"play_id":"1064256d-d1eb-462a-ade6-34b6192f9a03","local_time":"20210205023953","is_ascension_mode":true,"campfire_choices":[{"data":"Eruption","floor":6.0,"key":"SMITH"},{"data":"Pray","floor":11.0,"key":"SMITH"},{"floor":15.0,"key":"REST"},{"data":"Prostrate","floor":23,"key":"SMITH"}],"circlet_count":0,"master_deck":["AscendersBane","Strike_P","Defend_P","Defend_P","Eruption+1","Vigilance","BattleHymn","WheelKick","Wireheading","Pray+1","Prostrate+1","MasterReality+1","EmptyBody+1","Nirvana+1","Finesse","MentalFortress+1"],"relics":["PureWater","Frozen Egg 2","Potion Belt","Kunai","Bronze Scales","CaptainsWheel","Runic Dome","Bag of Preparation"],"acts_visited":["Exordium","TheCity"],"potions_floor_usage":[19],"damage_taken":[{"damage":7.0,"enemies":"Small Slimes","floor":1.0,"turns":3.0},{"damage":0.0,"enemies":"2 Louse","floor":4.0,"turns":2.0},{"damage":0.0,"enemies":"Cultist","floor":5.0,"turns":4.0},{"damage":5.0,"enemies":"Exordium Thugs","floor":7.0,"turns":3.0},{"damage":12.0,"enemies":"Lagavulin","floor":8.0,"turns":5.0},{"damage":0.0,"enemies":"2 Fungi Beasts","floor":12.0,"turns":2.0},{"damage":19.0,"enemies":"3 Sentries","floor":13.0,"turns":6.0},{"damage":19.0,"enemies":"Hexaghost","floor":16.0,"turns":5.0},{"damage":0.0,"enemies":"Spheric Guardian","floor":18.0,"turns":2.0},{"damage":0,"enemies":"3 Byrds","floor":19,"turns":1},{"damage":10,"enemies":"Snake Plant","floor":22,"turns":3},{"damage":44,"enemies":"Chosen and Byrds","floor":24,"turns":2}],"seed_played":"7804349918296616035","potions_obtained":[{"floor":7.0,"key":"SpeedPotion"},{"floor":8.0,"key":"StancePotion"},{"floor":12.0,"key":"LiquidBronze"},{"floor":18.0,"key":"Energy Potion"},{"floor":19,"key":"SneckoOil"}],"is_trial":false,"path_per_floor":["M","?","?","M","M","R","M","E","T","T","R","M","E","?","R","B",null,"M","M","?","$","M","R","M"],"character_chosen":"WATCHER","items_purchased":["Bag of Preparation","Finesse"],"campfire_rested":1,"item_purchase_floors":[21,21],"current_hp_per_floor":[54,54,54,54,54,54,49,37,37,37,37,37,18,7,27,8,53,53,53,53,53,43,43,0,0],"gold":86,"neow_bonus":"TRANSFORM_CARD","is_daily":false,"chose_seed":false,"campfire_upgraded":3,"win_rate":0.0,"timestamp":1612460393,"path_taken":["M","?","?","?","M","R","M","E","T","?","R","M","E","?","R","BOSS","M","M","?","$","M","R","M"],"items_purchased_type":["Relic","Card"],"build_version":"2020-12-22","purchased_purges":1,"victory":false,"max_hp_per_floor":[68,68,68,68,68,68,68,68,68,68,68,68,68,68,68,68,68,68,68,68,68,68,68,68,68],"relic_stats":{"counters":[12,38],"Bronze Scales":[99],"Bag of Preparation":[4],"Kunai":[7],"obtain_stats":[{"Potion Belt":9,"Runic Dome":17,"CaptainsWheel":14,"Bronze Scales":13,"Bag of Preparation":21,"Kunai":10,"PureWater":0,"Frozen Egg 2":8},{"Potion Belt":5,"Runic Dome":8,"CaptainsWheel":7,"Bronze Scales":7,"Bag of Preparation":10,"Kunai":5,"PureWater":0,"Frozen Egg 2":5},{"Potion Belt":17,"Runic Dome":30,"CaptainsWheel":25,"Bronze Scales":25,"Bag of Preparation":33,"Kunai":17,"PureWater":0,"Frozen Egg 2":17}]},"card_choices":[{"not_picked":["JustLucky","SashWhip"],"picked":"WheelKick","floor":1.0},{"not_picked":["Evaluate","FollowUp"],"picked":"Pray","floor":4.0},{"not_picked":["PathToVictory","FlyingSleeves","Vengeance"],"picked":"SKIP","floor":5.0},{"not_picked":["ClearTheMind","FlyingSleeves","DeceiveReality"],"picked":"SKIP","floor":7.0},{"not_picked":["FlyingSleeves","ClearTheMind","Conclude"],"picked":"SKIP","floor":8.0},{"not_picked":["WindmillStrike","Omniscience","Conclude"],"picked":"SKIP","floor":12.0},{"not_picked":["FollowUp","ConjureBlade"],"picked":"Prostrate","floor":13.0},{"not_picked":["Establishment+1","Blasphemy"],"picked":"MasterReality+1","floor":16.0},{"not_picked":["Crescendo","Fasting2+1"],"picked":"EmptyBody+1","floor":18.0},{"not_picked":["SandsOfTime","ClearTheMind","Nirvana+1"],"picked":"SKIP","floor":19},{"not_picked":["SandsOfTime","ClearTheMind"],"picked":"Nirvana+1","floor":19},{"not_picked":["FlurryOfBlows","Fasting2+1"],"picked":"MentalFortress+1","floor":22}],"player_experience":1648266,"relics_obtained":[{"floor":8.0,"key":"Frozen Egg 2"},{"floor":9.0,"key":"Potion Belt"},{"floor":10.0,"key":"Kunai"},{"floor":13.0,"key":"Bronze Scales"}],"event_choices":[{"damage_healed":0.0,"max_hp_gain":0.0,"max_hp_loss":0.0,"gold_gain":0.0,"cards_transformed":["Defend_P"],"event_name":"Living Wall","player_choice":"Change","floor":2.0,"gold_loss":0.0,"damage_taken":0.0,"cards_obtained":["Wireheading"]},{"cards_removed":["Strike_P"],"damage_healed":0.0,"max_hp_gain":0.0,"max_hp_loss":0.0,"gold_gain":0.0,"event_name":"Purifier","player_choice":"Purged","floor":3.0,"gold_loss":0.0,"damage_taken":0.0},{"damage_healed":0.0,"max_hp_gain":0.0,"max_hp_loss":0.0,"gold_gain":0.0,"event_name":"Scrap Ooze","player_choice":"Success","floor":14.0,"gold_loss":0.0,"damage_taken":11.0,"relics_obtained":["CaptainsWheel"]},{"cards_removed":["Strike_P"],"damage_healed":0,"gold_gain":0,"player_choice":"Elegance","damage_taken":0,"max_hp_gain":0,"max_hp_loss":0,"event_name":"Back to Basics","floor":20,"gold_loss":0}],"is_beta":false,"boss_relics":[{"not_picked":["Busted Crown","Ectoplasm"],"picked":"Runic Dome"}],"items_purged_floors":[21],"is_endless":false,"potions_floor_spawned":[7,8,12,18,19],"killed_by":"Chosen and Byrds","ascension_level":20}}