{"host":"fa19f27vz2zfochh","time":1612460657,"event":{"mods":["Act Like it!","Aspiration","BaseMod","Better Third Choice","Conspire","Downfall","Energized Spire","Halation","Hallownest","Hubris","Infinite Spire","Ironclad Rager","Minty Spire (QoL Compilation)","Relic Stats","Replay The Spire","StSLib","The Bug Knight"],"gold_per_floor":[199,211,229,379,392,392,416,427,453,466,466,492,492,522,538,538,538,538],"floor_reached":16,"language":"ENG","playtime":468,"items_purged":[],"score":134,"play_id":"6f8256f5-a246-462e-bb8f-8727ab3a8a4c","local_time":"20210204184417","is_ascension_mode":true,"campfire_choices":[{"data":"bronze:Replicate","floor":1,"key":"SMITH"},{"floor":11,"key":"REST"},{"data":"bronze:Overload","floor":13,"key":"SMITH"}],"circlet_count":0,"master_deck":["bronze:Strike","bronze:Strike","bronze:Strike","bronze:Strike","bronze:Defend","bronze:Defend","bronze:Defend","bronze:Defend","bronze:Replicate+1","bronze:Goto","bronze:Branch","downfall:Icky","bronze:Iterate","bronze:Flail","bronze:DelayedSlice","bronze:Overload+1"],"relics":["bronze:BronzeCore","downfall:BrokenWingStatue","infinitespire:Lucky Rock","Dream Catcher","Odd Mushroom","hubris:CuriousFeather"],"acts_visited":["Exordium"],"potions_floor_usage":[14],"damage_taken":[{"damage":5,"enemies":"conspire:RoseBush","floor":2,"turns":3},{"damage":2,"enemies":"Jaw Worm","floor":3,"turns":3},{"damage":1,"enemies":"2 Louse","floor":5,"turns":3},{"damage":4,"enemies":"Exordium Thugs","floor":8,"turns":6},{"damage":12,"enemies":"HollowMod:MossKnight","floor":9,"turns":11},{"damage":12,"enemies":"Gremlin Gang","floor":10,"turns":2},{"damage":12,"enemies":"The Mushroom Lair","floor":12,"turns":2},{"damage":8,"enemies":"Gremlin Nob","floor":14,"turns":3},{"damage":8,"enemies":"Blue Slaver","floor":15,"turns":2},{"damage":0,"enemies":"IC_STATUS_ARCHETYPE","floor":16,"turns":1}],"seed_played":"-5157934644843670859","potions_obtained":[{"floor":5,"key":"Dexterity Potion"},{"floor":8,"key":"champ:CounterPotion"},{"floor":12,"key":"LiquidMemories"}],"is_trial":false,"path_per_floor":["R","M","M","?","M","?","T","M","E","M","R","?","R","E","M","B"],"character_chosen":"THE_AUTOMATON","items_purchased":[],"campfire_rested":1,"item_purchase_floors":[],"current_hp_per_floor":[70,65,63,63,62,62,62,58,46,34,55,43,43,35,27,27,27,27],"gold":538,"neow_bonus":"HUNDRED_GOLD","is_daily":false,"chose_seed":false,"campfire_upgraded":2,"win_rate":0.0,"timestamp":1612460657,"path_taken":["R","M","M","?","M","?","T","?","E","M","R","?","R","E","M","BOSS"],"items_purchased_type":[],"build_version":"2020-12-22","purchased_purges":0,"victory":false,"max_hp_per_floor":[70,70,70,70,70,70,70,70,70,70,70,70,70,70,70,70,70,70],"relic_stats":{"Dream Catcher":1,"counters":[10,35],"obtain_stats":[{"Dream Catcher":9,"bronze:BronzeCore":0,"downfall:BrokenWingStatue":6,"hubris:CuriousFeather":14,"infinitespire:Lucky Rock":7,"Odd Mushroom":12},{"Dream Catcher":5,"bronze:BronzeCore":0,"downfall:BrokenWingStatue":3,"hubris:CuriousFeather":8,"infinitespire:Lucky Rock":3,"Odd Mushroom":7},{"Dream Catcher":26,"bronze:BronzeCore":0,"downfall:BrokenWingStatue":9,"hubris:CuriousFeather":33,"infinitespire:Lucky Rock":9,"Odd Mushroom":30}]},"card_choices":[{"not_picked":["bronze:Shell","bronze:Iterate"],"picked":"bronze:Branch","floor":2},{"not_picked":["bronze:BronzeArmor","bronze:Shell","bronze:Overload"],"picked":"SKIP","floor":3},{"not_picked":["bronze:BuggyMess","bronze:WildBeam"],"picked":"bronze:Iterate","floor":5},{"not_picked":["bronze:Shield","bronze:ClassDefault","bronze:Frontload"],"picked":"SKIP","floor":8},{"not_picked":["bronze:Allocate","bronze:Overheat"],"picked":"bronze:Flail","floor":9},{"not_picked":["bronze:Overheat","bronze:Optimize"],"picked":"bronze:DelayedSlice","floor":10},{"not_picked":["bronze:BitShift","bronze:BugBarrage"],"picked":"bronze:Overload","floor":12},{"not_picked":["bronze:ForLoop","bronze:Refactor","bronze:Turbo"],"picked":"SKIP","floor":14},{"not_picked":["bronze:Shell","bronze:ForLoop","bronze:FollowUp"],"picked":"SKIP","floor":15}],"player_experience":421428,"relics_obtained":[{"floor":7,"key":"infinitespire:Lucky Rock"},{"floor":9,"key":"Dream Catcher"},{"floor":12,"key":"Odd Mushroom"},{"floor":14,"key":"hubris:CuriousFeather"}],"event_choices":[{"damage_healed":0,"gold_gain":0,"player_choice":"Fought Mushrooms","damage_taken":0,"max_hp_gain":0,"max_hp_loss":0,"event_name":"Mushrooms","floor":12,"gold_loss":0}],"is_beta":false,"boss_relics":[],"items_purged_floors":[],"is_endless":false,"potions_floor_spawned":[5,8,12],"killed_by":"IC_STATUS_ARCHETYPE","ascension_level":4}}