{"host":"p9vmbvw2hh2n16dn","time":1612432934,"event":{"mods":["AchievementEnabler","BaseMod","Block Reminder","Minty Spire (QoL Compilation)","Relic Stats","SuperFastMode"],"gold_per_floor":[113,113,132,149,168,203,203,218,242,254,291,313,338,370,382,495,507,530,641,578,590,590],"floor_reached":21,"language":"ENG","playtime":822,"items_purged":[],"score":277,"play_id":"d56579c9-40c6-410c-bd01-15690020caa7","local_time":"20210204110214","is_ascension_mode":true,"campfire_choices":[{"data":"Venomology","floor":7.0,"key":"SMITH"},{"data":"Eviscerate","floor":15.0,"key":"SMITH"}],"circlet_count":0,"master_deck":["Strike_G","Strike_G","Defend_G","Defend_G","Defend_G","Survivor","Neutralize","Endless Agony","Eviscerate+1","Bouncing Flask","Venomology+1","Dagger Throw","Tactician","Bullet Time","Backstab+1","Calculated Gamble+1","Predator+1"],"relics":["Busted Crown","Lantern","MawBank","CultistMask","Nunchaku","Odd Mushroom","Astrolabe"],"acts_visited":["Exordium","TheCity"],"potions_floor_usage":[18,18,21,21],"damage_taken":[{"damage":4.0,"enemies":"Jaw Worm","floor":1.0,"turns":4.0},{"damage":3.0,"enemies":"2 Louse","floor":3.0,"turns":3.0},{"damage":1.0,"enemies":"Cultist","floor":4.0,"turns":4.0},{"damage":6.0,"enemies":"2 Fungi Beasts","floor":5.0,"turns":3.0},{"damage":9.0,"enemies":"3 Sentries","floor":6.0,"turns":8.0},{"damage":3.0,"enemies":"Looter","floor":8.0,"turns":3.0},{"damage":15.0,"enemies":"Lagavulin","floor":11.0,"turns":4.0},{"damage":0.0,"enemies":"Large Slime","floor":12.0,"turns":6.0},{"damage":0.0,"enemies":"Exordium Wildlife","floor":13.0,"turns":2.0},{"damage":6.0,"enemies":"The Mushroom Lair","floor":14.0,"turns":4.0},{"damage":11.0,"enemies":"Slime Boss","floor":16.0,"turns":9.0},{"damage":5,"enemies":"Spheric Guardian","floor":18,"turns":5},{"damage":51,"enemies":"Masked Bandits","floor":21,"turns":3}],"seed_played":"8137869297480136336","potions_obtained":[{"floor":1.0,"key":"BlessingOfTheForge"},{"floor":3.0,"key":"SteroidPotion"},{"floor":4.0,"key":"Weak Potion"},{"floor":6.0,"key":"AttackPotion"},{"floor":11.0,"key":"Regen Potion"},{"floor":13.0,"key":"EntropicBrew"},{"floor":18,"key":"PowerPotion"}],"is_trial":false,"path_per_floor":["M","?","M","M","M","E","R","M","T","?","E","M","M","?","R","B",null,"M","?","?","?"],"character_chosen":"THE_SILENT","items_purchased":[],"campfire_rested":0,"item_purchase_floors":[],"current_hp_per_floor":[59,52,49,48,42,33,33,30,30,30,15,30,30,24,24,13,56,51,51,51,0,0],"gold":590,"neow_bonus":"BOSS_RELIC","is_daily":false,"chose_seed":false,"campfire_upgraded":2,"win_rate":0.0,"timestamp":1612432934,"path_taken":["M","?","M","M","M","E","R","M","T","?","E","M","?","?","R","BOSS","M","?","?","?"],"items_purchased_type":[],"build_version":"2020-12-22","purchased_purges":0,"victory":false,"max_hp_per_floor":[70,70,70,70,70,70,70,70,70,70,70,70,70,70,70,70,70,70,70,70,70,70],"relic_stats":{"Nunchaku":[6],"Busted Crown":24,"counters":[13,58],"Astrolabe":["Backstab","Calculated Gamble","Predator"],"MawBank":144,"obtain_stats":[{"Lantern":6,"Nunchaku":11,"Busted Crown":0,"Astrolabe":17,"CultistMask":10,"Odd Mushroom":14,"MawBank":9,"Ring of the Snake":0},{"Lantern":5,"Nunchaku":7,"Busted Crown":0,"Astrolabe":11,"CultistMask":6,"Odd Mushroom":10,"MawBank":6,"Ring of the Snake":0},{"Lantern":22,"Nunchaku":29,"Busted Crown":0,"Astrolabe":50,"CultistMask":25,"Odd Mushroom":41,"MawBank":25,"Ring of the Snake":0}]},"card_choices":[{"not_picked":[],"picked":"Endless Agony","floor":1.0},{"not_picked":[],"picked":"Eviscerate","floor":3.0},{"not_picked":[],"picked":"Bouncing Flask","floor":4.0},{"not_picked":["Flying Knee"],"picked":"SKIP","floor":5.0},{"not_picked":[],"picked":"Venomology","floor":6.0},{"not_picked":[],"picked":"Dagger Throw","floor":8.0},{"not_picked":["Quick Slash"],"picked":"SKIP","floor":11.0},{"not_picked":[],"picked":"Tactician","floor":12.0},{"not_picked":["Infinite Blades"],"picked":"SKIP","floor":13.0},{"not_picked":[],"picked":"Bullet Time","floor":16.0},{"not_picked":["Dodge and Roll"],"picked":"SKIP","floor":18}],"player_experience":297662,"relics_obtained":[{"floor":6.0,"key":"Lantern"},{"floor":9.0,"key":"MawBank"},{"floor":11.0,"key":"Nunchaku"},{"floor":14.0,"key":"Odd Mushroom"}],"event_choices":[{"cards_removed":["Defend_G"],"damage_healed":0.0,"max_hp_gain":0.0,"max_hp_loss":0.0,"gold_gain":0.0,"event_name":"Golden Wing","player_choice":"Card Removal","floor":2.0,"gold_loss":0.0,"damage_taken":7.0},{"damage_healed":0.0,"max_hp_gain":0.0,"max_hp_loss":0.0,"gold_gain":0.0,"event_name":"FaceTrader","player_choice":"Trade","floor":10.0,"gold_loss":0.0,"damage_taken":0.0,"relics_obtained":["CultistMask"]},{"damage_healed":0.0,"max_hp_gain":0.0,"max_hp_loss":0.0,"gold_gain":0.0,"event_name":"Mushrooms","player_choice":"Fought Mushrooms","floor":14.0,"gold_loss":0.0,"damage_taken":0.0},{"damage_healed":0,"gold_gain":99,"player_choice":"Stole From Cult","damage_taken":0,"max_hp_gain":0,"max_hp_loss":0,"event_name":"Nest","floor":19,"gold_loss":0},{"cards_removed":["Strike_G"],"damage_healed":0,"gold_gain":0,"player_choice":"Gave Gold","damage_taken":0,"max_hp_gain":0,"max_hp_loss":0,"event_name":"Beggar","floor":20,"gold_loss":75},{"damage_healed":0,"gold_gain":0,"player_choice":"Fought Bandits","damage_taken":0,"max_hp_gain":0,"max_hp_loss":0,"event_name":"Masked Bandits","floor":21,"gold_loss":0}],"is_beta":false,"boss_relics":[{"not_picked":["Black Star","Pandora\u0027s Box"],"picked":"Astrolabe"}],"items_purged_floors":[],"is_endless":false,"potions_floor_spawned":[1,3,4,6,11,13,18],"killed_by":"Masked Bandits","ascension_level":9}}