{"host":"2se5dq1do2gp0x9k","time":1612413525,"event":{"mods":["AchievementEnabler","BaseMod","Block Reminder","Colored Map","Colored Powertips","Minty Spire (QoL Compilation)","Relic Stats","StSLib","SuperFastMode"],"gold_per_floor":[114,128,47,64,82,82,116,116,140,140,159,159,184,184,184,272,272,292,207,228,228,228],"floor_reached":21,"language":"ENG","playtime":598,"items_purged":[],"score":362,"play_id":"54904396-fc9c-4123-9266-8ca06c48e992","local_time":"20210203203845","is_ascension_mode":true,"campfire_choices":[{"data":"Defragment","floor":6,"key":"SMITH"},{"data":"Zap","floor":8,"key":"SMITH"},{"data":"Cold Snap","floor":12,"key":"SMITH"},{"data":"Genetic Algorithm","floor":15,"key":"SMITH"}],"circlet_count":0,"master_deck":["AscendersBane","Strike_B","Strike_B","Strike_B","Strike_B","Defend_B","Defend_B","Defend_B","Defend_B","Zap+1","Dualcast","Ball Lightning","Coolheaded+1","Cold Snap+1","Compile Driver","Defragment+1","Genetic Algorithm+1","Biased Cognition","Loop","Sweeping Beam+1"],"relics":["Cracked Core","NeowsBlessing","Strawberry","CeramicFish","Bronze Scales","Coffee Dripper","Nunchaku"],"acts_visited":["Exordium","TheCity"],"potions_floor_usage":[7],"damage_taken":[{"damage":0,"enemies":"Small Slimes","floor":1,"turns":1},{"damage":0,"enemies":"Cultist","floor":2,"turns":1},{"damage":0,"enemies":"2 Louse","floor":4,"turns":1},{"damage":7,"enemies":"Looter","floor":5,"turns":3},{"damage":4,"enemies":"Gremlin Nob","floor":7,"turns":3},{"damage":7,"enemies":"Exordium Wildlife","floor":11,"turns":3},{"damage":0,"enemies":"Large Slime","floor":13,"turns":4},{"damage":37,"enemies":"The Guardian","floor":16,"turns":13},{"damage":23,"enemies":"Shell Parasite","floor":18,"turns":4},{"damage":4,"enemies":"3 Byrds","floor":20,"turns":2},{"damage":40,"enemies":"Shelled Parasite and Fungi","floor":21,"turns":3}],"seed_played":"1654833075483280978","potions_obtained":[{"floor":1,"key":"Fire Potion"},{"floor":4,"key":"SneckoOil"},{"floor":7,"key":"EntropicBrew"},{"floor":18,"key":"Energy Potion"}],"is_trial":false,"path_per_floor":["M","M","$","M","M","R","E","R","T","?","M","R","M","?","R","B",null,"M","?","M","M"],"character_chosen":"DEFECT","items_purchased":["Cold Snap","Compile Driver"],"campfire_rested":0,"item_purchase_floors":[3,3],"current_hp_per_floor":[64,64,64,64,57,57,60,60,60,60,53,53,53,42,42,5,60,37,37,33,0,0],"gold":228,"neow_bonus":"THREE_ENEMY_KILL","is_daily":false,"chose_seed":false,"campfire_upgraded":4,"win_rate":0.0,"timestamp":1612413525,"path_taken":["M","M","$","M","M","R","E","R","T","?","M","R","?","?","R","BOSS","M","?","M","M"],"items_purchased_type":["Card","Card"],"build_version":"2020-12-22","purchased_purges":0,"victory":false,"max_hp_per_floor":[71,71,71,71,71,71,78,78,78,78,78,78,78,78,78,78,78,78,78,78,78,78],"relic_stats":{"Nunchaku":[0],"counters":[11,38],"CeramicFish":36,"Bronze Scales":[120],"obtain_stats":[{"Nunchaku":19,"NeowsBlessing":0,"Strawberry":7,"CeramicFish":9,"Bronze Scales":14,"Coffee Dripper":17,"Cracked Core":0},{"Nunchaku":9,"NeowsBlessing":0,"Strawberry":5,"CeramicFish":5,"Bronze Scales":7,"Coffee Dripper":8,"Cracked Core":0},{"Nunchaku":33,"NeowsBlessing":0,"Strawberry":9,"CeramicFish":9,"Bronze Scales":16,"Coffee Dripper":29,"Cracked Core":0}]},"card_choices":[{"not_picked":["Streamline","Stack"],"picked":"Ball Lightning","floor":1},{"not_picked":["Hologram","Meteor Strike"],"picked":"Coolheaded","floor":2},{"not_picked":["Beam Cell","Hologram"],"picked":"Defragment","floor":4},{"not_picked":["Compile Driver","Tempest","Rebound"],"picked":"SKIP","floor":5},{"not_picked":["Sweeping Beam","Force Field","White Noise"],"picked":"SKIP","floor":7},{"not_picked":["Streamline","Barrage","Aggregate"],"picked":"SKIP","floor":11},{"not_picked":["Steam","Compile Driver"],"picked":"Genetic Algorithm","floor":13},{"not_picked":["Seek","All For One"],"picked":"Biased Cognition","floor":16},{"not_picked":["Barrage","Aggregate"],"picked":"Loop","floor":18},{"not_picked":["Redo","Double Energy+1"],"picked":"Sweeping Beam+1","floor":20}],"player_experience":4062115,"relics_obtained":[{"floor":7,"key":"Strawberry"},{"floor":9,"key":"CeramicFish"}],"event_choices":[{"damage_healed":0,"gold_gain":0,"player_choice":"Upgraded","damage_taken":0,"max_hp_gain":0,"max_hp_loss":0,"event_name":"Upgrade Shrine","floor":10,"gold_loss":0,"cards_upgraded":["Coolheaded"]},{"damage_healed":0,"gold_gain":0,"player_choice":"Success","damage_taken":11,"relics_obtained":["Bronze Scales"],"max_hp_gain":0,"max_hp_loss":0,"event_name":"Scrap Ooze","floor":14,"gold_loss":0},{"damage_healed":0,"gold_gain":0,"player_choice":"Obtained Relic","damage_taken":0,"relics_obtained":["Nunchaku"],"max_hp_gain":0,"max_hp_loss":0,"event_name":"Addict","floor":19,"gold_loss":85}],"is_beta":false,"boss_relics":[{"not_picked":["SlaversCollar","Calling Bell"],"picked":"Coffee Dripper"}],"items_purged_floors":[],"is_endless":false,"potions_floor_spawned":[1,4,7,16,18,20],"killed_by":"Shelled Parasite and Fungi","ascension_level":20}}