{"host":"kxz5izodaorfb9am","time":1612479577,"event":{"mods":["BaseMod","GifTheSpireLib","Minty Spire (QoL Compilation)","Shop Mod","StSLib"],"gold_per_floor":[113,113,38,56,69,69,88,48,101,101,158,83,99,127,127,204,204,204,231,231],"floor_reached":19,"language":"ENG","playtime":1135,"items_purged":["Strike_G"],"score":301,"play_id":"c8cd8533-61ca-43f9-8206-6aca56a0735a","local_time":"20210204235937","is_ascension_mode":true,"campfire_choices":[{"data":"Neutralize","floor":6,"key":"SMITH"},{"data":"Noxious Fumes","floor":10,"key":"SMITH"},{"data":"Leg Sweep","floor":15,"key":"SMITH"}],"circlet_count":0,"master_deck":["AscendersBane","Strike_G","Strike_G","Strike_G","Defend_G","Defend_G+1","Defend_G+1","Defend_G","Survivor","Neutralize+1","Deflect","Blade Dance","Prepared","Blur","Noxious Fumes+1","Blur","Leg Sweep+1","A Thousand Cuts"],"relics":["Ring of the Snake","NeowsBlessing","War Paint","PreservedInsect","Pantograph","HoveringKite","Red Mask"],"acts_visited":["Exordium","TheCity"],"potions_floor_usage":[5,11,18,19],"damage_taken":[{"damage":0,"enemies":"Cultist","floor":1,"turns":1},{"damage":0,"enemies":"2 Louse","floor":4,"turns":1},{"damage":0,"enemies":"Jaw Worm","floor":5,"turns":1},{"damage":10,"enemies":"Large Slime","floor":7,"turns":7},{"damage":14,"enemies":"3 Sentries","floor":11,"turns":8},{"damage":0,"enemies":"3 Louse","floor":13,"turns":4},{"damage":5,"enemies":"3 Sentries","floor":14,"turns":6},{"damage":16,"enemies":"Hexaghost","floor":16,"turns":15},{"damage":0,"enemies":"2 Thieves","floor":18,"turns":1},{"damage":55,"enemies":"Masked Bandits","floor":19,"turns":6}],"seed_played":"1595561097279561050","potions_obtained":[{"floor":5,"key":"Fruit Juice"},{"floor":7,"key":"DistilledChaos"},{"floor":13,"key":"SmokeBomb"},{"floor":14,"key":"FearPotion"}],"is_trial":false,"path_per_floor":["M","?","?","M","M","R","M","$","T","R","?","$","M","E","R","B",null,"M","?"],"character_chosen":"THE_SILENT","items_purchased":["Noxious Fumes"],"campfire_rested":0,"item_purchase_floors":[8],"current_hp_per_floor":[59,52,52,52,57,57,47,47,47,47,33,33,33,28,28,37,63,63,8,8],"gold":231,"neow_bonus":"THREE_ENEMY_KILL","is_daily":false,"chose_seed":false,"campfire_upgraded":3,"win_rate":0.0,"timestamp":1612479577,"path_taken":["M","?","?","M","M","R","M","$","T","R","?","?","?","E","R","BOSS","M","?"],"items_purchased_type":["Card"],"build_version":"2020-12-22","purchased_purges":1,"victory":false,"max_hp_per_floor":[66,66,66,66,71,71,71,71,71,71,71,71,71,71,71,71,71,71,71,71],"card_choices":[{"not_picked":["All Out Attack","Bane"],"picked":"Deflect","floor":1},{"not_picked":["Underhanded Strike","Flying Knee"],"picked":"Blade Dance","floor":4},{"not_picked":["Deadly Poison","Dodge and Roll"],"picked":"Prepared","floor":5},{"not_picked":["Dagger Spray","Outmaneuver"],"picked":"Blur","floor":7},{"not_picked":["All Out Attack","Quick Slash"],"picked":"Blur","floor":13},{"not_picked":["Masterful Stab","Tools of the Trade"],"picked":"Leg Sweep","floor":14},{"not_picked":["Adrenaline","Grand Finale"],"picked":"A Thousand Cuts","floor":16}],"player_experience":282538,"relics_obtained":[{"floor":9,"key":"War Paint"},{"floor":11,"key":"PreservedInsect"},{"floor":14,"key":"Pantograph"},{"floor":19,"key":"Red Mask"}],"event_choices":[{"cards_removed":["Strike_G"],"damage_healed":0,"gold_gain":0,"player_choice":"Card Removal","damage_taken":7,"max_hp_gain":0,"max_hp_loss":0,"event_name":"Golden Wing","floor":2,"gold_loss":0},{"cards_removed":["Defend_G"],"damage_healed":0,"gold_gain":0,"player_choice":"Card Removal","damage_taken":0,"max_hp_gain":0,"max_hp_loss":0,"event_name":"The Cleric","floor":3,"gold_loss":75},{"damage_healed":0,"gold_gain":0,"player_choice":"Searched \u00271\u0027 times","damage_taken":0,"max_hp_gain":0,"max_hp_loss":0,"event_name":"Dead Adventurer","floor":11,"gold_loss":0},{"damage_healed":0,"gold_gain":0,"player_choice":"Fought Bandits","damage_taken":0,"max_hp_gain":0,"max_hp_loss":0,"event_name":"Masked Bandits","floor":19,"gold_loss":0}],"is_beta":false,"boss_relics":[{"not_picked":["Ectoplasm","Velvet Choker"],"picked":"HoveringKite"}],"items_purged_floors":[12],"is_endless":false,"potions_floor_spawned":[5,7,13,14],"killed_by":"Masked Bandits","ascension_level":16}}