{"host":"fevvm7bbzuh4s1jc","time":1612477741,"event":{"mods":["BaseMod","Highlight Path","Minty Spire (QoL Compilation)","Relic Stats"],"gold_per_floor":[364,381,401,418,434,465,476,476,500,525,537,572,572,22,22,110,110,132,156,184,205,226,257,257,301,327,354,381,395,21,36,36,120,120,135,192,67,94,104,138,180,180,180,220,220,220,220,247,247,247,247,247,247,7,32,32,32],"floor_reached":56,"language":"ENG","playtime":3767,"items_purged":["Strike_G","Strike_G","Defend_G","Strike_G"],"score":2186,"play_id":"85fc1690-4187-4fa0-a2c6-17af07f3c2ca","local_time":"20210204172901","is_ascension_mode":true,"campfire_choices":[{"floor":8.0,"key":"REST"},{"data":"Crippling Poison","floor":15.0,"key":"SMITH"},{"data":"Burst","floor":24.0,"key":"SMITH"},{"floor":32.0,"key":"REST"},{"floor":45.0,"key":"RECALL"},{"data":"Defend_G","floor":47.0,"key":"PURGE"},{"data":"Well Laid Plans","floor":49.0,"key":"SMITH"},{"data":"Defend_G","floor":53.0,"key":"PURGE"}],"circlet_count":0,"master_deck":["AscendersBane","Strike_G","Defend_G","Defend_G","Survivor","Neutralize","Blade Dance","Venomology","Leg Sweep","Dagger Spray","Blade Dance","After Image","Crippling Poison+1","Burst+1","Malaise","Escape Plan","Blade Dance","Phantasmal Killer","PiercingWail+1","Well Laid Plans+1","Tools of the Trade","Blade Dance","Adrenaline","Backflip","Catalyst+1","Backflip","Prepared+1","Calculated Gamble+1","Terror","Apotheosis"],"relics":["Ring of the Snake","Blood Vial","Orichalcum","CeramicFish","Regal Pillow","Lee\u0027s Waffle","Snake Skull","WristBlade","Lantern","Art of War","Anchor","Turnip","Ornamental Fan","Philosopher\u0027s Stone","Girya","Peace Pipe","Smiling Mask","Sundial","Bottled Tornado"],"acts_visited":["Exordium","TheCity","TheBeyond","TheEnding"],"potions_floor_usage":[55,55,56,56],"damage_taken":[{"damage":3.0,"enemies":"Cultist","floor":1.0,"turns":5.0},{"damage":2.0,"enemies":"Jaw Worm","floor":2.0,"turns":4.0},{"damage":0.0,"enemies":"2 Louse","floor":3.0,"turns":3.0},{"damage":9.0,"enemies":"Blue Slaver","floor":4.0,"turns":5.0},{"damage":5.0,"enemies":"Red Slaver","floor":5.0,"turns":4.0},{"damage":5.0,"enemies":"Gremlin Nob","floor":6.0,"turns":3.0},{"damage":3.0,"enemies":"Exordium Wildlife","floor":7.0,"turns":4.0},{"damage":5.0,"enemies":"3 Sentries","floor":10.0,"turns":5.0},{"damage":0.0,"enemies":"3 Louse","floor":11.0,"turns":2.0},{"damage":19.0,"enemies":"Lagavulin","floor":12.0,"turns":5.0},{"damage":12.0,"enemies":"The Guardian","floor":16.0,"turns":10.0},{"damage":9.0,"enemies":"Spheric Guardian","floor":18.0,"turns":5.0},{"damage":5.0,"enemies":"3 Byrds","floor":19.0,"turns":5.0},{"damage":15.0,"enemies":"Shelled Parasite and Fungi","floor":20.0,"turns":4.0},{"damage":1.0,"enemies":"Snecko","floor":21.0,"turns":4.0},{"damage":12.0,"enemies":"Chosen and Byrds","floor":22.0,"turns":5.0},{"damage":21.0,"enemies":"Book of Stabbing","floor":23.0,"turns":6.0},{"damage":1.0,"enemies":"Gremlin Leader","floor":25.0,"turns":4.0},{"damage":38.0,"enemies":"Book of Stabbing","floor":27.0,"turns":5.0},{"damage":0.0,"enemies":"Centurion and Healer","floor":28.0,"turns":3.0},{"damage":0.0,"enemies":"Snecko","floor":29.0,"turns":2.0},{"damage":6.0,"enemies":"Cultist and Chosen","floor":31.0,"turns":9.0},{"damage":0.0,"enemies":"Automaton","floor":33.0,"turns":10.0},{"damage":0.0,"enemies":"3 Shapes","floor":35.0,"turns":5.0},{"damage":20.0,"enemies":"2 Orb Walkers","floor":36.0,"turns":5.0},{"damage":0.0,"enemies":"Orb Walker","floor":38.0,"turns":3.0},{"damage":0.0,"enemies":"3 Darklings","floor":39.0,"turns":4.0},{"damage":0.0,"enemies":"Mind Bloom Boss Battle","floor":40.0,"turns":6.0},{"damage":0.0,"enemies":"Reptomancer","floor":41.0,"turns":6.0},{"damage":13.0,"enemies":"Giant Head","floor":44.0,"turns":7.0},{"damage":9.0,"enemies":"Writhing Mass","floor":48.0,"turns":6.0},{"damage":50.0,"enemies":"Donu and Deca","floor":50.0,"turns":11.0},{"damage":4.0,"enemies":"Awakened One","floor":51.0,"turns":16.0},{"damage":34,"enemies":"Shield and Spear","floor":55,"turns":12},{"damage":39,"enemies":"The Heart","floor":56,"turns":2}],"seed_played":"-2215780181139044977","potions_obtained":[{"floor":3.0,"key":"Poison Potion"},{"floor":6.0,"key":"ColorlessPotion"},{"floor":11.0,"key":"FairyPotion"},{"floor":16.0,"key":"Swift Potion"},{"floor":19.0,"key":"AttackPotion"},{"floor":25.0,"key":"Swift Potion"},{"floor":28.0,"key":"BlessingOfTheForge"},{"floor":29.0,"key":"Strength Potion"},{"floor":36.0,"key":"Regen Potion"},{"floor":38.0,"key":"Strength Potion"},{"floor":44.0,"key":"AttackPotion"},{"floor":55,"key":"SpeedPotion"}],"is_trial":false,"path_per_floor":["M","M","M","M","M","E","M","R","T","E","M","E","?","$","R","B",null,"M","M","M","M","M","E","R","E","T","E","M","M","$","M","R","B",null,"M","?","$","M","M","?","E","?","T","E","R","?","R","M","R","B","B",null,"R","$","E","B"],"character_chosen":"THE_SILENT","items_purchased":["Burst","Lee\u0027s Waffle","Snake Skull","Ornamental Fan","Apotheosis"],"campfire_rested":2,"item_purchase_floors":[14,14,14,30,54],"current_hp_per_floor":[41,39,39,30,25,20,19,38,38,35,37,20,20,73,73,61,70,63,60,47,48,38,19,19,20,20,7,9,11,11,7,43,45,66,68,50,50,64,66,68,70,70,70,59,59,59,59,52,52,4,2,52,52,52,35,0,0],"gold":32,"neow_bonus":"TWO_FIFTY_GOLD","is_daily":false,"chose_seed":false,"campfire_upgraded":3,"win_rate":0.0,"timestamp":1612477741,"path_taken":["M","?","M","M","M","E","M","R","T","E","M","E","?","$","R","BOSS","M","M","M","M","M","E","R","E","T","E","M","M","$","?","R","BOSS","M","?","$","M","M","?","E","?","T","E","R","?","R","M","R","BOSS","BOSS","R","$","E","BOSS"],"items_purchased_type":["Card","Relic","Relic","Relic","Card"],"build_version":"2020-12-22","purchased_purges":4,"victory":false,"max_hp_per_floor":[66,66,66,66,66,66,66,66,66,66,66,66,66,73,73,73,73,73,73,73,73,73,73,73,73,73,73,73,73,73,73,73,73,73,73,73,73,73,73,73,73,73,73,73,73,69,69,69,69,69,69,69,69,69,69,69,69],"relic_stats":{"Regal Pillow":15,"Lee\u0027s Waffle":53,"counters":[35,195],"CeramicFish":162,"Snake Skull":[51],"Orichalcum":[108],"Smiling Mask":100,"Blood Vial":56,"Peace Pipe":3,"Ornamental Fan":[496],"Sundial":[10],"Turnip":[6],"Art of War":[18],"obtain_stats":[{"Girya":36,"Regal Pillow":12,"Lee\u0027s Waffle":14,"Lantern":23,"CeramicFish":10,"Snake Skull":14,"Orichalcum":9,"Bottled Tornado":55,"Smiling Mask":41,"Blood Vial":6,"Peace Pipe":40,"Anchor":26,"WristBlade":17,"Ornamental Fan":30,"Sundial":44,"Philosopher\u0027s Stone":34,"Turnip":27,"Art of War":25,"Ring of the Snake":0},{"Girya":25,"Regal Pillow":10,"Lee\u0027s Waffle":10,"Lantern":17,"CeramicFish":8,"Snake Skull":10,"Orichalcum":7,"Bottled Tornado":34,"Smiling Mask":29,"Blood Vial":6,"Peace Pipe":28,"Anchor":18,"WristBlade":11,"Ornamental Fan":21,"Sundial":30,"Philosopher\u0027s Stone":23,"Turnip":19,"Art of War":18,"Ring of the Snake":0},{"Girya":122,"Regal Pillow":40,"Lee\u0027s Waffle":40,"Lantern":79,"CeramicFish":33,"Snake Skull":40,"Orichalcum":28,"Bottled Tornado":193,"Smiling Mask":141,"Blood Vial":24,"Peace Pipe":135,"Anchor":83,"WristBlade":50,"Ornamental Fan":93,"Sundial":148,"Philosopher\u0027s Stone":112,"Turnip":88,"Art of War":83,"Ring of the Snake":0}],"Ring of the Snake":[70]},"card_choices":[{"not_picked":["Underhanded Strike","Slice"],"picked":"Blade Dance","floor":1.0},{"not_picked":["Calculated Gamble","Sucker Punch"],"picked":"Venomology","floor":2.0},{"not_picked":["Dodge and Roll","Bane"],"picked":"Leg Sweep","floor":3.0},{"not_picked":["Underhanded Strike","Eviscerate"],"picked":"Dagger Spray","floor":4.0},{"not_picked":["Quick Slash","Riddle With Holes"],"picked":"Blade Dance","floor":5.0},{"not_picked":["Blade Dance","Deflect"],"picked":"After Image","floor":6.0},{"not_picked":["Bane","Deflect","Dagger Throw"],"picked":"SKIP","floor":7.0},{"not_picked":["Concentrate","Poisoned Stab","Underhanded Strike"],"picked":"SKIP","floor":10.0},{"not_picked":["Infinite Blades","All Out Attack","Dagger Throw"],"picked":"SKIP","floor":11.0},{"not_picked":["Masterful Stab","Expertise"],"picked":"Crippling Poison","floor":12.0},{"not_picked":["Venomology","Envenom"],"picked":"Malaise","floor":16.0},{"not_picked":["Catalyst","Deflect"],"picked":"Escape Plan","floor":18.0},{"not_picked":["Sucker Punch","Backstab"],"picked":"Blade Dance","floor":19.0},{"not_picked":["Quick Slash+1","Expertise"],"picked":"Phantasmal Killer","floor":20.0},{"not_picked":["Poisoned Stab+1","Dagger Throw"],"picked":"PiercingWail+1","floor":21.0},{"not_picked":["Bane","Reflex"],"picked":"Well Laid Plans","floor":22.0},{"not_picked":["Underhanded Strike","Quick Slash","Sucker Punch"],"picked":"SKIP","floor":23.0},{"not_picked":["PiercingWail","Dodge and Roll"],"picked":"Tools of the Trade","floor":25.0},{"not_picked":["Backflip","PiercingWail","Dodge and Roll"],"picked":"SKIP","floor":27.0},{"not_picked":["Poisoned Stab","Calculated Gamble"],"picked":"Blade Dance","floor":28.0},{"not_picked":["Concentrate","Dagger Spray","Reflex"],"picked":"SKIP","floor":29.0},{"not_picked":["Prepared","Slice","Bane"],"picked":"SKIP","floor":31.0},{"not_picked":["Bullet Time","Phantasmal Killer"],"picked":"Adrenaline","floor":33.0},{"not_picked":["Poisoned Stab","Dagger Throw","Tactician"],"picked":"SKIP","floor":35.0},{"not_picked":["Heel Hook","Poisoned Stab+1"],"picked":"Backflip","floor":36.0},{"not_picked":["Backflip","Outmaneuver"],"picked":"Catalyst+1","floor":38.0},{"not_picked":["Eviscerate","Bane+1","Backstab"],"picked":"SKIP","floor":39.0},{"not_picked":["Leg Sweep","Escape Plan"],"picked":"Backflip","floor":40.0},{"not_picked":["Outmaneuver+1","Deflect"],"picked":"Prepared+1","floor":41.0},{"not_picked":["Acrobatics","Flying Knee"],"picked":"Calculated Gamble+1","floor":44.0},{"not_picked":["Dagger Spray","Footwork"],"picked":"Terror","floor":48.0},{"not_picked":["Crippling Poison","Outmaneuver","Venomology"],"picked":"SKIP","floor":55}],"player_experience":2769585,"relics_obtained":[{"floor":6.0,"key":"Blood Vial"},{"floor":9.0,"key":"Orichalcum"},{"floor":10.0,"key":"CeramicFish"},{"floor":12.0,"key":"Regal Pillow"},{"floor":23.0,"key":"Lantern"},{"floor":25.0,"key":"Art of War"},{"floor":26.0,"key":"Anchor"},{"floor":27.0,"key":"Turnip"},{"floor":36.0,"key":"Girya"},{"floor":40.0,"key":"Peace Pipe"},{"floor":41.0,"key":"Smiling Mask"},{"floor":44.0,"key":"Sundial"},{"floor":55,"key":"Bottled Tornado"}],"event_choices":[{"damage_healed":0.0,"max_hp_gain":0.0,"max_hp_loss":0.0,"gold_gain":0.0,"event_name":"Match and Keep!","player_choice":"0 cards matched","floor":13.0,"gold_loss":0.0,"damage_taken":0.0,"cards_obtained":[]},{"damage_healed":0.0,"max_hp_gain":0.0,"max_hp_loss":0.0,"gold_gain":0.0,"event_name":"Mysterious Sphere","player_choice":"Fight","floor":36.0,"gold_loss":0.0,"damage_taken":0.0},{"damage_healed":0.0,"max_hp_gain":0.0,"max_hp_loss":0.0,"gold_gain":0.0,"event_name":"MindBloom","player_choice":"Fight","floor":40.0,"gold_loss":0.0,"damage_taken":0.0},{"cards_removed":["Strike_G"],"damage_healed":0.0,"max_hp_gain":0.0,"max_hp_loss":0.0,"gold_gain":0.0,"event_name":"Falling","player_choice":"Removed Attack","floor":42.0,"gold_loss":0.0,"damage_taken":0.0},{"damage_healed":0.0,"max_hp_gain":0.0,"max_hp_loss":4.0,"gold_gain":0.0,"event_name":"Winding Halls","player_choice":"Max HP","floor":46.0,"gold_loss":0.0,"damage_taken":0.0}],"is_beta":false,"boss_relics":[{"not_picked":["Busted Crown","Calling Bell"],"picked":"WristBlade"},{"not_picked":["Tiny House","Coffee Dripper"],"picked":"Philosopher\u0027s Stone"}],"items_purged_floors":[14,30,37,54],"is_endless":false,"potions_floor_spawned":[3,6,10,11,16,19,21,25,28,29,36,38,41,44,55],"killed_by":"The Heart","ascension_level":20}}