{"host":"qrt7o4dq2qslzw13","time":1612431082,"event":{"mods":["AchievementEnabler","BaseMod","Colored Map","Colored Powertips","Minty Spire (QoL Compilation)","Quick Restart","StSLib","SuperFastMode"],"gold_per_floor":[118,118,68,68,1,1,32,32,32,44,44,57,76,106,106,205,205,225,242,4,4,4,4,24,24,24,40,40,40,55,71,71,175,175,194,49,64,30,0,32,32,65,88,88,88,98,52,68,68,68],"floor_reached":51,"language":"ENG","playtime":877,"items_purged":[],"score":840,"play_id":"6397f4bb-c575-4244-bb05-a886066d2c5e","local_time":"20210204043122","is_ascension_mode":true,"campfire_choices":[{"data":"Zap","floor":6,"key":"SMITH"},{"data":"Dualcast","floor":8,"key":"SMITH"},{"data":"Ball Lightning","floor":11,"key":"SMITH"},{"floor":15,"key":"REST"},{"data":"Buffer","floor":23,"key":"SMITH"},{"floor":25,"key":"REST"},{"floor":28,"key":"REST"},{"floor":32,"key":"REST"},{"floor":41,"key":"REST"},{"floor":49,"key":"REST"}],"circlet_count":0,"master_deck":["Strike_B","Strike_B","Defend_B","Defend_B","Defend_B","Defend_B","Zap+1","Dualcast+1","Loop+1","Force Field","Storm","Ball Lightning+1","Storm","Redo","Buffer+1","Conserve Battery","White Noise","Electrodynamics+1","Auto Shields+1","Genetic Algorithm","Echo Form+1","Loop+1","Amplify","Reinforced Body+1","Capacitor+1","Loop+1","Madness","Panache+1","Deep Breath","Capacitor+1","Barrage"],"relics":["Cracked Core","NeowsBlessing","DataDisk","Bottled Lightning","Potion Belt","Inserter","Mummified Hand","Frozen Egg 2","Spirit Poop","Darkstone Periapt","Nuclear Battery","Red Mask","Vajra","PreservedInsect","MealTicket"],"acts_visited":["Exordium","TheCity","TheBeyond"],"potions_floor_usage":[48,48,50,50,50,50],"damage_taken":[{"damage":0,"enemies":"2 Louse","floor":1,"turns":1},{"damage":0,"enemies":"Gremlin Nob","floor":7,"turns":1},{"damage":0,"enemies":"Small Slimes","floor":10,"turns":1},{"damage":0,"enemies":"Cultist","floor":12,"turns":2},{"damage":8,"enemies":"Large Slime","floor":13,"turns":3},{"damage":18,"enemies":"Lagavulin","floor":14,"turns":4},{"damage":16,"enemies":"The Guardian","floor":16,"turns":8},{"damage":13,"enemies":"Shell Parasite","floor":18,"turns":6},{"damage":8,"enemies":"3 Byrds","floor":19,"turns":4},{"damage":19,"enemies":"3 Cultists","floor":24,"turns":5},{"damage":12,"enemies":"Snake Plant","floor":27,"turns":3},{"damage":0,"enemies":"Snecko","floor":30,"turns":5},{"damage":8,"enemies":"Centurion and Healer","floor":31,"turns":3},{"damage":13,"enemies":"Collector","floor":33,"turns":7},{"damage":18,"enemies":"3 Darklings","floor":35,"turns":3},{"damage":1,"enemies":"3 Shapes","floor":37,"turns":2},{"damage":14,"enemies":"Reptomancer","floor":40,"turns":5},{"damage":4,"enemies":"Giant Head","floor":42,"turns":7},{"damage":30,"enemies":"Maw","floor":46,"turns":7},{"damage":9,"enemies":"Jaw Worm Horde","floor":48,"turns":3},{"damage":37,"enemies":"Time Eater","floor":50,"turns":8}],"seed_played":"5686020336556188184","potions_obtained":[{"floor":1,"key":"Swift Potion"},{"floor":4,"key":"Block Potion"},{"floor":4,"key":"DuplicationPotion"},{"floor":14,"key":"Explosive Potion"},{"floor":16,"key":"BlessingOfTheForge"},{"floor":27,"key":"PowerPotion"},{"floor":48,"key":"Block Potion"}],"is_trial":false,"path_per_floor":["M","?","?","?","$","R","E","R","T","M","R","M","M","E","R","B",null,"M","M","$","?","?","R","M","R","T","M","R","$","M","M","R","B",null,"M","$","M","$","?","E","R","E","T","?","?","M","$","M","R","B",null],"character_chosen":"DEFECT","items_purchased":["Force Field","Mummified Hand","Amplify","Capacitor+1","Barrage"],"campfire_rested":6,"item_purchase_floors":[5,20,36,38,47],"current_hp_per_floor":[75,75,75,75,75,75,75,75,75,75,75,75,67,49,71,55,75,62,54,54,54,54,54,35,57,57,45,67,67,67,59,75,62,75,57,57,56,56,56,42,64,60,60,50,50,20,35,26,48,11],"gold":68,"neow_bonus":"THREE_ENEMY_KILL","is_daily":false,"chose_seed":false,"campfire_upgraded":4,"win_rate":0.0,"timestamp":1612431082,"path_taken":["M","?","?","?","$","R","E","R","T","M","R","M","M","E","R","BOSS","M","?","$","?","?","R","M","R","T","M","R","$","?","?","R","BOSS","M","$","M","$","?","E","R","E","T","?","?","M","?","M","R","BOSS"],"items_purchased_type":["Card","Relic","Card","Card","Card"],"build_version":"2020-12-22","purchased_purges":0,"victory":true,"max_hp_per_floor":[75,75,75,75,75,75,75,75,75,75,75,75,75,75,75,75,75,75,75,75,75,75,75,75,75,75,75,75,75,75,75,75,75,75,75,75,75,75,75,75,75,75,75,75,75,75,75,75,75,75],"card_choices":[{"not_picked":["Steam Power","Stack"],"picked":"Loop","floor":1},{"not_picked":["FTL","Stack"],"picked":"Storm","floor":7},{"not_picked":["Sweeping Beam","Steam"],"picked":"Ball Lightning","floor":10},{"not_picked":["Chill","Recycle"],"picked":"Storm","floor":12},{"not_picked":["Darkness","Hologram","Barrage"],"picked":"SKIP","floor":13},{"not_picked":["Reinforced Body","Hologram"],"picked":"Redo","floor":14},{"not_picked":["Machine Learning","Creative AI"],"picked":"Buffer","floor":16},{"not_picked":["Rebound","Beam Cell"],"picked":"Conserve Battery","floor":18},{"not_picked":["Ball Lightning","Conserve Battery"],"picked":"White Noise","floor":19},{"not_picked":["Stack","Doom and Gloom","Turbo"],"picked":"SKIP","floor":24},{"not_picked":["Redo","Gash"],"picked":"Electrodynamics+1","floor":27},{"not_picked":["Streamline","Stack"],"picked":"Auto Shields+1","floor":30},{"not_picked":["Coolheaded","Barrage"],"picked":"Genetic Algorithm","floor":31},{"not_picked":["Rainbow","All For One"],"picked":"Echo Form+1","floor":33},{"not_picked":["Hologram","Genetic Algorithm"],"picked":"Loop+1","floor":35},{"not_picked":["Glacier+1","Beam Cell"],"picked":"Reinforced Body+1","floor":37},{"not_picked":["Sweeping Beam","Scrape+1","All For One"],"picked":"SKIP","floor":40},{"not_picked":["Fusion","Turbo+1"],"picked":"Loop+1","floor":42},{"not_picked":["The Bomb","Panache+1"],"picked":"Madness","floor":44},{"not_picked":["Panacea","Mayhem+1"],"picked":"Panache+1","floor":44},{"not_picked":["Flash of Steel","PanicButton"],"picked":"Deep Breath","floor":44},{"not_picked":["Sweeping Beam","Conserve Battery+1"],"picked":"Capacitor+1","floor":46},{"not_picked":["Blizzard","Stack","Cold Snap"],"picked":"SKIP","floor":48}],"player_experience":619310,"relics_obtained":[{"floor":7,"key":"DataDisk"},{"floor":9,"key":"Bottled Lightning"},{"floor":14,"key":"Potion Belt"},{"floor":26,"key":"Darkstone Periapt"},{"floor":40,"key":"Vajra"},{"floor":42,"key":"PreservedInsect"},{"floor":43,"key":"MealTicket"}],"event_choices":[{"damage_healed":0,"gold_gain":0,"player_choice":"Grow","damage_taken":0,"max_hp_gain":0,"max_hp_loss":0,"event_name":"Living Wall","floor":2,"gold_loss":0,"cards_upgraded":["Loop"]},{"cards_removed":["Strike_B"],"damage_healed":0,"gold_gain":0,"player_choice":"Card Removal","damage_taken":0,"max_hp_gain":0,"max_hp_loss":0,"event_name":"The Cleric","floor":3,"gold_loss":50},{"damage_healed":0,"gold_gain":0,"player_choice":"Got Potions","damage_taken":0,"max_hp_gain":0,"max_hp_loss":0,"event_name":"Lab","floor":4,"gold_loss":0},{"damage_healed":0,"gold_gain":0,"player_choice":"Opened","damage_taken":0,"relics_obtained":["Frozen Egg 2"],"max_hp_gain":0,"max_hp_loss":0,"event_name":"The Mausoleum","floor":21,"gold_loss":0,"cards_obtained":["Writhe"]},{"cards_removed":["Writhe"],"damage_healed":0,"gold_gain":0,"player_choice":"Offered Curse","damage_taken":0,"relics_obtained":["Spirit Poop"],"max_hp_gain":0,"max_hp_loss":0,"event_name":"Bonfire Elementals","floor":22,"gold_loss":0},{"damage_healed":0,"gold_gain":0,"player_choice":"Paid","damage_taken":0,"relics_obtained":["Red Mask"],"max_hp_gain":0,"max_hp_loss":0,"event_name":"Tomb of Lord Red Mask","floor":39,"gold_loss":30},{"damage_healed":0,"gold_gain":0,"player_choice":"Memory 3","damage_taken":10,"max_hp_gain":0,"max_hp_loss":0,"event_name":"SensoryStone","floor":44,"gold_loss":0},{"cards_removed":["Strike_B"],"damage_healed":0,"gold_gain":0,"player_choice":"Removed Attack","damage_taken":0,"max_hp_gain":0,"max_hp_loss":0,"event_name":"Falling","floor":45,"gold_loss":0}],"is_beta":false,"boss_relics":[{"not_picked":["Sozu","Black Star"],"picked":"Inserter"},{"not_picked":["Coffee Dripper","Empty Cage"],"picked":"Nuclear Battery"}],"items_purged_floors":[],"is_endless":false,"potions_floor_spawned":[1,12,13,14,16,18,19,27,33,35,46,48],"ascension_level":3}}