{"host":"06gxn1c1bsk424jw","time":1612453543,"event":{"mods":["BaseMod","DeckTracker","Minty Spire (QoL Compilation)","SuperFastMode"],"gold_per_floor":[118,129,204,53,53,53,66,82,106,106,116,14,44,79,79,79,79],"floor_reached":16,"language":"KOR","playtime":787,"items_purged":["Strike_G"],"score":160,"play_id":"5487615e-4628-466d-b9b7-d48f327d16e4","local_time":"20210205004543","is_ascension_mode":true,"campfire_choices":[{"floor":6,"key":"REST"},{"floor":10,"key":"REST"},{"floor":15,"key":"REST"}],"circlet_count":0,"master_deck":["AscendersBane","Strike_G","Strike_G","Strike_G","Defend_G","Defend_G","Defend_G","Defend_G","Survivor","Neutralize","Dagger Spray","Slice","Poisoned Stab","Caltrops","Infinite Blades","Backstab","Flying Knee","Backflip"],"relics":["Ring of the Snake","Chemical X","Pen Nib","Happy Flower"],"acts_visited":["Exordium"],"potions_floor_usage":[16],"damage_taken":[{"damage":1,"enemies":"2 Louse","floor":1,"turns":4},{"damage":0,"enemies":"Cultist","floor":2,"turns":3},{"damage":7,"enemies":"Jaw Worm","floor":7,"turns":3},{"damage":14,"enemies":"Looter","floor":8,"turns":3},{"damage":0,"enemies":"2 Fungi Beasts","floor":11,"turns":3},{"damage":26,"enemies":"Gremlin Nob","floor":14,"turns":4},{"damage":52,"enemies":"Hexaghost","floor":16,"turns":9}],"seed_played":"2684163494070348978","potions_obtained":[{"floor":1,"key":"SmokeBomb"},{"floor":7,"key":"PowerPotion"},{"floor":8,"key":"LiquidMemories"}],"is_trial":false,"path_per_floor":["M","M","?","$","?","R","M","M","T","R","M","$","?","E","R","B"],"character_chosen":"THE_SILENT","items_purchased":["Chemical X","Flying Knee"],"campfire_rested":3,"item_purchase_floors":[4,12],"current_hp_per_floor":[44,44,33,33,33,54,47,33,33,54,54,54,54,28,49,0,0],"gold":79,"neow_bonus":"REMOVE_TWO","is_daily":false,"chose_seed":false,"campfire_upgraded":0,"win_rate":0.0,"timestamp":1612453543,"path_taken":["M","M","?","$","?","R","?","?","T","R","M","?","?","E","R","BOSS"],"items_purchased_type":["Relic","Card"],"build_version":"2020-12-22","purchased_purges":1,"victory":false,"max_hp_per_floor":[70,70,70,70,70,70,70,70,70,70,70,70,70,70,70,70,70],"card_choices":[{"not_picked":["Calculated Gamble","Concentrate"],"picked":"Dagger Spray","floor":1},{"not_picked":["Flechettes","Backflip"],"picked":"Slice","floor":2},{"not_picked":["Heel Hook","Flying Knee"],"picked":"Infinite Blades","floor":7},{"not_picked":["Prepared","Predator","Flying Knee"],"picked":"SKIP","floor":8},{"not_picked":["Backflip","Well Laid Plans"],"picked":"Backstab","floor":11},{"not_picked":["Poisoned Stab","Cloak And Dagger"],"picked":"Backflip","floor":14}],"player_experience":740003,"relics_obtained":[{"floor":9,"key":"Pen Nib"},{"floor":14,"key":"Happy Flower"}],"event_choices":[{"damage_healed":0,"gold_gain":75,"player_choice":"Gather Gold","damage_taken":11,"max_hp_gain":0,"max_hp_loss":0,"event_name":"World of Goop","floor":3,"gold_loss":0},{"damage_healed":0,"gold_gain":0,"player_choice":"2 cards matched","damage_taken":0,"max_hp_gain":0,"max_hp_loss":0,"event_name":"Match and Keep!","floor":5,"gold_loss":0,"cards_obtained":["Poisoned Stab","Caltrops"]},{"damage_healed":0,"gold_gain":30,"player_choice":"Searched \u00272\u0027 times","damage_taken":0,"max_hp_gain":0,"max_hp_loss":0,"event_name":"Dead Adventurer","floor":13,"gold_loss":0}],"is_beta":false,"boss_relics":[],"items_purged_floors":[12],"is_endless":false,"potions_floor_spawned":[1,7,8,14],"killed_by":"Hexaghost","ascension_level":12}}