{"host":"zxkjcgzis4pm3za5","time":1612412987,"event":{"mods":["AchievementEnabler","Act Like it!","BaseMod","Colored Map","Colored Powertips","Friendly Minions","GifTheSpireLib","Minty Spire (QoL Compilation)","Quick Restart","Random Character Button","Relic Sorter","Relic Stats","StSLib"],"gold_per_floor":[115,115,127,139,157,157,188,188,188,0,0,11,29,46,46,120,120,130,130,154,171,171,171],"floor_reached":22,"language":"ENG","playtime":617,"items_purged":["Pain"],"score":357,"play_id":"6e6bb009-b19e-4cb3-ae89-941dc271740c","local_time":"20210204095947","is_ascension_mode":true,"campfire_choices":[{"floor":6,"key":"REST"},{"floor":8,"key":"RECALL"},{"floor":11,"key":"REST"},{"floor":15,"key":"REST"}],"circlet_count":0,"master_deck":["AscendersBane","Strike_B","Strike_B","Strike_B","Strike_B","Defend_B","Defend_B","Defend_B","Defend_B","Zap","Dualcast","Doom and Gloom","Chill","Streamline","Ball Lightning","Leap","FTL","Gash","Gash","All For One","Beam Cell"],"relics":["Fusion Hammer","WarpedTongs","Juzu Bracelet","Shuriken","Membership Card","Inserter","Bag of Preparation"],"acts_visited":["Exordium","TheCity"],"potions_floor_usage":[16,18,22],"damage_taken":[{"damage":0,"enemies":"2 Louse","floor":1,"turns":3},{"damage":2,"enemies":"Cultist","floor":3,"turns":3},{"damage":5,"enemies":"Jaw Worm","floor":4,"turns":3},{"damage":18,"enemies":"3 Louse","floor":5,"turns":2},{"damage":18,"enemies":"Lagavulin","floor":7,"turns":6},{"damage":11,"enemies":"Gremlin Gang","floor":12,"turns":4},{"damage":0,"enemies":"Large Slime","floor":13,"turns":3},{"damage":14,"enemies":"3 Louse","floor":14,"turns":2},{"damage":27,"enemies":"Hexaghost","floor":16,"turns":8},{"damage":18,"enemies":"2 Thieves","floor":18,"turns":3},{"damage":17,"enemies":"Spheric Guardian","floor":21,"turns":4},{"damage":29,"enemies":"Shelled Parasite and Fungi","floor":22,"turns":2}],"seed_played":"6578996738631395671","potions_obtained":[{"floor":1,"key":"DuplicationPotion"},{"floor":4,"key":"Swift Potion"},{"floor":16,"key":"Swift Potion"},{"floor":21,"key":"Explosive Potion"}],"is_trial":false,"path_per_floor":["M","?","M","M","M","R","E","R","T","$","R","M","M","M","R","B",null,"M","?","T","M","M"],"character_chosen":"DEFECT","items_purchased":["Membership Card"],"campfire_rested":3,"item_purchase_floors":[10],"current_hp_per_floor":[64,64,62,57,39,60,42,42,42,42,63,52,52,38,59,32,61,43,43,43,26,0,0],"gold":171,"neow_bonus":"BOSS_RELIC","is_daily":false,"chose_seed":false,"campfire_upgraded":0,"win_rate":0.0,"timestamp":1612412987,"path_taken":["M","?","M","?","M","R","E","R","T","$","R","M","M","M","R","BOSS","M","?","?","M","M"],"items_purchased_type":["Relic"],"build_version":"2020-12-22","purchased_purges":1,"victory":false,"max_hp_per_floor":[71,71,71,71,71,71,71,71,71,71,71,71,71,71,71,71,71,71,71,71,71,71,71],"relic_stats":{"Inserter":[4],"counters":[12,43],"Shuriken":[12],"Juzu Bracelet":0,"Bag of Preparation":[4],"obtain_stats":[{"Inserter":17,"Shuriken":9,"Fusion Hammer":0,"Juzu Bracelet":7,"Bag of Preparation":20,"Membership Card":10,"Cracked Core":0,"WarpedTongs":2},{"Inserter":9,"Shuriken":5,"Fusion Hammer":0,"Juzu Bracelet":5,"Bag of Preparation":10,"Membership Card":5,"Cracked Core":0,"WarpedTongs":1},{"Inserter":34,"Shuriken":17,"Fusion Hammer":0,"Juzu Bracelet":17,"Bag of Preparation":37,"Membership Card":17,"Cracked Core":0,"WarpedTongs":3}],"WarpedTongs":[40]},"card_choices":[{"not_picked":["Turbo","White Noise"],"picked":"Doom and Gloom","floor":1},{"not_picked":["Compile Driver","Sunder"],"picked":"Chill","floor":3},{"not_picked":["Recycle","Conserve Battery"],"picked":"Streamline","floor":4},{"not_picked":["Sunder","Coolheaded"],"picked":"Ball Lightning","floor":5},{"not_picked":["Blizzard","Barrage"],"picked":"Leap","floor":7},{"not_picked":["Leap","Steam"],"picked":"FTL","floor":12},{"not_picked":["Redo","White Noise"],"picked":"Gash","floor":13},{"not_picked":["Redo","Auto Shields"],"picked":"Gash","floor":14},{"not_picked":["Echo Form","Creative AI"],"picked":"All For One","floor":16},{"not_picked":["Cold Snap","Steam"],"picked":"Beam Cell","floor":18},{"not_picked":["Beam Cell","Turbo","Tempest"],"picked":"SKIP","floor":21}],"player_experience":313980,"relics_obtained":[{"floor":7,"key":"Juzu Bracelet"},{"floor":9,"key":"Shuriken"},{"floor":20,"key":"Bag of Preparation"}],"event_choices":[{"damage_healed":0,"gold_gain":0,"player_choice":"Rummage","damage_taken":0,"relics_obtained":["WarpedTongs"],"max_hp_gain":0,"max_hp_loss":0,"event_name":"Accursed Blacksmith","floor":2,"gold_loss":0,"cards_obtained":["Pain"]},{"damage_healed":0,"gold_gain":0,"player_choice":"Ignored","damage_taken":0,"max_hp_gain":0,"max_hp_loss":0,"event_name":"Cursed Tome","floor":19,"gold_loss":0}],"is_beta":false,"boss_relics":[{"not_picked":["Velvet Choker","SacredBark"],"picked":"Inserter"}],"items_purged_floors":[10],"is_endless":false,"potions_floor_spawned":[1,4,12,16,21],"killed_by":"Shelled Parasite and Fungi","ascension_level":18}}