{"host":"072lmn9sfokvtood","time":1612410645,"event":{"mods":["BaseMod","Colored Powertips","Curses Come First","Minty Spire (QoL Compilation)","StSLib"],"gold_per_floor":[109,184,35,55,55,87,87,12,12,12,12,12,47,57,57,161,161,173,187,187,187,205,205,225,241,241,241,156,167,177,195,195,291,291,307,307,321,321,321,321],"floor_reached":39,"language":"ENG","playtime":2410,"items_purged":[],"score":411,"play_id":"1ef7fe8d-5c18-4223-bc31-89ca1e57fabe","local_time":"20210203215045","is_ascension_mode":true,"campfire_choices":[{"floor":7,"key":"REST"},{"floor":12,"key":"REST"},{"floor":15,"key":"REST"},{"floor":23,"key":"REST"},{"floor":32,"key":"REST"}],"circlet_count":0,"master_deck":["Strike_P+1","Strike_P+1","Strike_P+1","Strike_P+1","Defend_P+1","Defend_P+1","Defend_P+1","Defend_P+1","Eruption","Vigilance","CrushJoints","FlurryOfBlows","CutThroughFate","Prostrate","ClearTheMind","Parasite","TalkToTheHand","Consecrate","Judgement","CurseOfTheBell","Evaluate+1","WindmillStrike","Judgement","Conclude+1","ConjureBlade","DeusExMachina","DevaForm"],"relics":["HolyWater","Blood Vial","Damaru","Potion Belt","HornCleat","Bottled Flame","Calling Bell","Juzu Bracelet","Meat on the Bone","Lizard Tail","Dream Catcher","Sundial"],"acts_visited":["Exordium","TheCity","TheBeyond"],"potions_floor_usage":[16,16,33,33,35],"damage_taken":[{"damage":0,"enemies":"Cultist","floor":1,"turns":4},{"damage":3,"enemies":"Jaw Worm","floor":4,"turns":3},{"damage":56,"enemies":"Gremlin Nob","floor":6,"turns":6},{"damage":19,"enemies":"3 Sentries","floor":13,"turns":9},{"damage":0,"enemies":"Small Slimes","floor":14,"turns":2},{"damage":49,"enemies":"The Guardian","floor":16,"turns":12},{"damage":18,"enemies":"Chosen","floor":18,"turns":7},{"damage":5,"enemies":"3 Byrds","floor":19,"turns":5},{"damage":19,"enemies":"Snake Plant","floor":22,"turns":7},{"damage":48,"enemies":"Shelled Parasite and Fungi","floor":24,"turns":5},{"damage":0,"enemies":"Sentry and Sphere","floor":25,"turns":3},{"damage":20,"enemies":"Centurion and Healer","floor":29,"turns":5},{"damage":20,"enemies":"Snecko","floor":30,"turns":6},{"damage":0,"enemies":"3 Cultists","floor":31,"turns":4},{"damage":76,"enemies":"Collector","floor":33,"turns":8},{"damage":9,"enemies":"3 Darklings","floor":35,"turns":6},{"damage":7,"enemies":"Orb Walker","floor":37,"turns":3},{"damage":69,"enemies":"Maw","floor":39,"turns":8}],"seed_played":"6654398246135143062","potions_obtained":[{"floor":13,"key":"Ancient Potion"},{"floor":14,"key":"FearPotion"},{"floor":25,"key":"LiquidMemories"},{"floor":30,"key":"PowerPotion"},{"floor":31,"key":"Fire Potion"},{"floor":33,"key":"Swift Potion"},{"floor":35,"key":"GamblersBrew"}],"is_trial":false,"path_per_floor":["M","?","$","M","T","E","R","$","T","?","$","R","E","M","R","B",null,"M","M","?","?","M","R","M","M","T","?","?","M","M","M","R","B",null,"M","?","M","?","M"],"character_chosen":"WATCHER","items_purchased":["Damaru","Prostrate","ClearTheMind"],"campfire_rested":5,"item_purchase_floors":[3,8,8],"current_hp_per_floor":[72,61,61,60,60,6,27,27,27,45,45,66,49,51,72,23,72,54,51,51,51,46,67,33,47,47,47,47,41,35,37,58,48,72,63,63,58,58,0,0],"gold":321,"neow_bonus":"RANDOM_COMMON_RELIC","is_daily":false,"chose_seed":false,"campfire_upgraded":0,"win_rate":0.0,"timestamp":1612410645,"path_taken":["M","?","$","M","?","E","R","$","T","?","$","R","E","M","R","BOSS","M","M","?","?","M","R","M","M","T","?","?","M","M","M","R","BOSS","M","?","M","?","M"],"items_purchased_type":["Relic","Card","Card"],"build_version":"2020-12-22","purchased_purges":0,"victory":false,"max_hp_per_floor":[72,72,72,72,72,72,72,72,72,72,72,72,72,72,72,72,72,72,72,72,72,72,72,72,72,72,72,72,72,72,72,72,72,72,72,68,68,68,68,68],"card_choices":[{"not_picked":["FlyingSleeves","Prostrate"],"picked":"CrushJoints","floor":1},{"not_picked":["EmptyMind","EmptyFist"],"picked":"FlurryOfBlows","floor":4},{"not_picked":["ThirdEye","FlyingSleeves"],"picked":"CutThroughFate","floor":6},{"not_picked":["JustLucky","Crescendo"],"picked":"TalkToTheHand","floor":13},{"not_picked":["Vault","Protect"],"picked":"Consecrate","floor":14},{"not_picked":["Scrawl","Establishment"],"picked":"Judgement","floor":16},{"not_picked":["EmptyFist","Crescendo+1"],"picked":"Evaluate+1","floor":18},{"not_picked":["ConjureBlade","ThirdEye"],"picked":"WindmillStrike","floor":19},{"not_picked":["EmptyFist+1","Protect","PathToVictory"],"picked":"SKIP","floor":22},{"not_picked":["ClearTheMind","DeceiveReality","FlyingSleeves"],"picked":"SKIP","floor":24},{"not_picked":["Protect","SashWhip","Crescendo"],"picked":"SKIP","floor":25},{"not_picked":["Nirvana+1","CutThroughFate"],"picked":"Conclude+1","floor":29},{"not_picked":["CutThroughFate","ClearTheMind","FlyingSleeves"],"picked":"SKIP","floor":30},{"not_picked":["BowlingBash","PathToVictory"],"picked":"ConjureBlade","floor":31},{"not_picked":["Devotion","Omniscience"],"picked":"DeusExMachina","floor":33},{"not_picked":["Protect+1","JustLucky","Evaluate"],"picked":"SKIP","floor":35},{"not_picked":["Evaluate","PathToVictory+1"],"picked":"DevaForm","floor":37}],"player_experience":262848,"relics_obtained":[{"floor":6,"key":"Potion Belt"},{"floor":9,"key":"HornCleat"},{"floor":13,"key":"Bottled Flame"},{"floor":17,"key":"Juzu Bracelet"},{"floor":17,"key":"Meat on the Bone"},{"floor":17,"key":"Lizard Tail"},{"floor":26,"key":"Dream Catcher"}],"event_choices":[{"damage_healed":0,"gold_gain":75,"player_choice":"Gather Gold","damage_taken":11,"max_hp_gain":0,"max_hp_loss":0,"event_name":"World of Goop","floor":2,"gold_loss":0},{"damage_healed":18,"gold_gain":0,"player_choice":"Healed and dodged fight","damage_taken":0,"max_hp_gain":0,"max_hp_loss":0,"event_name":"Mushrooms","floor":10,"gold_loss":0,"cards_obtained":["Parasite"]},{"damage_healed":0,"gold_gain":0,"player_choice":"Copied","damage_taken":0,"max_hp_gain":0,"max_hp_loss":0,"event_name":"Duplicator","floor":20,"gold_loss":0,"cards_obtained":["Judgement"]},{"damage_healed":0,"gold_gain":0,"player_choice":"Simplicity","damage_taken":0,"max_hp_gain":0,"max_hp_loss":0,"event_name":"Back to Basics","floor":21,"gold_loss":0,"cards_upgraded":["Strike_P","Strike_P","Strike_P","Strike_P","Defend_P","Defend_P","Defend_P","Defend_P"]},{"damage_healed":0,"gold_gain":0,"player_choice":"Ignored","damage_taken":0,"max_hp_gain":0,"max_hp_loss":0,"event_name":"Beggar","floor":27,"gold_loss":0},{"damage_healed":0,"gold_gain":0,"player_choice":"Obtained Relic","damage_taken":0,"relics_obtained":["Sundial"],"max_hp_gain":0,"max_hp_loss":0,"event_name":"Addict","floor":28,"gold_loss":85},{"damage_healed":0,"gold_gain":0,"player_choice":"Max HP","damage_taken":0,"max_hp_gain":0,"max_hp_loss":4,"event_name":"Winding Halls","floor":36,"gold_loss":0},{"damage_healed":0,"gold_gain":0,"player_choice":"Memory 1","damage_taken":0,"max_hp_gain":0,"max_hp_loss":0,"event_name":"SensoryStone","floor":38,"gold_loss":0}],"is_beta":false,"boss_relics":[{"not_picked":["Philosopher\u0027s Stone","Velvet Choker"],"picked":"Calling Bell"},{"not_picked":["Runic Pyramid","VioletLotus"],"picked":"HolyWater"}],"items_purged_floors":[],"is_endless":false,"potions_floor_spawned":[13,14,25,30,31,33,35],"killed_by":"Maw","ascension_level":1}}