{"host":"j4g6ia6asvpyu2b0","time":1612483001,"event":{"mods":["BaseMod","Colored Map","Downfall","Minty Spire (QoL Compilation)","Permanent Neow","Quick Restart","Relic Stats","StSLib","Unceasing Turn Reminder"],"gold_per_floor":[99,112,61,61,78,78,78,93,93,108,133,150,181,197,214,318,318,318,328,328,8,18,18,18,32,62,62,74,74,107,124,138,240,240,140,150,169,182,141,190,190,217,237,137,171,190,90,10,26,26,26,26],"floor_reached":50,"language":"ENG","playtime":3622,"items_purged":["Slimebound:Strike_Slimebound","Slimebound:Defend_Slimebound"],"score":608,"play_id":"726002f1-ccfc-43ed-800d-37e4c4a0e17d","local_time":"20210204165641","is_ascension_mode":false,"campfire_choices":[{"data":"Slimebound:Split","floor":1,"key":"SMITH"},{"data":"Slimebound:Gluttony","floor":6,"key":"SMITH"},{"data":"Slimebound:SelfFormingGoo","floor":18,"key":"SMITH"},{"data":"expansioncontent:DashGenerateEvil","floor":27,"key":"SMITH"},{"data":"expansioncontent:QuickStudy","floor":29,"key":"SMITH"},{"data":"Slimebound:RejuvenatingLick","floor":35,"key":"SMITH"},{"floor":44,"key":"RECALL"},{"data":"Slimebound:Repurpose","floor":47,"key":"SMITH"}],"circlet_count":0,"master_deck":["Slimebound:Tackle","Slimebound:Defend_Slimebound","Slimebound:Defend_Slimebound","Slimebound:Defend_Slimebound","Slimebound:Split+1","Slimebound:CorrosiveSpit","Slimebound:GrowthPunch","Slimebound:AcidTongue","Slimebound:Gluttony+1","Slimebound:SlimeTap","Slimebound:PressTheAttack","Slimebound:Split+1","Slimebound:Dissolve","Slimebound:LeechEnergy","Slimebound:RejuvenatingLick","Slimebound:OozeBath","Slimebound:SplitMire","Slimebound:SelfFormingGoo+1","Slimebound:RejuvenatingLick+1","expansioncontent:QuickStudy+1","expansioncontent:DashGenerateEvil+1","Slimebound:HauntingLick+1","Slimebound:Tackle+1","Slimebound:Tackle+1","Slimebound:Tackle+1","Slimebound:RollThrough","Slimebound:Teamwork","Slimebound:Dissolve+1","expansioncontent:QuickStudy+1","expansioncontent:StudyTheSpire+1","Slimebound:SlimeBarrage","Slimebound:SplitLeeching+1","Slimebound:LeadByExample+1","Slimebound:Repurpose+1","Slimebound:Repurpose"],"relics":["Slimebound:AbsorbEndCombat","Du-Vu Doll","downfall:ShatteredFragment","The Courier","Sundial","Anchor","Busted Crown","Eternal Feather","Frozen Egg 2","MealTicket","Coffee Dripper","downfall:HeartBlessingGreen","PreservedInsect","Calipers","Bag of Preparation","downfall:HeartBlessingBlue","Shovel","downfall:HeartBlessingRed"],"acts_visited":["Exordium","TheCity","TheBeyond"],"potions_floor_usage":[11,30,33,39,45,50],"damage_taken":[{"damage":4,"enemies":"Small Slimes","floor":2,"turns":5},{"damage":13,"enemies":"downfall:FleeingMerchant","floor":3,"turns":4},{"damage":1,"enemies":"Cultist","floor":5,"turns":4},{"damage":9,"enemies":"2 Louse","floor":8,"turns":2},{"damage":0,"enemies":"Large Slime","floor":10,"turns":4},{"damage":5,"enemies":"Lagavulin","floor":11,"turns":6},{"damage":2,"enemies":"Blue Slaver","floor":12,"turns":3},{"damage":26,"enemies":"3 Sentries","floor":13,"turns":6},{"damage":0,"enemies":"Exordium Wildlife","floor":14,"turns":2},{"damage":6,"enemies":"Gremlin Gang","floor":15,"turns":3},{"damage":20,"enemies":"SI_SHIV_ARCHETYPE","floor":16,"turns":6},{"damage":23,"enemies":"Spheric Guardian","floor":19,"turns":4},{"damage":11,"enemies":"downfall:FleeingMerchant","floor":21,"turns":4},{"damage":12,"enemies":"3 Byrds","floor":22,"turns":3},{"damage":11,"enemies":"Centurion and Healer","floor":25,"turns":4},{"damage":7,"enemies":"Gremlin Leader","floor":26,"turns":4},{"damage":10,"enemies":"Snake Plant","floor":28,"turns":3},{"damage":7,"enemies":"Book of Stabbing","floor":30,"turns":3},{"damage":20,"enemies":"3 Cultists","floor":31,"turns":4},{"damage":3,"enemies":"Centurion and Healer","floor":32,"turns":3},{"damage":99,"enemies":"DF_ARCHETYPE_CLAW","floor":33,"turns":7},{"damage":10,"enemies":"3 Darklings","floor":36,"turns":4},{"damage":15,"enemies":"Orb Walker","floor":37,"turns":3},{"damage":32,"enemies":"3 Darklings","floor":38,"turns":4},{"damage":16,"enemies":"downfall:FleeingMerchant","floor":39,"turns":3},{"damage":31,"enemies":"2 Orb Walkers","floor":40,"turns":4},{"damage":28,"enemies":"Reptomancer","floor":42,"turns":5},{"damage":2,"enemies":"Jaw Worm Horde","floor":43,"turns":5},{"damage":6,"enemies":"Giant Head","floor":45,"turns":6},{"damage":0,"enemies":"4 Shapes","floor":46,"turns":3},{"damage":35,"enemies":"Spire Growth","floor":49,"turns":4},{"damage":135,"enemies":"IC_BLOCK_ARCHETYPE","floor":50,"turns":4}],"seed_played":"2728600086512183994","potions_obtained":[{"floor":5,"key":"Ancient Potion"},{"floor":10,"key":"Guardian:BlockOnCardUsePotion"},{"floor":11,"key":"SteroidPotion"},{"floor":13,"key":"PowerPotion"},{"floor":14,"key":"Slimebound:SlimyTonguePotion"},{"floor":16,"key":"Slimebound:SlimedPotion"},{"floor":30,"key":"Explosive Potion"},{"floor":33,"key":"DistilledChaos"},{"floor":40,"key":"Ancient Potion"},{"floor":46,"key":"hexamod:SoulburnPotion"}],"is_trial":false,"path_per_floor":["R","M","$","?","M","R","T","M","?","M","E","M","E","M","M","B",null,"R","M","?","$","M","?","T","M","E","R","M","R","E","M","M","B",null,"R","M","M","M","$","?","T","E","M","R","E","M","R","$","M","B"],"character_chosen":"SLIMEBOUND","items_purchased":["Slimebound:Gluttony","expansioncontent:QuickStudy","expansioncontent:DashGenerateEvil","expansioncontent:QuickStudy+1","expansioncontent:StudyTheSpire+1","PreservedInsect"],"campfire_rested":0,"item_purchase_floors":[3,21,21,39,39,39],"current_hp_per_floor":[59,57,48,30,35,35,35,26,26,32,35,39,17,21,23,11,59,59,42,42,39,35,35,35,32,33,48,46,59,56,44,49,13,59,59,55,46,32,39,26,26,6,12,40,42,50,69,69,40,0,0,0],"gold":26,"neow_bonus":"ONE_RARE_RELIC","is_daily":false,"chose_seed":false,"campfire_upgraded":7,"win_rate":0.0,"timestamp":1612483001,"path_taken":["R","M","$","?","M","R","T","M","?","?","E","M","E","M","M","BOSS","R","M","?","$","M","?","T","M","E","R","M","R","E","M","M","BOSS","R","M","M","M","$","?","T","E","M","R","E","M","R","$","M","BOSS"],"items_purchased_type":["Card","Card","Card","Card","Card","Relic"],"build_version":"2020-12-22","purchased_purges":2,"victory":false,"max_hp_per_floor":[59,59,59,59,59,59,59,59,59,59,59,59,59,59,59,59,59,59,59,59,59,59,59,59,59,59,59,59,59,59,59,59,59,59,59,59,59,59,59,59,59,59,59,69,69,69,69,69,69,69,69,69],"relic_stats":{"Busted Crown":40,"Shovel":0,"counters":[32,126],"Sundial":[4],"Eternal Feather":65,"MealTicket":15,"PreservedInsect":184,"Bag of Preparation":[10],"obtain_stats":[{"downfall:ShatteredFragment":4,"Calipers":40,"downfall:HeartBlessingRed":47,"Eternal Feather":24,"downfall:HeartBlessingGreen":35,"The Courier":7,"PreservedInsect":39,"Bag of Preparation":42,"Frozen Egg 2":26,"Du-Vu Doll":0,"Anchor":13,"Busted Crown":17,"Shovel":45,"Sundial":11,"downfall:HeartBlessingBlue":44,"MealTicket":30,"Slimebound:AbsorbEndCombat":0,"Coffee Dripper":34},{"downfall:ShatteredFragment":2,"Calipers":26,"downfall:HeartBlessingRed":30,"Eternal Feather":14,"downfall:HeartBlessingGreen":21,"The Courier":3,"PreservedInsect":25,"Bag of Preparation":27,"Frozen Egg 2":16,"Du-Vu Doll":0,"Anchor":8,"Busted Crown":11,"Shovel":29,"Sundial":6,"downfall:HeartBlessingBlue":28,"MealTicket":18,"Slimebound:AbsorbEndCombat":0,"Coffee Dripper":21},{"downfall:ShatteredFragment":9,"Calipers":101,"downfall:HeartBlessingRed":119,"Eternal Feather":55,"downfall:HeartBlessingGreen":83,"The Courier":12,"PreservedInsect":97,"Bag of Preparation":106,"Frozen Egg 2":63,"Du-Vu Doll":0,"Anchor":33,"Busted Crown":44,"Shovel":116,"Sundial":24,"downfall:HeartBlessingBlue":110,"MealTicket":69,"Slimebound:AbsorbEndCombat":0,"Coffee Dripper":83}]},"card_choices":[{"not_picked":["Slimebound:Schlurp","Slimebound:LivingWall"],"picked":"Slimebound:GrowthPunch","floor":2},{"not_picked":["Slimebound:RollThrough","Slimebound:SplitMire"],"picked":"Slimebound:AcidTongue","floor":3},{"not_picked":["Slimebound:LivingWall","Slimebound:Nibble"],"picked":"Slimebound:SlimeTap","floor":5},{"not_picked":["Slimebound:BestDefense","Slimebound:LeechingTouch"],"picked":"Slimebound:PressTheAttack","floor":8},{"not_picked":["Slimebound:ViciousTackle","Slimebound:FormOfPuddle"],"picked":"Slimebound:Dissolve","floor":10},{"not_picked":["Slimebound:GrowthPunch","Slimebound:SplitBruiser"],"picked":"Slimebound:LeechEnergy","floor":11},{"not_picked":["Slimebound:Prepare","Slimebound:GoopSpray"],"picked":"Slimebound:RejuvenatingLick","floor":12},{"not_picked":["Slimebound:HauntingLick","Slimebound:TongueLash"],"picked":"Slimebound:OozeBath","floor":13},{"not_picked":["Slimebound:ItLooksTasty","Slimebound:LeechingTouch"],"picked":"Slimebound:SplitMire","floor":14},{"not_picked":["Slimebound:SplitMire","Slimebound:LeechingTouch","Slimebound:FinishingTackle"],"picked":"SKIP","floor":15},{"not_picked":["Slimebound:OneTwoCombo","Slimebound:SlimeSlap"],"picked":"Slimebound:SelfFormingGoo","floor":16},{"not_picked":["Slimebound:FinishingTackle"],"picked":"SKIP","floor":19},{"not_picked":[],"picked":"Slimebound:RejuvenatingLick","floor":21},{"not_picked":[],"picked":"Slimebound:HauntingLick+1","floor":22},{"not_picked":["Slimebound:SamplingLick"],"picked":"SKIP","floor":25},{"not_picked":["Slimebound:SplitLeeching"],"picked":"SKIP","floor":26},{"not_picked":["Slimebound:SamplingLick"],"picked":"SKIP","floor":28},{"not_picked":["Slimebound:ComboTackle"],"picked":"SKIP","floor":30},{"not_picked":["Slimebound:LeechingTouch"],"picked":"SKIP","floor":31},{"not_picked":[],"picked":"Slimebound:RollThrough","floor":32},{"not_picked":[],"picked":"Slimebound:Teamwork","floor":33},{"not_picked":["Slimebound:ItLooksTasty"],"picked":"SKIP","floor":36},{"not_picked":["Slimebound:ItLooksTasty+1"],"picked":"SKIP","floor":37},{"not_picked":["Slimebound:SamplingLick"],"picked":"SKIP","floor":38},{"not_picked":[],"picked":"Slimebound:Dissolve+1","floor":39},{"not_picked":[],"picked":"Slimebound:SlimeBarrage","floor":40},{"not_picked":["Slimebound:SplitLeeching+1"],"picked":"SKIP","floor":42},{"not_picked":[],"picked":"Slimebound:SplitLeeching+1","floor":42},{"not_picked":["Slimebound:ComboTackle+1"],"picked":"SKIP","floor":43},{"not_picked":[],"picked":"Slimebound:LeadByExample+1","floor":45},{"not_picked":[],"picked":"Slimebound:Repurpose","floor":46},{"not_picked":[],"picked":"Slimebound:Repurpose","floor":49}],"player_experience":1150963,"relics_obtained":[{"floor":7,"key":"The Courier"},{"floor":11,"key":"Sundial"},{"floor":13,"key":"Anchor"},{"floor":24,"key":"Eternal Feather"},{"floor":26,"key":"Frozen Egg 2"},{"floor":30,"key":"MealTicket"},{"floor":40,"key":"Calipers"},{"floor":42,"key":"Bag of Preparation"},{"floor":45,"key":"Shovel"}],"event_choices":[{"damage_healed":0,"gold_gain":0,"player_choice":"Ignored","damage_taken":0,"max_hp_gain":0,"max_hp_loss":0,"event_name":"Vampires","floor":20,"gold_loss":0},{"damage_healed":0,"gold_gain":0,"player_choice":"Fight","damage_taken":0,"max_hp_gain":0,"max_hp_loss":0,"event_name":"Mysterious Sphere","floor":40,"gold_loss":0}],"is_beta":false,"boss_relics":[{"not_picked":["Fusion Hammer","Slimebound:AbsorbEndCombatUpgraded"],"picked":"Busted Crown"},{"not_picked":["Runic Pyramid","Astrolabe"],"picked":"Coffee Dripper"}],"items_purged_floors":[21,48],"is_endless":false,"potions_floor_spawned":[5,10,11,13,14,16,26,28,30,33,40,43,46],"killed_by":"IC_BLOCK_ARCHETYPE","ascension_level":0}}