{"host":"l4am8ae7vj09bp0g","time":1612438862,"event":{"mods":["Act Like it!","BaseMod","Colored Powertips","Conspire","LagranYue(拉格朗・月)","Minty Spire (QoL Compilation)","Quick Restart","Relic Filter","Reliquary","Replay The Spire","Shop Mod","StSLib","SuperFastMode","TestMod"],"gold_per_floor":[118,118,135,310,310,339,349,349,349],"floor_reached":8,"language":"ZHS","playtime":1107,"items_purged":[],"score":85,"play_id":"9d945dd1-1ed3-4306-8f5d-7d61a97ba96f","local_time":"20210204194102","daily_mods":["SealedDeck","Heirloom","DeadlyEvents","Elite Swarm","Uncertain Future"],"is_ascension_mode":true,"campfire_choices":[],"circlet_count":0,"master_deck":["Pommel Strike","Pommel Strike","Uppercut","Sword Boomerang","Flex","Entrench","Shrug It Off","Shrug It Off","Power Through","ReplayTheSpireMod:Stacked","Second Wind","Doubt","Feed"],"relics":["Burning Blood","testmod-TestBox","LagranYue:RandomDrawCardRelic","testmod-Maize","CaptainsWheel","reliquary:RosewoodLute"],"acts_visited":["Exordium"],"potions_floor_usage":[],"damage_taken":[{"damage":0.0,"enemies":"Cultist","floor":1.0,"turns":2.0},{"damage":0.0,"enemies":"Small Slimes","floor":3.0,"turns":4.0},{"damage":0.0,"enemies":"Gremlin Nob","floor":6.0,"turns":5.0},{"damage":0.0,"enemies":"2 Louse","floor":7.0,"turns":1.0},{"damage":3,"enemies":"3 Sentries","floor":8,"turns":5}],"seed_played":"4178952509107287319","potions_obtained":[{"floor":3.0,"key":"BloodPotion"}],"is_trial":true,"path_per_floor":["M","$","M","?","?","E","M","E"],"character_chosen":"IRONCLAD","items_purchased":[],"campfire_rested":0,"item_purchase_floors":[],"current_hp_per_floor":[1,1,1,1,1,1,4,1,1],"gold":349,"neow_bonus":"","is_daily":false,"chose_seed":false,"campfire_upgraded":0,"win_rate":0.0,"timestamp":1612438862,"path_taken":["M","$","?","?","?","E","M","E"],"items_purchased_type":[],"build_version":"2020-12-22","purchased_purges":0,"victory":false,"max_hp_per_floor":[1,1,1,1,1,1,4,4,4],"card_choices":[{"not_picked":["Pommel Strike","ReplayTheSpireMod:Limb From Limb","Disarm"],"picked":"SKIP","floor":1.0},{"not_picked":["Metallicize","Anger"],"picked":"Second Wind","floor":3.0},{"not_picked":["Offering","Demon Form"],"picked":"Feed","floor":6.0},{"not_picked":["Searing Blow","Cleave","Sword Boomerang"],"picked":"SKIP","floor":7.0}],"player_experience":60205,"relics_obtained":[{"floor":6.0,"key":"reliquary:RosewoodLute"}],"event_choices":[{"damage_healed":0.0,"max_hp_gain":0.0,"max_hp_loss":0.0,"gold_gain":175.0,"event_name":"Liars Game","player_choice":"AGREE","floor":4.0,"gold_loss":0.0,"damage_taken":0.0,"cards_obtained":["Doubt"]},{"damage_healed":0.0,"max_hp_gain":0.0,"max_hp_loss":0.0,"gold_gain":0.0,"event_name":"给自己的盒子","player_choice":"Ignored","floor":5.0,"gold_loss":0.0,"damage_taken":0.0}],"is_beta":false,"boss_relics":[],"items_purged_floors":[],"is_endless":true,"potions_floor_spawned":[3],"killed_by":"3 Sentries","ascension_level":1}}