{"host":"6rz02yiipefhcw4r","time":1612410267,"event":{"mods":["2.2 Compatiblity","Arknights","BaseMod","Better Match","Better Third Choice","Better Vampires","BetterRewards","Block Reminder","Colored Map","Curses Come First","DeckTracker","Googly Eyes","Hubris","Minty Spire (QoL Compilation)","Quick Restart","Rare Cards Sparkle","Reliquary","Shade Mod","Spicy Shops","StSLib","The Bladedancer","The Cursed","The Marked","The Necromancer","The Runesmith"],"gold_per_floor":[359,33,49,8,8,38,38,66,93,128,140,155,182,202,202,277,277,293,293,293,218,52,52,69,99,99,149,184,204,204,204],"floor_reached":30,"language":"ENG","playtime":1170,"items_purged":[],"score":592,"play_id":"7a4d847a-7fb4-492b-b390-7c99b114aca9","local_time":"20210204014427","is_ascension_mode":true,"campfire_choices":[{"data":"Flame Barrier","floor":7,"key":"SMITH"},{"data":"Armaments","floor":15,"key":"SMITH"},{"data":"Barricade","floor":23,"key":"SMITH"}],"circlet_count":0,"master_deck":["AscendersBane","Strike_R","Strike_R","Defend_R","Defend_R","Defend_R","Defend_R","Bash","Wild Strike","Combust","Flame Barrier+1","Bludgeon","Spot Weakness","Seeing Red","Anger","Disarm","Armaments+1","Barricade+1","Wild Strike","Intimidate","Cleave","Combust","Pommel Strike","Rupture","Flame Barrier","Disarm+1"],"relics":["Burning Blood","Membership Card","hubris:PeanutButter","betterThird:SlimedRelic","Shuriken","hubris:BottledRain","reliquary:Crutches","reliquary:Aerogel","Pantograph","Bird Faced Urn","Philosopher\u0027s Stone","Oddly Smooth Stone","Prayer Wheel","reliquary:Firecrackers"],"acts_visited":["Exordium","TheCity"],"potions_floor_usage":[13,16,29,30],"damage_taken":[{"damage":1,"enemies":"Cultist","floor":1,"turns":3},{"damage":2,"enemies":"Jaw Worm","floor":3,"turns":3},{"damage":23,"enemies":"3 Sentries","floor":6,"turns":6},{"damage":24,"enemies":"Lagavulin","floor":8,"turns":8},{"damage":6,"enemies":"3 Sentries","floor":10,"turns":6},{"damage":0,"enemies":"2 Louse","floor":11,"turns":2},{"damage":0,"enemies":"Large Slime","floor":12,"turns":4},{"damage":25,"enemies":"Gremlin Nob","floor":13,"turns":5},{"damage":0,"enemies":"2 Fungi Beasts","floor":14,"turns":3},{"damage":15,"enemies":"Hexaghost","floor":16,"turns":9},{"damage":9,"enemies":"Spheric Guardian","floor":18,"turns":5},{"damage":15,"enemies":"Chosen","floor":24,"turns":4},{"damage":14,"enemies":"Gremlin Leader","floor":25,"turns":7},{"damage":42,"enemies":"Book of Stabbing","floor":28,"turns":6},{"damage":0,"enemies":"Sentry and Sphere","floor":29,"turns":3},{"damage":55,"enemies":"Shelled Parasite and Fungi","floor":30,"turns":5}],"seed_played":"5153840164530108340","potions_obtained":[{"floor":10,"key":"PowerPotion"},{"floor":11,"key":"LiquidBronze"},{"floor":13,"key":"EssenceOfSteel"},{"floor":16,"key":"ColorlessPotion"},{"floor":18,"key":"BloodPotion"},{"floor":28,"key":"AttackPotion"},{"floor":29,"key":"FearPotion"}],"is_trial":false,"path_per_floor":["M","$","M","?","T","E","R","E","T","E","M","M","E","M","R","B",null,"M","?","?","?","$","R","M","E","T","?","E","M","M"],"character_chosen":"IRONCLAD","items_purchased":["Membership Card","hubris:PeanutButter","Combust","Oddly Smooth Stone","Combust"],"campfire_rested":0,"item_purchase_floors":[2,2,2,22,22],"current_hp_per_floor":[68,68,68,57,57,40,40,22,22,22,28,34,15,23,23,39,61,60,60,60,60,60,60,55,53,53,53,23,35,0,0],"gold":204,"neow_bonus":"TWO_FIFTY_GOLD","is_daily":false,"chose_seed":false,"campfire_upgraded":3,"win_rate":0.0,"timestamp":1612410267,"path_taken":["M","$","?","?","?","E","R","E","T","E","?","M","E","M","R","BOSS","M","?","?","?","$","R","M","E","T","?","E","M","M"],"items_purchased_type":["Relic","Relic","Card","Relic","Card"],"build_version":"2020-12-22","purchased_purges":0,"victory":false,"max_hp_per_floor":[68,68,68,68,68,68,68,68,68,68,68,68,68,68,68,68,68,68,68,68,68,68,68,68,68,68,68,68,68,68,68],"card_choices":[{"not_picked":["Heavy Blade","Fire Breathing"],"picked":"Wild Strike","floor":1},{"not_picked":["hubris:ReadiedAction","Pommel Strike"],"picked":"Flame Barrier","floor":3},{"not_picked":["Perfected Strike","Flex","Body Slam"],"picked":"SKIP","floor":6},{"not_picked":["Pommel Strike","Reckless Charge"],"picked":"Bludgeon","floor":8},{"not_picked":["Entrench","Metallicize"],"picked":"Spot Weakness","floor":10},{"not_picked":["Clothesline","Reckless Charge"],"picked":"Seeing Red","floor":11},{"not_picked":["Pommel Strike","Searing Blow"],"picked":"Anger","floor":12},{"not_picked":["hubris:ReadiedAction","Feel No Pain"],"picked":"Disarm","floor":13},{"not_picked":["Flex","Thunderclap"],"picked":"Armaments","floor":14},{"not_picked":["Demon Form","hubris:StunningStrike"],"picked":"Barricade","floor":16},{"not_picked":["Rampage","Twin Strike"],"picked":"Wild Strike","floor":18},{"not_picked":["Whirlwind","Dark Embrace"],"picked":"Pommel Strike","floor":24},{"not_picked":["Immolate","Anger"],"picked":"Rupture","floor":25},{"not_picked":["Clothesline+1","Battle Trance+1"],"picked":"Flame Barrier","floor":28},{"not_picked":["Heavy Blade","Sword Boomerang"],"picked":"Disarm+1","floor":29},{"not_picked":["Armaments","Flex","Bloodletting"],"picked":"SKIP","floor":29}],"player_experience":800031,"relics_obtained":[{"floor":5,"key":"Shuriken"},{"floor":6,"key":"hubris:BottledRain"},{"floor":8,"key":"reliquary:Crutches"},{"floor":9,"key":"reliquary:Aerogel"},{"floor":10,"key":"Pantograph"},{"floor":13,"key":"Bird Faced Urn"},{"floor":25,"key":"Prayer Wheel"},{"floor":28,"key":"reliquary:Firecrackers"}],"event_choices":[{"damage_healed":0,"gold_gain":0,"player_choice":"Slimed","damage_taken":11,"max_hp_gain":0,"max_hp_loss":0,"event_name":"betterThird:BetterGoop","floor":4,"gold_loss":41},{"damage_healed":0,"gold_gain":0,"player_choice":"Ignored","damage_taken":0,"max_hp_gain":0,"max_hp_loss":0,"event_name":"Ghosts","floor":19,"gold_loss":0},{"damage_healed":0,"gold_gain":0,"cards_transformed":["Strike_R","Strike_R"],"player_choice":"Became Test Subject","damage_taken":0,"max_hp_gain":0,"max_hp_loss":0,"event_name":"Drug Dealer","floor":20,"gold_loss":0,"cards_obtained":["Intimidate","Cleave"]},{"cards_removed":["Strike_R"],"damage_healed":0,"gold_gain":0,"player_choice":"Gave Gold","damage_taken":0,"max_hp_gain":0,"max_hp_loss":0,"event_name":"Beggar","floor":21,"gold_loss":75},{"damage_healed":0,"gold_gain":50,"player_choice":"Steal","damage_taken":0,"max_hp_gain":0,"max_hp_loss":0,"event_name":"betterThird:BetterNest","floor":27,"gold_loss":0}],"is_beta":false,"boss_relics":[{"not_picked":["Busted Crown","reliquary:WritOfMandamus"],"picked":"Philosopher\u0027s Stone"}],"items_purged_floors":[],"is_endless":false,"potions_floor_spawned":[10,11,12,13,16,18,28,29],"killed_by":"Shelled Parasite and Fungi","ascension_level":20}}