{"host":"og21o26alpnbwmz8","time":1612477713,"event":{"mods":["Act Like it!","Aspiration","BaseMod","Conspire","Downfall","Halation","Hallownest","Hubris","Jedi Mod","Mimic Mod","Minty Spire (QoL Compilation)","Pale of the Ancients","Reliquary","Replay The Spire","Shop Mod","Spikes Relics","StSLib","The Alterego","The Blackbeard","The Blue Laboratory","The Death Knight","The Runesmith","Waifu the Spire"],"gold_per_floor":[99,116,116,116,54,54,81,91,1,16,44,62,81,91,104,209,209,9,26,26,39,53,53,80,80,108,8,25,60,76,11,64,64,64,64],"floor_reached":33,"language":"ENG","playtime":2158,"items_purged":["bronze:Strike"],"score":341,"play_id":"940a3d2d-9630-4414-8a72-35b3502a59f3","local_time":"20210204172833","is_ascension_mode":false,"campfire_choices":[{"floor":1,"key":"RECALL"},{"data":"bronze:Strike","floor":18,"key":"PURGE"},{"data":"bronze:RecursiveStrike","floor":23,"key":"SMITH"},{"data":"bronze:Assembly","floor":25,"key":"SMITH"},{"data":"bronze:Defend","floor":27,"key":"SMITH"}],"circlet_count":0,"master_deck":["bronze:Defend","bronze:Defend","bronze:Defend+1","bronze:Defend+1","bronze:Replicate","bronze:Goto","bronze:HyperBeam","bronze:ForceShield","bronze:ClassDefault","bronze:ForLoop","bronze:Branch","bronze:Shell","bronze:CutThrough","bronze:Branch","bronze:RecursiveStrike+1","bronze:Assembly+1","bronze:FineTuning","bronze:Frontload+1","bronze:Optimize+1","bronze:Flail","bronze:Frontload"],"relics":["bronze:BronzeCore","bronze:BottledCode","reliquary:RedPaperclip","downfall:HeartBlessingGreen","downfall:HeartBlessingRed","hubris:DisguiseKit","downfall:HeartBlessingBlue","reliquary:PorcupineQuills"],"acts_visited":["Exordium","Hallownest:Greenpath"],"potions_floor_usage":[12,33],"damage_taken":[{"damage":8,"enemies":"Hallownest:2_Tiktiks_and_1_Crawlid","floor":2,"turns":4},{"damage":0,"enemies":"downfall:FleeingMerchant","floor":5,"turns":4},{"damage":0,"enemies":"2_ Uuma","floor":8,"turns":5},{"damage":0,"enemies":"downfall:FleeingMerchant","floor":9,"turns":4},{"damage":0,"enemies":"Hallownest:2_Baldur","floor":10,"turns":5},{"damage":2,"enemies":"Hallownest:eliteMossKnight","floor":11,"turns":7},{"damage":0,"enemies":"Hallownest:Wandering_and_Horned","floor":12,"turns":4},{"damage":0,"enemies":"Hallownest:monsterFoolEater","floor":13,"turns":4},{"damage":0,"enemies":"Hallownest:MossCreep_and_Mosskin","floor":14,"turns":6},{"damage":8,"enemies":"Hallownest:1_Ooma_and_2_Uuma","floor":15,"turns":4},{"damage":0,"enemies":"IC_STATUS_ARCHETYPE","floor":16,"turns":6},{"damage":1,"enemies":"Hallownest:Guard_and_Sentry","floor":19,"turns":4},{"damage":1,"enemies":"Hallownest:2_Mistakes","floor":21,"turns":3},{"damage":0,"enemies":"Hallownest:Warrior_and_Youth","floor":22,"turns":7},{"damage":5,"enemies":"Hallownest:eliteWatcherKnight","floor":26,"turns":8},{"damage":0,"enemies":"Hallownest:monsterShrumalOgre","floor":28,"turns":5},{"damage":6,"enemies":"Hallownest:eliteSoulWarrior","floor":29,"turns":6},{"damage":0,"enemies":"Hallownest:3_Mistakes","floor":30,"turns":7},{"damage":3,"enemies":"downfall:FleeingMerchant","floor":31,"turns":4},{"damage":0,"enemies":"Hallownest:Glutton_and_Coward","floor":32,"turns":4},{"damage":58,"enemies":"SI_MIRROR_ARCHETYPE","floor":33,"turns":12}],"seed_played":"-7463927133405685653","potions_obtained":[{"floor":2,"key":"Dexterity Potion"},{"floor":10,"key":"blueLaboratory:FruitPunch"},{"floor":12,"key":"SteroidPotion"}],"is_trial":false,"path_per_floor":["R","M","?","?","$","?","T","M","$","M","E","M","M","M","M","B",null,"R","M","?","M","M","R","T","R","E","R","M","E","M","$","M","B"],"character_chosen":"THE_AUTOMATON","items_purchased":["bronze:Branch","bronze:Frontload"],"campfire_rested":0,"item_purchase_floors":[5,31],"current_hp_per_floor":[63,55,53,53,53,53,53,53,53,53,51,53,53,53,45,45,55,55,54,54,53,53,53,53,53,48,58,58,52,52,49,49,0,0,0],"gold":64,"neow_bonus":"TRANSFORM_TWO_CARDS","is_daily":false,"chose_seed":false,"campfire_upgraded":3,"win_rate":0.0,"timestamp":1612477713,"path_taken":["R","?","?","?","$","?","T","M","$","M","E","M","M","?","M","BOSS","R","M","?","?","?","R","T","R","E","R","M","E","?","$","M","BOSS"],"items_purchased_type":["Card","Card"],"build_version":"2020-12-22","purchased_purges":1,"victory":false,"max_hp_per_floor":[63,63,53,53,53,53,53,53,53,53,53,55,55,55,55,55,55,55,55,55,55,55,55,55,55,55,65,65,65,65,65,65,65,65,65],"card_choices":[{"not_picked":["bronze:ChildClass","bronze:BuggyMess"],"picked":"bronze:ClassDefault","floor":2},{"not_picked":["bronze:WildBeam","bronze:Philosophize"],"picked":"bronze:ForLoop","floor":5},{"not_picked":["bronze:BugBarrage","bronze:Allocate"],"picked":"bronze:Shell","floor":8},{"not_picked":["bronze:Frontload","bronze:BugBarrage","bronze:Shell"],"picked":"SKIP","floor":9},{"not_picked":["bronze:DelayedGuard","bronze:Repulsor","bronze:ForceShield"],"picked":"SKIP","floor":10},{"not_picked":["bronze:BronzeArmor","bronze:Frontload"],"picked":"bronze:CutThrough","floor":11},{"not_picked":["bronze:OilSpill","bronze:BuggyMess","bronze:Deprecate"],"picked":"SKIP","floor":12},{"not_picked":["bronze:Overheat","bronze:Deprecate","bronze:WildBeam"],"picked":"SKIP","floor":13},{"not_picked":["bronze:Shell","bronze:DelayedGuard"],"picked":"bronze:Branch","floor":14},{"not_picked":["bronze:FineTuning","bronze:CutThrough"],"picked":"bronze:RecursiveStrike","floor":15},{"not_picked":["bronze:ThunderWave","bronze:Virus"],"picked":"bronze:Assembly","floor":16},{"not_picked":["bronze:Deprecate","bronze:Overheat+1"],"picked":"bronze:FineTuning","floor":19},{"not_picked":["bronze:DigitalCarnage+1","bronze:DelayedGuard","bronze:BugBarrage"],"picked":"SKIP","floor":21},{"not_picked":["bronze:BugBarrage","bronze:Branch"],"picked":"bronze:Frontload+1","floor":22},{"not_picked":["bronze:Overheat+1","bronze:Boost"],"picked":"bronze:Optimize+1","floor":26},{"not_picked":["bronze:Shield","bronze:Iterate","bronze:OilSpill","Thunderclap"],"picked":"SKIP","floor":28},{"not_picked":["bronze:BitShift+1","bronze:Turbo","Iron Wave"],"picked":"bronze:Flail","floor":29},{"not_picked":["bronze:WhirlingStrike","bronze:BuggyMess+1","bronze:MaxOutput","hubris:ReadiedAction"],"picked":"SKIP","floor":30},{"not_picked":["bronze:DigitalCarnage","bronze:BurnOut","bronze:ItsAFeature","Clash"],"picked":"SKIP","floor":31},{"not_picked":["bronze:WildBeam","bronze:BugBarrage+1","bronze:CutThrough","Iron Wave"],"picked":"SKIP","floor":32}],"player_experience":220878,"relics_obtained":[{"floor":7,"key":"Anchor"},{"floor":11,"key":"Replay:Rubber Ducky"},{"floor":26,"key":"hubris:DisguiseKit"},{"floor":29,"key":"reliquary:PorcupineQuills"}],"event_choices":[],"is_beta":false,"boss_relics":[{"not_picked":["Replay:Grab Bag","Runic Pyramid"],"picked":"reliquary:RedPaperclip"}],"items_purged_floors":[9],"is_endless":false,"potions_floor_spawned":[2,10,12,13,14,16,19,22,26,29,30],"killed_by":"SI_MIRROR_ARCHETYPE","ascension_level":0}}