{"host":"gzk4gkgy3zij1c51","time":1612465897,"event":{"mods":["BaseMod","Colored Map","Downfall","Highlight Path","Marked Mod","Minty Spire (QoL Compilation)","Relic Stats","StSLib","everything is the same but u backflip on backflip"],"gold_per_floor":[115,290,306,306,324,359,359,392,392,451,461,486,486,501,501,600,600,618,618,52,67,79,79,79],"floor_reached":23,"language":"ENG","playtime":1526,"items_purged":["Doubt"],"score":285,"play_id":"61d345a1-498d-4557-a1b1-d14242c45740","local_time":"20210204191137","is_ascension_mode":true,"campfire_choices":[{"data":"Reaper","floor":7.0,"key":"SMITH"},{"floor":15.0,"key":"REST"}],"circlet_count":0,"master_deck":["Strike_R","Strike_R","Strike_R","Strike_R","Strike_R","Defend_R","Defend_R","Defend_R","Defend_R","Bash","Bandage Up","Iron Wave","Twin Strike","Reaper+1","Perfected Strike+1","Seeing Red","Entrench","Twin Strike","Body Slam","Headbutt","Barricade","Thunderclap","Armaments","Limit Break","Rupture","Flex+1","Shrug It Off+1"],"relics":["Black Blood","Ornamental Fan","InkBottle","champ:DuelingGlove","HornCleat","MealTicket","Nloth\u0027s Gift","Question Card"],"acts_visited":["Exordium","TheCity"],"potions_floor_usage":[23],"damage_taken":[{"damage":12.0,"enemies":"Small Slimes","floor":1.0,"turns":3.0},{"damage":8.0,"enemies":"2 Louse","floor":3.0,"turns":4.0},{"damage":1.0,"enemies":"Cultist","floor":5.0,"turns":4.0},{"damage":41.0,"enemies":"3 Sentries","floor":6.0,"turns":12.0},{"damage":19.0,"enemies":"Gremlin Nob","floor":8.0,"turns":4.0},{"damage":31.0,"enemies":"3 Sentries","floor":10.0,"turns":10.0},{"damage":0.0,"enemies":"Exordium Thugs","floor":11.0,"turns":3.0},{"damage":21.0,"enemies":"Lagavulin","floor":12.0,"turns":5.0},{"damage":23.0,"enemies":"Gremlin Gang","floor":14.0,"turns":4.0},{"damage":54,"enemies":"Slime Boss","floor":16,"turns":8},{"damage":37,"enemies":"3 Byrds","floor":18,"turns":7},{"damage":21,"enemies":"2 Thieves","floor":21,"turns":5},{"damage":54,"enemies":"Snake Plant","floor":22,"turns":6},{"damage":59,"enemies":"Slavers","floor":23,"turns":4}],"seed_played":"-1729421891180768485","potions_obtained":[{"floor":3.0,"key":"Block Potion"},{"floor":6.0,"key":"FearPotion"},{"floor":10.0,"key":"sneckomod:MuddlingPotion"},{"floor":11.0,"key":"SneckoOil"},{"floor":18,"key":"Dexterity Potion"}],"is_trial":false,"path_per_floor":["M","?","M","?","M","E","R","E","T","?","M","E","?","M","R","B",null,"M","?","$","M","M","E"],"character_chosen":"IRONCLAD","items_purchased":["Armaments","Limit Break","Rupture","Question Card"],"campfire_rested":1,"item_purchase_floors":[20,20,20,20],"current_hp_per_floor":[70,70,72,54,63,44,44,31,31,18,28,17,17,21,45,11,63,55,55,70,72,38,0,0],"gold":79,"neow_bonus":"RANDOM_COLORLESS","is_daily":false,"chose_seed":false,"campfire_upgraded":1,"win_rate":0.0,"timestamp":1612465897,"path_taken":["M","?","M","?","M","E","R","E","T","?","M","E","?","?","R","BOSS","M","?","$","M","M","E"],"items_purchased_type":["Card","Card","Card","Relic"],"build_version":"2020-12-22","purchased_purges":1,"victory":false,"max_hp_per_floor":[80,80,80,80,80,80,80,80,80,80,80,80,80,80,80,80,80,80,80,80,80,80,80,80],"relic_stats":{"counters":[14,79],"Ornamental Fan":[84],"Black Blood":96,"MealTicket":15,"Nloth\u0027s Gift":0,"Question Card":2,"obtain_stats":[{"champ:DuelingGlove":8,"HornCleat":9,"Ornamental Fan":4,"Black Blood":17,"MealTicket":10,"Nloth\u0027s Gift":19,"Letter Opener":12,"Question Card":20,"Burning Blood":0,"InkBottle":6},{"champ:DuelingGlove":5,"HornCleat":5,"Ornamental Fan":2,"Black Blood":10,"MealTicket":5,"Nloth\u0027s Gift":11,"Letter Opener":8,"Question Card":11,"Burning Blood":0,"InkBottle":4},{"champ:DuelingGlove":27,"HornCleat":27,"Ornamental Fan":7,"Black Blood":57,"MealTicket":27,"Nloth\u0027s Gift":64,"Letter Opener":45,"Question Card":64,"Burning Blood":0,"InkBottle":23}],"InkBottle":[16]},"card_choices":[{"not_picked":["Trip","Impatience"],"picked":"Bandage Up","floor":0.0},{"not_picked":["Havoc","Warcry"],"picked":"Iron Wave","floor":1.0},{"not_picked":["Heavy Blade","Iron Wave"],"picked":"Twin Strike","floor":3.0},{"not_picked":["Heavy Blade","Clash"],"picked":"Reaper","floor":5.0},{"not_picked":["Thunderclap","Iron Wave"],"picked":"Perfected Strike","floor":6.0},{"not_picked":["Feel No Pain","Wild Strike"],"picked":"Seeing Red","floor":8.0},{"not_picked":["Twin Strike","Warcry"],"picked":"Entrench","floor":10.0},{"not_picked":["Wild Strike","Spot Weakness"],"picked":"Twin Strike","floor":11.0},{"not_picked":["Iron Wave","True Grit"],"picked":"Body Slam","floor":12.0},{"not_picked":["Iron Wave","Warcry"],"picked":"Headbutt","floor":14.0},{"not_picked":["Exhume","Demon Form"],"picked":"Barricade","floor":16},{"not_picked":["Body Slam","Warcry"],"picked":"Thunderclap","floor":18},{"not_picked":["Iron Wave","Havoc+1","Clothesline"],"picked":"Flex+1","floor":21},{"not_picked":["Havoc","Iron Wave","Clash"],"picked":"Shrug It Off+1","floor":22}],"player_experience":1141246,"relics_obtained":[{"floor":6.0,"key":"InkBottle"},{"floor":8.0,"key":"champ:DuelingGlove"},{"floor":9.0,"key":"HornCleat"},{"floor":12.0,"key":"Letter Opener"}],"event_choices":[{"damage_healed":0.0,"max_hp_gain":0.0,"max_hp_loss":0.0,"gold_gain":175.0,"event_name":"Liars Game","player_choice":"AGREE","floor":2.0,"gold_loss":0.0,"damage_taken":0.0,"cards_obtained":["Doubt"]},{"damage_healed":0.0,"max_hp_gain":0.0,"max_hp_loss":0.0,"gold_gain":0.0,"event_name":"Scrap Ooze","player_choice":"Success","floor":4.0,"gold_loss":0.0,"damage_taken":18.0,"relics_obtained":["Ornamental Fan"]},{"damage_healed":0.0,"max_hp_gain":0.0,"max_hp_loss":0.0,"gold_gain":0.0,"event_name":"Dead Adventurer","player_choice":"Searched \u00273\u0027 times","floor":10.0,"gold_loss":0.0,"damage_taken":0.0,"relics_obtained":["MealTicket"]},{"damage_healed":0.0,"max_hp_gain":0.0,"max_hp_loss":0.0,"gold_gain":0.0,"event_name":"Accursed Blacksmith","player_choice":"Forge","floor":13.0,"gold_loss":0.0,"damage_taken":0.0,"cards_upgraded":["Perfected Strike"]},{"damage_healed":0,"gold_gain":0,"player_choice":"Traded Relic","damage_taken":0,"relics_obtained":["Nloth\u0027s Gift"],"max_hp_gain":0,"max_hp_loss":0,"event_name":"N\u0027loth","floor":19,"relics_lost":["Letter Opener"],"gold_loss":0}],"is_beta":false,"boss_relics":[{"not_picked":["bronze:MakeshiftBattery","Ectoplasm"],"picked":"Black Blood"}],"items_purged_floors":[20],"is_endless":false,"potions_floor_spawned":[3,6,10,11,18],"killed_by":"Slavers","ascension_level":7}}