{"host":"xiain65d2hovry7l","time":1612397683,"event":{"mods":["2.2 Compatiblity","Act Like it!","Ascension Reborn","BaseMod","Challenge The Spire","Colored Map","Colored Powertips","Conspire","Downfall","Friendly Minions","Halation","Hero for Fun","Hubris","Infinite Spire","Mimic Mod","Minty Spire (QoL Compilation)","Nova Terra(??·??)","Permanent Neow","Railgun Mod","StSLib"],"gold_per_floor":[17,28,45,64,64,64,83,115,115,144,144,9,24,24,24,119,119,130,143,161,173,185,185,200,200,200,227,237,247,247,262,262,262,262],"floor_reached":33,"language":"ENG","playtime":2368,"items_purged":[],"score":310,"play_id":"b8b337d0-0792-4bd4-a3c0-853fb18f08c9","local_time":"20210204011443","is_ascension_mode":true,"campfire_choices":[{"data":"NovaMod:Snipe","floor":6,"key":"SMITH"},{"data":"NovaMod:MonomolecularBlade","floor":11,"key":"SMITH"},{"data":"NovaMod:MonomolecularBlade","floor":15,"key":"SMITH"},{"data":"NovaMod:MultilayerArmor","floor":23,"key":"SMITH"},{"floor":25,"key":"REST"},{"data":"NovaMod:RadiationWarrior","floor":30,"key":"SMITH"},{"floor":32,"key":"REST"}],"circlet_count":0,"master_deck":["NovaMod:Basic_Strike_Nova+1","NovaMod:Basic_Strike_Nova","NovaMod:Basic_Strike_Nova+1","NovaMod:Basic_Strike_Nova","NovaMod:Basic_Defend_Nova","NovaMod:Basic_Defend_Nova","NovaMod:Basic_Defend_Nova","NovaMod:Basic_Defend_Nova","NovaMod:Snipe+1","NovaMod:PenetratingBlast","NovaMod:SmartServos","NovaMod:GhostAcademy","NovaMod:NuclearInterference+1","NovaMod:MonomolecularBlade+1","NovaMod:Chaos","NovaMod:MultilayerArmor+1","NovaMod:MonomolecularBlade+1","NovaMod:MultilayerArmor","Flash of Steel","NovaMod:Barrier","NovaMod:RadiationWarrior+1","NovaMod:RadiationShooting","NovaMod:NuclearInterference+1","NovaMod:JetAssault+1","NovaMod:Blink+1","NovaMod:MechanicalArmor","NovaMod:FastGuidance+1","NovaMod:Bioaugmentation"],"relics":["NovaMod:GhostSuit","Bird Faced Urn","halation:PromiseList","Orichalcum","Art of War","SlaversCollar","Whetstone"],"acts_visited":["Exordium","TheCity"],"potions_floor_usage":[10,10,27,33,33],"damage_taken":[{"damage":0,"enemies":"Jaw Worm","floor":1,"turns":5},{"damage":12,"enemies":"Cultist","floor":2,"turns":6},{"damage":0,"enemies":"conspire:RoseBush","floor":3,"turns":4},{"damage":18,"enemies":"Exordium Wildlife","floor":4,"turns":8},{"damage":12,"enemies":"3 Louse","floor":7,"turns":4},{"damage":11,"enemies":"Gremlin Nob","floor":8,"turns":4},{"damage":0,"enemies":"3 Sentries","floor":10,"turns":6},{"damage":5,"enemies":"Looter","floor":13,"turns":3},{"damage":14,"enemies":"The Guardian","floor":16,"turns":11},{"damage":13,"enemies":"conspire:FuzzyDice","floor":18,"turns":6},{"damage":22,"enemies":"2 Thieves","floor":19,"turns":3},{"damage":7,"enemies":"conspire:HollyBat","floor":20,"turns":7},{"damage":13,"enemies":"Snake Plant","floor":21,"turns":4},{"damage":21,"enemies":"3 Cultists","floor":22,"turns":5},{"damage":0,"enemies":"conspire:HollyBat","floor":24,"turns":7},{"damage":12,"enemies":"Nightmare","floor":27,"turns":7},{"damage":0,"enemies":"Chosen and Byrds","floor":28,"turns":4},{"damage":0,"enemies":"Snecko","floor":29,"turns":4},{"damage":28,"enemies":"Sentry and Sphere","floor":31,"turns":6},{"damage":34,"enemies":"Champ","floor":33,"turns":8}],"seed_played":"2059854788199621588","potions_obtained":[{"floor":2,"key":"Block Potion"},{"floor":4,"key":"BlessingOfTheForge"},{"floor":8,"key":"SteroidPotion"},{"floor":16,"key":"sneckomod:MuddlingPotion"},{"floor":19,"key":"ColorlessPotion"},{"floor":27,"key":"Ancient Potion"},{"floor":28,"key":"FearPotion"}],"is_trial":false,"path_per_floor":["M","M","M","M","?","R","M","E","T","E","R","$","M","$","R","B",null,"M","M","M","M","M","R","M","R","T","NM","M","M","R","M","R","B"],"character_chosen":"NOVA","items_purchased":["NovaMod:MultilayerArmor","Flash of Steel"],"campfire_rested":2,"item_purchase_floors":[12,12],"current_hp_per_floor":[80,68,68,50,50,50,38,27,27,27,27,27,22,22,22,8,80,67,47,42,29,10,10,12,36,36,26,28,28,28,4,28,0,0],"gold":262,"neow_bonus":"ONE_RARE_RELIC","is_daily":false,"chose_seed":false,"campfire_upgraded":5,"win_rate":0.0,"timestamp":1612397683,"path_taken":["M","M","M","M","?","R","M","E","T","E","R","$","M","?","R","BOSS","M","M","M","M","M","R","M","R","T","NM","M","M","R","M","R","BOSS"],"items_purchased_type":["Card","Card"],"build_version":"2020-12-22","purchased_purges":0,"victory":false,"max_hp_per_floor":[80,80,80,80,80,80,80,80,80,80,80,80,80,80,80,80,80,80,80,80,80,80,80,80,80,80,80,80,80,80,80,80,80,80],"card_choices":[{"not_picked":["NovaMod:Chaos","NovaMod:StimPack"],"picked":"NovaMod:SmartServos","floor":1},{"not_picked":["NovaMod:MonomolecularBlade","NovaMod:BarrageShooting"],"picked":"NovaMod:GhostAcademy","floor":2},{"not_picked":["NovaMod:RaidArtillery","NovaMod:SwiftChop"],"picked":"NovaMod:NuclearInterference","floor":3},{"not_picked":["NovaMod:Detonation","NovaMod:NuclearInterference"],"picked":"NovaMod:MonomolecularBlade","floor":4},{"not_picked":["NovaMod:Snipe","NovaMod:HoloDecoy"],"picked":"NovaMod:Chaos","floor":7},{"not_picked":["NovaMod:Chaos","NovaMod:Thor"],"picked":"NovaMod:MultilayerArmor","floor":8},{"not_picked":["NovaMod:SwiftChop","NovaMod:TechLab"],"picked":"NovaMod:MonomolecularBlade","floor":10},{"not_picked":["NovaMod:BarrageShooting","NovaMod:MechanicalArmor"],"picked":"NovaMod:Barrier","floor":13},{"not_picked":["NovaMod:EMP","NovaMod:ScienceVessel"],"picked":"NovaMod:RadiationWarrior","floor":16},{"not_picked":["NovaMod:SuperStimPack+1","NovaMod:NuclearFactory+"],"picked":"NovaMod:RadiationShooting","floor":18},{"not_picked":["NovaMod:BarrageShooting","NovaMod:Detonation+1","NovaMod:SwiftChop"],"picked":"SKIP","floor":19},{"not_picked":["NovaMod:BarrageShooting","NovaMod:Barrier"],"picked":"NovaMod:NuclearInterference+1","floor":20},{"not_picked":["NovaMod:Lurk","NovaMod:GhostAcademy"],"picked":"NovaMod:JetAssault+1","floor":21},{"not_picked":["NovaMod:TechLab","NovaMod:SmartServos"],"picked":"NovaMod:Blink+1","floor":22},{"not_picked":["NovaMod:PulseGrenade","NovaMod:WidowMine+1"],"picked":"NovaMod:MechanicalArmor","floor":24},{"not_picked":["NovaMod:WidowMine","NovaMod:HoloDecoy","NovaMod:Standby+1"],"picked":"SKIP","floor":27},{"not_picked":["NovaMod:RadiationShooting","NovaMod:Lurk"],"picked":"NovaMod:FastGuidance+1","floor":28},{"not_picked":["NovaMod:WidowMine","NovaMod:RaidArtillery","NovaMod:WaitingGame"],"picked":"SKIP","floor":29},{"not_picked":["NovaMod:WidowMine","NovaMod:RaidArtillery","NovaMod:WaitingGame"],"picked":"SKIP","floor":29},{"not_picked":["NovaMod:PulseGrenade","NovaMod:SuperStimPack"],"picked":"NovaMod:Bioaugmentation","floor":31}],"player_experience":689445,"relics_obtained":[{"floor":8,"key":"halation:PromiseList"},{"floor":9,"key":"Orichalcum"},{"floor":10,"key":"Art of War"},{"floor":27,"key":"Whetstone"}],"event_choices":[{"damage_healed":0,"gold_gain":0,"player_choice":"Upgraded","damage_taken":0,"max_hp_gain":0,"max_hp_loss":0,"event_name":"Upgrade Shrine","floor":5,"gold_loss":0,"cards_upgraded":["NovaMod:NuclearInterference"]}],"is_beta":false,"boss_relics":[{"not_picked":["Fusion Hammer","conspire:RoyalGoblet"],"picked":"SlaversCollar"}],"items_purged_floors":[],"is_endless":true,"potions_floor_spawned":[2,4,7,8,16,19,22,24,27,28],"killed_by":"Champ","ascension_level":0}}