{"host":"neeznpvpgo0qgfkd","time":1612416208,"event":{"mods":["AchievementEnabler","BaseMod","BetterRewards","Colored Map","Colored Powertips","Exacting","Minty Spire (QoL Compilation)","Permanent Neow","Quick Restart","Shop Mod"],"gold_per_floor":[118,118,118,49,49,75,75,129,129,162,43,56,130,157,157,253,253,265,276,294,294,294,322,95,105,129,159,191,207,234,260,260,360,360,375,375,395,412,430,463,516,516,542,592,603,638,638,657,657,657,657,657,21,53,53],"floor_reached":56,"language":"ENG","playtime":3034,"items_purged":[],"score":1878,"play_id":"d5819ee6-a0e4-4ccd-b5fe-81f10f34b128","local_time":"20210204002328","is_ascension_mode":true,"campfire_choices":[{"data":"Apotheosis","floor":7.0,"key":"SMITH"},{"data":"1","floor":15.0,"key":"LIFT"},{"data":"2","floor":32,"key":"LIFT"},{"data":"3","floor":42,"key":"LIFT"},{"floor":47,"key":"RECALL"},{"floor":49,"key":"REST"},{"data":"Choke","floor":52,"key":"SMITH"}],"circlet_count":0,"master_deck":["Strike_G+1","Strike_G","Strike_G","Strike_G","Strike_G","Defend_G","Defend_G","Defend_G","Defend_G","Defend_G","Survivor","Neutralize","Panache+1","Noxious Fumes+1","Panache+1","Apotheosis+1","Infinite Blades+1","Deadly Poison","All Out Attack","Regret","Noxious Fumes+1","Burst","Accuracy+1","Footwork+1","Blade Dance","Noxious Fumes+1","Flying Knee","Venomology","Terror+1","Outmaneuver+1","Flying Knee","Die Die Die","Escape Plan","Necronomicurse","Flying Knee+1","Accuracy+1","Caltrops+1","Underhanded Strike","Choke+1","Backstab+1","Tools of the Trade+1","Escape Plan+1","Glass Knife","Noxious Fumes+1","Finisher","Infinite Blades+1","Caltrops+1","Envenom+1","Footwork+1","Cloak And Dagger+1","Slice+1","Caltrops+1","Outmaneuver+1","Storm of Steel","Prepared+1","Cloak And Dagger+1","A Thousand Cuts+1","Accuracy+1","Riddle With Holes","Dagger Spray"],"relics":["Ring of the Serpent","Frozen Egg 2","Gremlin Horn","FossilizedHelix","Torii","Vajra","Prayer Wheel","Lantern","Pocketwatch","Juzu Bracelet","Tough Bandages","Ginger","Nunchaku","Dead Branch","The Courier","Calipers","Girya","Ice Cream","Sundial","Sling","Necronomicon","HornCleat","StrikeDummy","Question Card","Boot","Potion Belt","WristBlade","Omamori","StoneCalendar","Whetstone","Mango","Bag of Marbles","Mummified Hand","Incense Burner","Strawberry"],"acts_visited":["Exordium","TheCity","TheBeyond","TheEnding"],"potions_floor_usage":[31,33,37,38,39,40,44,44,50,50,50],"damage_taken":[{"damage":0.0,"enemies":"Small Slimes","floor":1.0,"turns":2.0},{"damage":0.0,"enemies":"Lagavulin","floor":6.0,"turns":3.0},{"damage":8.0,"enemies":"3 Sentries","floor":8.0,"turns":4.0},{"damage":18.0,"enemies":"Lagavulin","floor":10.0,"turns":3.0},{"damage":0.0,"enemies":"Jaw Worm","floor":12.0,"turns":3.0},{"damage":1.0,"enemies":"2 Louse","floor":14.0,"turns":2.0},{"damage":15.0,"enemies":"The Guardian","floor":16.0,"turns":6.0},{"damage":4.0,"enemies":"Shell Parasite","floor":18.0,"turns":4.0},{"damage":0.0,"enemies":"Chosen","floor":19.0,"turns":3.0},{"damage":1.0,"enemies":"Centurion and Healer","floor":20.0,"turns":3.0},{"damage":22.0,"enemies":"Book of Stabbing","floor":23.0,"turns":4.0},{"damage":0.0,"enemies":"Snecko","floor":25.0,"turns":2.0},{"damage":0.0,"enemies":"Gremlin Leader","floor":27.0,"turns":3.0},{"damage":7.0,"enemies":"Shelled Parasite and Fungi","floor":28.0,"turns":3.0},{"damage":14.0,"enemies":"Snake Plant","floor":29.0,"turns":2.0},{"damage":0,"enemies":"Book of Stabbing","floor":31,"turns":4},{"damage":13,"enemies":"Collector","floor":33,"turns":4},{"damage":0,"enemies":"3 Shapes","floor":35,"turns":2},{"damage":0,"enemies":"3 Darklings","floor":37,"turns":3},{"damage":17,"enemies":"4 Shapes","floor":38,"turns":3},{"damage":0,"enemies":"Maw","floor":39,"turns":3},{"damage":0,"enemies":"Giant Head","floor":40,"turns":3},{"damage":15,"enemies":"2 Orb Walkers","floor":41,"turns":2},{"damage":1,"enemies":"Mind Bloom Boss Battle","floor":44,"turns":3},{"damage":0,"enemies":"Spire Growth","floor":45,"turns":2},{"damage":0,"enemies":"Reptomancer","floor":46,"turns":2},{"damage":0,"enemies":"3 Darklings","floor":48,"turns":2},{"damage":10,"enemies":"Donu and Deca","floor":50,"turns":3},{"damage":2,"enemies":"Shield and Spear","floor":54,"turns":2},{"damage":77,"enemies":"The Heart","floor":55,"turns":4}],"seed_played":"6751920131573083066","potions_obtained":[{"floor":1.0,"key":"Fire Potion"},{"floor":6.0,"key":"Energy Potion"},{"floor":10.0,"key":"Regen Potion"},{"floor":12.0,"key":"BlessingOfTheForge"},{"floor":23.0,"key":"SkillPotion"},{"floor":25.0,"key":"DuplicationPotion"},{"floor":28.0,"key":"DuplicationPotion"},{"floor":35,"key":"Dexterity Potion"},{"floor":37,"key":"Fire Potion"},{"floor":44,"key":"SpeedPotion"},{"floor":48,"key":"Weak Potion"}],"is_trial":false,"path_per_floor":["M","?","$","$","T","E","R","E","T","E","$","M","?","M","R","B",null,"M","M","M","?","?","E","$","M","T","E","M","M","T","E","R","B",null,"M","?","M","M","M","E","?","R","T","?","M","E","R","M","R","B",null,"R","$","E","B",null],"character_chosen":"THE_SILENT","items_purchased":["Frozen Egg 2","Gremlin Horn","Panache+1","Noxious Fumes+1","Torii","Vajra","Panache+1","Lantern","Juzu Bracelet","Apotheosis","Infinite Blades+1","Nunchaku","Deadly Poison","Noxious Fumes+1","Sling","StrikeDummy","Accuracy+1","Mummified Hand","Incense Burner","A Thousand Cuts+1","Accuracy+1","Riddle With Holes"],"campfire_rested":1,"item_purchase_floors":[0,0,0,0,0,0,0,0,0,0,0,0,0,4,11,24,24,53,53,53,53,53],"current_hp_per_floor":[70,70,70,70,70,70,70,70,70,52,52,64,64,63,63,48,70,66,66,65,49,70,48,48,48,48,48,41,27,27,27,27,14,70,70,70,70,53,53,53,38,38,38,51,51,51,51,51,76,66,84,84,84,89,12],"gold":53,"neow_bonus":"","is_daily":false,"chose_seed":false,"campfire_upgraded":2,"win_rate":0.0,"timestamp":1612416208,"path_taken":["M","?","?","$","?","E","R","E","T","E","$","M","?","M","R","BOSS","M","M","M","?","?","E","$","M","T","E","M","M","?","E","R","BOSS","M","?","M","M","M","E","?","R","T","?","M","E","R","M","R","BOSS","R","$","E","BOSS"],"items_purchased_type":["Relic","Relic","Card","Card","Relic","Relic","Card","Relic","Relic","Card","Card","Relic","Card","Card","Relic","Relic","Card","Relic","Relic","Card","Card","Card"],"build_version":"2020-12-22","purchased_purges":0,"victory":true,"max_hp_per_floor":[70,70,70,70,70,70,70,70,70,70,70,70,70,70,70,70,70,70,70,70,70,70,70,70,70,70,70,70,70,70,70,70,70,70,70,70,70,70,70,70,70,70,70,84,84,84,84,84,84,84,84,84,84,91,91],"card_choices":[{"not_picked":["Bane","Deadly Poison"],"picked":"All Out Attack","floor":1.0},{"not_picked":["Predator","Riddle With Holes","Backflip"],"picked":"SKIP","floor":1.0},{"not_picked":["Deflect","Well Laid Plans+1"],"picked":"Burst","floor":6.0},{"not_picked":["Well Laid Plans+1","Crippling Poison"],"picked":"Accuracy+1","floor":8.0},{"not_picked":["Tactician","Caltrops+1"],"picked":"Footwork+1","floor":10.0},{"not_picked":["Quick Slash","Leg Sweep"],"picked":"Blade Dance","floor":12.0},{"not_picked":["Distraction","Eviscerate","Deadly Poison"],"picked":"SKIP","floor":12.0},{"not_picked":["Flying Knee","Leg Sweep"],"picked":"Noxious Fumes+1","floor":14.0},{"not_picked":["Expertise","Prepared"],"picked":"Flying Knee","floor":14.0},{"not_picked":["Grand Finale","Unload"],"picked":"Venomology","floor":16.0},{"not_picked":["Prepared+1","Backstab+1"],"picked":"Terror+1","floor":18.0},{"not_picked":["Distraction","Sucker Punch"],"picked":"Outmaneuver+1","floor":18.0},{"not_picked":["Prepared+1","Reflex+1"],"picked":"Flying Knee","floor":19.0},{"not_picked":["Crippling Poison","Bane+1","Underhanded Strike"],"picked":"SKIP","floor":19.0},{"not_picked":["Dagger Spray","Tactician"],"picked":"Die Die Die","floor":20.0},{"not_picked":["Underhanded Strike","Catalyst"],"picked":"Escape Plan","floor":20.0},{"not_picked":["Dodge and Roll","Acrobatics+1"],"picked":"Flying Knee+1","floor":23.0},{"not_picked":["Sucker Punch","Skewer"],"picked":"Caltrops+1","floor":25.0},{"not_picked":["Catalyst+1","Expertise+1","Blur"],"picked":"SKIP","floor":25.0},{"not_picked":["Sucker Punch","Reflex"],"picked":"Underhanded Strike","floor":27.0},{"not_picked":["Escape Plan+1","Deflect","Flechettes"],"picked":"Choke","floor":28.0},{"not_picked":["Dagger Throw","Underhanded Strike","Distraction"],"picked":"Backstab","floor":28.0},{"not_picked":["Outmaneuver","Flying Knee+1","Masterful Stab+1"],"picked":"Tools of the Trade+1","floor":29.0},{"not_picked":["Prepared+1","Predator+1","Dagger Throw","Underhanded Strike"],"picked":"SKIP","floor":29.0},{"not_picked":["Dagger Throw+1","Grand Finale","Prepared"],"picked":"Escape Plan+1","floor":31},{"not_picked":["Wraith Form v2+1","Grand Finale","Malaise"],"picked":"Glass Knife","floor":33},{"not_picked":["Underhanded Strike+1","Flechettes+1","Bane"],"picked":"Noxious Fumes+1","floor":35},{"not_picked":["Concentrate+1","PiercingWail+1","Sucker Punch"],"picked":"Finisher","floor":35},{"not_picked":["Dagger Throw","Deflect","Backflip+1"],"picked":"Infinite Blades+1","floor":37},{"not_picked":["Underhanded Strike","PiercingWail","Expertise"],"picked":"Caltrops+1","floor":37},{"not_picked":["Slice+1","Backflip","Setup+1"],"picked":"Envenom+1","floor":38},{"not_picked":["Concentrate+1","Dodge and Roll","Dagger Throw"],"picked":"Footwork+1","floor":38},{"not_picked":["Underhanded Strike","PiercingWail+1","Distraction"],"picked":"Cloak And Dagger+1","floor":39},{"not_picked":["PiercingWail+1","Eviscerate","Deflect"],"picked":"Slice+1","floor":39},{"not_picked":["Flying Knee+1","Outmaneuver","Deadly Poison"],"picked":"Caltrops+1","floor":40},{"not_picked":["Riddle With Holes","Deflect+1","Dash"],"picked":"Outmaneuver+1","floor":41},{"not_picked":["Sucker Punch","All Out Attack+1","Crippling Poison+1"],"picked":"Storm of Steel","floor":44},{"not_picked":["Dagger Spray+1","Flying Knee+1","Choke"],"picked":"Prepared+1","floor":45},{"not_picked":["Deadly Poison","PiercingWail+1","Dagger Throw+1","Quick Slash"],"picked":"SKIP","floor":45},{"not_picked":["Leg Sweep","Underhanded Strike+1","Burst","Distraction"],"picked":"SKIP","floor":46},{"not_picked":["Slice+1","Infinite Blades+1","Leg Sweep"],"picked":"Cloak And Dagger+1","floor":48},{"not_picked":["Blur","Deflect+1","Eviscerate+1","Leg Sweep"],"picked":"SKIP","floor":48},{"not_picked":["Deflect","Flying Knee+1","Glass Knife"],"picked":"Dagger Spray","floor":54}],"player_experience":1288111,"relics_obtained":[{"floor":5.0,"key":"The Courier"},{"floor":6.0,"key":"Calipers"},{"floor":8.0,"key":"Girya"},{"floor":9.0,"key":"Ice Cream"},{"floor":10.0,"key":"Sundial"},{"floor":21.0,"key":"Necronomicon"},{"floor":23.0,"key":"HornCleat"},{"floor":27.0,"key":"Question Card"},{"floor":30.0,"key":"Boot"},{"floor":31,"key":"Potion Belt"},{"floor":40,"key":"Omamori"},{"floor":41,"key":"StoneCalendar"},{"floor":43,"key":"Whetstone"},{"floor":44,"key":"Mango"},{"floor":46,"key":"Bag of Marbles"},{"floor":54,"key":"Strawberry"}],"event_choices":[{"damage_healed":0.0,"max_hp_gain":0.0,"max_hp_loss":0.0,"gold_gain":0.0,"event_name":"Big Fish","player_choice":"Box","floor":2.0,"gold_loss":0.0,"damage_taken":0.0,"relics_obtained":["Dead Branch"],"cards_obtained":["Regret"]},{"damage_healed":0.0,"max_hp_gain":0.0,"max_hp_loss":0.0,"gold_gain":74.0,"event_name":"Golden Wing","player_choice":"Gained Gold","floor":13.0,"gold_loss":0.0,"damage_taken":0.0},{"damage_healed":0.0,"max_hp_gain":0.0,"max_hp_loss":0.0,"gold_gain":0.0,"event_name":"Cursed Tome","player_choice":"Obtained Book","floor":21.0,"gold_loss":0.0,"damage_taken":16.0},{"damage_healed":23.0,"max_hp_gain":0.0,"max_hp_loss":0.0,"gold_gain":0.0,"event_name":"The Library","player_choice":"Heal","floor":22.0,"gold_loss":0.0,"damage_taken":0.0},{"damage_healed":0,"gold_gain":0,"player_choice":"Ignored","damage_taken":0,"max_hp_gain":0,"max_hp_loss":0,"event_name":"Tomb of Lord Red Mask","floor":36,"gold_loss":0},{"damage_healed":0,"gold_gain":0,"player_choice":"Fight","damage_taken":0,"max_hp_gain":0,"max_hp_loss":0,"event_name":"Mysterious Sphere","floor":41,"gold_loss":0},{"damage_healed":0,"gold_gain":0,"player_choice":"Fight","damage_taken":0,"max_hp_gain":0,"max_hp_loss":0,"event_name":"MindBloom","floor":44,"gold_loss":0}],"is_beta":false,"boss_relics":[{"not_picked":["Snecko Eye","Fusion Hammer"],"picked":"Ring of the Serpent"},{"not_picked":["SacredBark","Calling Bell"],"picked":"WristBlade"}],"items_purged_floors":[],"is_endless":false,"potions_floor_spawned":[6,10,12,23,25,28,29,35,37,44,48],"ascension_level":1}}