{"host":"630px4nyj50z5id8","time":1612433627,"event":{"mods":["BaseMod","Colored Powertips","Downfall","Minty Spire (QoL Compilation)","Quick Restart","Replay The Spire","StSLib","Waifu the Spire"],"gold_per_floor":[114,200,219,233,252,283,283,302,325,77,105,5,18,18,18,89,139,151,26,26,26,41,72,72,106,106,106,129,171,215,215,233,257,257,336,336,359,209,236,86,86,86,132,132,179,232,238,238],"floor_reached":47,"language":"ZHS","playtime":3032,"items_purged":["Strike_G","Strike_G","Strike_G","Delirium"],"score":1301,"play_id":"4d507e24-f7fb-46d4-ac42-c08e751a4fc5","local_time":"20210204181347","is_ascension_mode":true,"campfire_choices":[{"floor":7.0,"key":"REST"},{"data":"After Image","floor":15.0,"key":"SMITH"},{"floor":34.0,"key":"REST"},{"floor":42.0,"key":"REST"},{"floor":44.0,"key":"REST"}],"circlet_count":0,"master_deck":["AscendersBane","Defend_G+1","Defend_G+1","Defend_G+1","Defend_G+1","Defend_G+1","Survivor","Neutralize","Replay:Poison Smokescreen+1","Apotheosis+1","Reflex","Acrobatics","Deflect","ReplayTheSpireMod:The Works","Prepared","Replay:Bag of Tricks","Reflex","Outmaneuver","Venomology","Flechettes","After Image+1","Replay:Bag of Tricks","Catalyst","Tactician+1","Night Terror","Deflect","PiercingWail","Dash","ReplayTheSpireMod:Necrosis","After Image","ReplayTheSpireMod:Necrosis","Neutralize","Bullet Time","Poison Darts"],"relics":["Ring of the Snake","Lantern","Nunchaku","Orrery","Snake Skull","Tiny House","PreservedInsect","Blue Candle","Blood Vial","Replay:Bandana","Replay:Mystery Machine","ReplayTheSpireMod:Ring of Collecting","Ring of Fangs","Replay:Grab Bag","ChewingGum","SlaversCollar","SacredBark","Replay:Bottled Eggs","ReplayFunnel","Bag of Marbles"],"acts_visited":["Exordium","TheCity","TheBeyond"],"potions_floor_usage":[47,47,47],"damage_taken":[{"damage":10.0,"enemies":"Small Slimes","floor":1.0,"turns":5.0},{"damage":0.0,"enemies":"2 Louse","floor":2.0,"turns":4.0},{"damage":0.0,"enemies":"Jaw Worm","floor":3.0,"turns":4.0},{"damage":0.0,"enemies":"Blue Slaver","floor":4.0,"turns":5.0},{"damage":0.0,"enemies":"Red Slaver","floor":5.0,"turns":4.0},{"damage":18.0,"enemies":"Gremlin Nob","floor":6.0,"turns":4.0},{"damage":4.0,"enemies":"Gremlin Gang","floor":8.0,"turns":6.0},{"damage":2.0,"enemies":"Lagavulin","floor":11.0,"turns":4.0},{"damage":0.0,"enemies":"Exordium Thugs","floor":13.0,"turns":4.0},{"damage":1.0,"enemies":"Hexaghost","floor":16.0,"turns":9.0},{"damage":5.0,"enemies":"Shell Parasite","floor":18.0,"turns":6.0},{"damage":1.0,"enemies":"Chosen","floor":22.0,"turns":4.0},{"damage":21.0,"enemies":"Slavers","floor":23.0,"turns":3.0},{"damage":0.0,"enemies":"Book of Stabbing","floor":25.0,"turns":5.0},{"damage":17.0,"enemies":"Gremlin Leader","floor":29.0,"turns":4.0},{"damage":0.0,"enemies":"Centurion and Healer","floor":30.0,"turns":6.0},{"damage":9.0,"enemies":"Snecko","floor":32.0,"turns":8.0},{"damage":0.0,"enemies":"Chosen and Byrds","floor":33.0,"turns":5.0},{"damage":1.0,"enemies":"Champ","floor":35.0,"turns":11.0},{"damage":6.0,"enemies":"Orb Walker","floor":37.0,"turns":5.0},{"damage":17.0,"enemies":"3 Shapes","floor":39.0,"turns":12.0},{"damage":0.0,"enemies":"Nemesis","floor":43.0,"turns":7.0},{"damage":39.0,"enemies":"Reptomancer","floor":46.0,"turns":10.0},{"damage":17,"enemies":"3 Darklings","floor":47,"turns":9}],"seed_played":"1075109105449926528","potions_obtained":[{"floor":1.0,"key":"Weak Potion"},{"floor":3.0,"key":"Elixir"},{"floor":4.0,"key":"Energy Potion"},{"floor":5.0,"key":"champ:CounterPotion"},{"floor":6.0,"key":"Block Potion"},{"floor":29.0,"key":"CunningPotion"},{"floor":30.0,"key":"GhostInAJar"},{"floor":32.0,"key":"Toxic Potion"},{"floor":46.0,"key":"Block Potion"}],"is_trial":false,"path_per_floor":["M","M","M","M","M","E","R","M","T","$","E","$","M","?","R","B",null,"M","$","?","?","M","E","?","E","PTL","PTL","T","E","M","?","M","M","R","B",null,"M","$","M","$","?","R","E","R","T","E","M"],"character_chosen":"THE_SILENT","items_purchased":["Orrery","After Image"],"campfire_rested":4,"item_purchase_floors":[10,40],"current_hp_per_floor":[49,49,49,49,49,31,50,46,46,46,44,44,44,37,37,36,64,59,59,59,59,58,37,32,32,32,32,32,17,19,19,12,14,35,36,62,58,58,43,43,43,64,66,71,71,32,17,17],"gold":238,"neow_bonus":"THREE_CARDS","is_daily":false,"chose_seed":false,"campfire_upgraded":1,"win_rate":0.0,"timestamp":1612433627,"path_taken":["M","$","M","M","M","E","R","M","T","$","E","$","M","?","R","BOSS","M","$","?","?","M","E","?","E","PTL","PTL","T","E","M","?","M","M","R","BOSS","M","$","M","$","?","R","E","R","T","E","M"],"items_purchased_type":["Relic","Card"],"build_version":"2020-12-22","purchased_purges":4,"victory":false,"max_hp_per_floor":[66,66,66,66,66,66,66,66,66,66,66,66,66,66,66,66,71,71,71,71,71,71,71,71,71,71,71,71,71,71,71,71,71,71,71,71,71,71,71,71,71,71,71,71,71,71,71,71],"card_choices":[{"not_picked":["Prepared","Blade Dance"],"picked":"Replay:Poison Smokescreen","floor":0.0},{"not_picked":["Poisoned Stab","Heel Hook","Fluid Movement"],"picked":"SKIP","floor":1.0},{"not_picked":["Blade Dance","Choke"],"picked":"Reflex","floor":2.0},{"not_picked":["ReplayTheSpireMod:Scrap Shanks","Dodge and Roll"],"picked":"Acrobatics","floor":3.0},{"not_picked":["Choke","Masterful Stab"],"picked":"Deflect","floor":4.0},{"not_picked":["Dodge and Roll","Heel Hook","Poisoned Stab"],"picked":"SKIP","floor":5.0},{"not_picked":["Deflect","Eviscerate"],"picked":"ReplayTheSpireMod:The Works","floor":6.0},{"not_picked":["PiercingWail","Backstab"],"picked":"Prepared","floor":8.0},{"not_picked":["Prepared","Malaise"],"picked":"Replay:Bag of Tricks","floor":10.0},{"not_picked":["Backflip","ReplayTheSpireMod:Scrap Shanks"],"picked":"Reflex","floor":10.0},{"not_picked":["Underhanded Strike","Dagger Spray"],"picked":"Outmaneuver","floor":10.0},{"not_picked":["All Out Attack","Deadly Poison"],"picked":"Venomology","floor":10.0},{"not_picked":["Envenom","Backflip"],"picked":"Flechettes","floor":10.0},{"not_picked":["Bane","Sneak Up"],"picked":"After Image","floor":11.0},{"not_picked":["Slice","Sucker Punch","Poisoned Stab"],"picked":"SKIP","floor":13.0},{"not_picked":["Envenom","Die Die Die"],"picked":"Replay:Bag of Tricks","floor":16.0},{"not_picked":["Quick Slash","Hidden Blade"],"picked":"Catalyst","floor":17.0},{"not_picked":["Dagger Spray","Riddle With Holes","Quick Slash"],"picked":"SKIP","floor":18.0},{"not_picked":["Quick Slash","Cloak And Dagger","Infinite Blades"],"picked":"SKIP","floor":22.0},{"not_picked":["Blade Dance","Bane"],"picked":"Tactician+1","floor":23.0},{"not_picked":["Slice","Quick Slash+1"],"picked":"Night Terror","floor":25.0},{"not_picked":["Replay:Poison Smokescreen","Quick Slash"],"picked":"Deflect","floor":29.0},{"not_picked":["Heel Hook","Poisoned Stab"],"picked":"PiercingWail","floor":30.0},{"not_picked":["Slice","PiercingWail"],"picked":"Dash","floor":32.0},{"not_picked":["Underhanded Strike","Deflect","PiercingWail"],"picked":"SKIP","floor":33.0},{"not_picked":["Tools of the Trade","Phantasmal Killer"],"picked":"ReplayTheSpireMod:Necrosis","floor":35.0},{"not_picked":["Slice","Outmaneuver","Hidden Blade"],"picked":"SKIP","floor":37.0},{"not_picked":["Deflect","Outmaneuver+1","Quick Slash"],"picked":"SKIP","floor":39.0},{"not_picked":["Dagger Throw","Poisoned Stab+1"],"picked":"Bullet Time","floor":43.0},{"not_picked":["Quick Slash+1","After Image"],"picked":"Poison Darts","floor":46.0}],"player_experience":367957,"relics_obtained":[{"floor":6.0,"key":"Lantern"},{"floor":9.0,"key":"Nunchaku"},{"floor":11.0,"key":"Snake Skull"},{"floor":23.0,"key":"PreservedInsect"},{"floor":25.0,"key":"Blood Vial"},{"floor":28.0,"key":"Replay:Bandana"},{"floor":29.0,"key":"Replay:Mystery Machine"},{"floor":31.0,"key":"ReplayTheSpireMod:Ring of Collecting"},{"floor":31.0,"key":"Ring of Fangs"},{"floor":43.0,"key":"Replay:Bottled Eggs"},{"floor":45.0,"key":"ReplayFunnel"},{"floor":46.0,"key":"Bag of Marbles"}],"event_choices":[{"cards_removed":["Strike_G"],"damage_healed":0.0,"max_hp_gain":0.0,"max_hp_loss":0.0,"gold_gain":0.0,"event_name":"Golden Wing","player_choice":"Card Removal","floor":14.0,"gold_loss":0.0,"damage_taken":7.0},{"cards_removed":["Strike_G"],"damage_healed":0.0,"max_hp_gain":0.0,"max_hp_loss":0.0,"gold_gain":0.0,"event_name":"Back to Basics","player_choice":"Elegance","floor":20.0,"gold_loss":0.0,"damage_taken":0.0},{"damage_healed":0.0,"max_hp_gain":0.0,"max_hp_loss":0.0,"gold_gain":0.0,"event_name":"Vampires","player_choice":"Ignored","floor":21.0,"gold_loss":0.0,"damage_taken":0.0},{"damage_healed":0.0,"max_hp_gain":0.0,"max_hp_loss":0.0,"gold_gain":0.0,"event_name":"Match and Keep!","player_choice":"2 cards matched","floor":41.0,"gold_loss":0.0,"damage_taken":0.0,"cards_obtained":["ReplayTheSpireMod:Necrosis","Neutralize"]}],"is_beta":false,"boss_relics":[{"not_picked":["Velvet Choker","Cursed Key"],"picked":"Tiny House"},{"not_picked":["Kintsugi","Busted Crown"],"picked":"Replay:Grab Bag"},{"not_picked":["Runic Dome","Sozu"],"picked":"ChewingGum"},{"not_picked":["Coffee Dripper","Philosopher\u0027s Stone"],"picked":"SlaversCollar"},{"not_picked":["Astrolabe","WristBlade"],"picked":"SacredBark"}],"items_purged_floors":[10,12,19,38],"is_endless":false,"potions_floor_spawned":[1,3,4,5,6,16,18,29,30,32,33,35,46],"killed_by":"3 Darklings","ascension_level":17}}