{"host":"x1wt4ryasj4hxyw3","time":1612431474,"event":{"mods":["Act Like it!","BaseMod","CapriCore","CavMod","Gensokyo","GungeonMod","Lobotomy","LobotomyExtend","Minty Spire (QoL Compilation)","Prisma Mod","Quick Restart","RumiaBox-Â¶Ã×æ«µÄÉñÃØºÐ×Ó","StSLib","The Alterego","The Immortal","Yakumo Yukari mod","Youmu£¨»êÆÇÑýÃÎ£©","Yuyuko","¡¾¹¦ÄÜMod¡¿»ìãçÖ®»·ÐÞ¸´²¹¶¡"],"gold_per_floor":[135,8,25,25,36,48,48,68,92,17,17,17],"floor_reached":11,"language":"ZHS","playtime":923,"items_purged":["Pain"],"score":65,"play_id":"6e3fca82-938f-4065-b0e1-ab8027aa6c53","local_time":"20210204173754","is_ascension_mode":false,"campfire_choices":[{"data":"Shallow_ocean_purpleEX","floor":7.0,"key":"SMITH"}],"circlet_count":0,"master_deck":["AT_purpleEX","AT_purpleEX","AT_purpleEX","AT_purpleEX","Defend_purpleEX","Defend_purpleEX","Defend_purpleEX","Defend_purpleEX","Observe_purple_1","Observe_purple_2","CENSORED","Mirror_FormAndEmptin_purple","Boundary_of_Extermination_purpleEX","Shallow_ocean_purpleEX+1","Laetitia","StateDuplicate_purple","WallGazer","EighthInstrument_OneDividesIntoTwo_purple","OSAHOGD","RuleDissolution_purple","MHz","Mirror_TwoAndThreeElementRealm_purple"],"relics":["Boundary_crack","Memoryfragments_purpleEX","CogitoBucket","LetterFromLob","Gensokyo:LunaticRedEyes","DemoMod:LamentConfigurum"],"acts_visited":["Exordium"],"potions_floor_usage":[11],"damage_taken":[{"damage":6.0,"enemies":"Gensokyo:Python","floor":1.0,"turns":4.0},{"damage":1.0,"enemies":"Gensokyo:2_Kodama","floor":3.0,"turns":3.0},{"damage":7.0,"enemies":"Gensokyo:3_Fairies","floor":5.0,"turns":5.0},{"damage":26.0,"enemies":"Gensokyo:2_Rabbits","floor":6.0,"turns":8.0},{"damage":34.0,"enemies":"Gensokyo:VengefulSpirit","floor":8.0,"turns":5.0},{"damage":195,"enemies":"Gensokyo:Mamizou","floor":11,"turns":14}],"seed_played":"6675324885745641394","potions_obtained":[{"floor":1.0,"key":"DemoMod:BlankPotion"},{"floor":5.0,"key":"BlessingOfTheForge"},{"floor":6.0,"key":"SteroidPotion"}],"is_trial":false,"path_per_floor":["M","$","M","?","M","M","R","M","T","$","E"],"character_chosen":"Youkari","items_purchased":["Boundary_of_Extermination_purpleEX","Shallow_ocean_purpleEX"],"campfire_rested":0,"item_purchase_floors":[2,2],"current_hp_per_floor":[66,66,68,68,64,59,59,51,51,51,0,0],"gold":17,"neow_bonus":"","is_daily":false,"chose_seed":false,"campfire_upgraded":1,"win_rate":0.0,"timestamp":1612431474,"path_taken":["M","?","M","?","M","M","R","M","T","$","E"],"items_purchased_type":["Card","Card"],"build_version":"2020-12-22","purchased_purges":1,"victory":false,"max_hp_per_floor":[70,70,70,70,70,70,70,70,70,70,70,70],"card_choices":[{"not_picked":["PunishingBird","CherryBlossoms"],"picked":"CENSORED","floor":1.0},{"not_picked":["StretchesForeverDream_purple","SfantasyHide_purple"],"picked":"Mirror_FormAndEmptin_purple","floor":1.0},{"not_picked":["SnowQueen","Wellcheers"],"picked":"Laetitia","floor":3.0},{"not_picked":["AdvanceAttack_purple","Line_surface_state_purple"],"picked":"StateDuplicate_purple","floor":3.0},{"not_picked":["UniverseFragment","ShyLook","VoidDream"],"picked":"Singing Bowl","floor":5.0},{"not_picked":["CrumblingArmor","Wellcheers"],"picked":"WallGazer","floor":5.0},{"not_picked":["StateDuplicate_purple","Boundary_DreamRealityDamnation_purple"],"picked":"EighthInstrument_OneDividesIntoTwo_purple","floor":5.0},{"not_picked":["CherryBlossoms","BeautyBeast"],"picked":"OSAHOGD","floor":6.0},{"not_picked":["Worldmountain_purple","Line_surface_state_purple"],"picked":"RuleDissolution_purple","floor":6.0},{"not_picked":["Bloodbath","Funeral"],"picked":"MHz","floor":8.0},{"not_picked":["Charmbait_purple","StretchesForeverDream_purple"],"picked":"Mirror_TwoAndThreeElementRealm_purple","floor":8.0}],"player_experience":159466,"relics_obtained":[{"floor":1.0,"key":"LetterFromLob"},{"floor":9.0,"key":"DemoMod:LamentConfigurum"}],"event_choices":[],"is_beta":false,"boss_relics":[],"items_purged_floors":[10],"is_endless":false,"potions_floor_spawned":[1,5,6],"killed_by":"Gensokyo:Mamizou","ascension_level":0}}