{"host":"facnppb4175fcpe2","time":1612456518,"event":{"mods":["AchievementEnabler","BaseMod","Colored Map","Colored Powertips","Highlight Path","Minty Spire (QoL Compilation)","Quick Restart","Rare Cards Sparkle","Relic Stats","StSLib","SuperFastMode"],"gold_per_floor":[361,361,377,387,404,164,164,164,164],"floor_reached":8,"language":"ZHS","playtime":271,"items_purged":[],"score":65,"play_id":"03cc9908-7fc3-4cae-a279-8bd7444f8f26","local_time":"20210205003518","is_ascension_mode":true,"campfire_choices":[],"circlet_count":0,"master_deck":["Strike_R","Strike_R","Strike_R+1","Strike_R","Strike_R","Defend_R","Defend_R","Defend_R","Defend_R","Bash+1"],"relics":["Burning Blood","Letter Opener"],"acts_visited":["Exordium"],"potions_floor_usage":[8],"damage_taken":[{"damage":9.0,"enemies":"2 Louse","floor":1.0,"turns":3.0},{"damage":1.0,"enemies":"Cultist","floor":3.0,"turns":3.0},{"damage":8.0,"enemies":"Jaw Worm","floor":4.0,"turns":5.0},{"damage":29.0,"enemies":"Large Slime","floor":5.0,"turns":8.0},{"damage":39,"enemies":"3 Sentries","floor":8,"turns":12}],"seed_played":"-4501481751001182374","potions_obtained":[{"floor":1.0,"key":"BlessingOfTheForge"}],"is_trial":false,"path_per_floor":["M","?","M","M","M","$","?","E"],"character_chosen":"IRONCLAD","items_purchased":["Letter Opener"],"campfire_rested":0,"item_purchase_floors":[6],"current_hp_per_floor":[69,69,74,72,49,49,33,0,0],"gold":164,"neow_bonus":"TWO_FIFTY_GOLD","is_daily":false,"chose_seed":false,"campfire_upgraded":0,"win_rate":0.0,"timestamp":1612456518,"path_taken":["M","?","M","M","M","?","?","E"],"items_purchased_type":["Relic"],"build_version":"2020-12-22","purchased_purges":0,"victory":false,"max_hp_per_floor":[80,80,80,80,80,80,80,80,80],"relic_stats":{"counters":[5,31],"Letter Opener":[15],"obtain_stats":[{"Letter Opener":6,"Burning Blood":0},{"Letter Opener":4,"Burning Blood":0},{"Letter Opener":19,"Burning Blood":0}],"Burning Blood":24},"card_choices":[{"not_picked":["Pommel Strike","Perfected Strike","Flex"],"picked":"SKIP","floor":1.0},{"not_picked":["Warcry","Bloodletting","Infernal Blade"],"picked":"SKIP","floor":3.0},{"not_picked":["Heavy Blade","Flex","Warcry"],"picked":"SKIP","floor":4.0},{"not_picked":["Perfected Strike","Combust","Whirlwind"],"picked":"SKIP","floor":5.0}],"player_experience":128382,"relics_obtained":[],"event_choices":[{"cards_removed":["Decay"],"damage_healed":0.0,"max_hp_gain":0.0,"max_hp_loss":0.0,"gold_gain":0.0,"event_name":"Fountain of Cleansing","player_choice":"Removed Curses","floor":2.0,"gold_loss":0.0,"damage_taken":0.0},{"damage_healed":0.0,"max_hp_gain":0.0,"max_hp_loss":0.0,"gold_gain":0.0,"event_name":"Shining Light","player_choice":"Entered Light","floor":7.0,"gold_loss":0.0,"damage_taken":16.0,"cards_upgraded":["Bash","Strike_R"]}],"is_beta":false,"boss_relics":[],"items_purged_floors":[],"is_endless":false,"potions_floor_spawned":[1],"killed_by":"3 Sentries","ascension_level":7}}