{"host":"lehbxtjrpalkmwwj","time":1612463878,"event":{"mods":["Aspiration","BaseMod","Colored Map","Colored Powertips","Conspire","GungeonMod","KomeijiMod","Lobotomy","Minty Spire (QoL Compilation)","Quick Restart","Replay The Spire","Shop Mod","StSLib","The Cursed","The Poker Player","[IsaacMod]ÒÔÈö¼âËþ"],"gold_per_floor":[119,136,153,168,179,208,219,250,410,460,460,477,487,500,500,601,601,614,290,306,319,27,57,75,75,75,105,105,105,119,119,119,219,219,219],"floor_reached":34,"language":"ZHS","playtime":1055,"items_purged":[],"score":483,"play_id":"36402c11-efbf-4fcf-887e-b3c331f4f1a8","local_time":"20210205023758","is_ascension_mode":false,"campfire_choices":[{"floor":28.0,"key":"RECALL"},{"data":"Writhe","floor":32.0,"key":"PURGE"}],"circlet_count":0,"master_deck":["TheCursedMod:Strike_TheCursed","TheCursedMod:Strike_TheCursed","TheCursedMod:Strike_TheCursed","TheCursedMod:Strike_TheCursed","TheCursedMod:Defend_TheCursed","TheCursedMod:Defend_TheCursed","TheCursedMod:Defend_TheCursed","TheCursedMod:Defend_TheCursed","TheCursedMod:CursedWand","TheCursedMod:CleanUpWorkshop","TheCursedMod:Dregs","EpicFetus","TheCursedMod:SurpriseAttack","TheCursedMod:CircleOfBlood","TheCursedMod:CircleOfBlood","TheCursedMod:AbyssShockwave","TheCursedMod:CursedStaff","TheCursedMod:RavingStaff","TheCursedMod:TacticalStrike","TheCursedMod:SpreadPlague","TheCursedMod:CursedMace","TheCursedMod:RavingStaff","TheCursedMod:ShockAndAwe","TheCursedMod:ShockAndAwe","TheCursedMod:OutForBlood","TheCursedMod:CursedBlade","Mayhem","TheCursedMod:HellsGateOpen","TheCursedMod:HellfireBreathing+1","Apotheosis","ReplayTheSpireMod:IOU","TheCursedMod:ManaBullet","TheCursedMod:ManaBullet","ReplayTheSpireMod:IOU","TheCursedMod:ForbiddenAlchemy","TheCursedMod:ManaCirculation","TheCursedMod:RavingStaff+1","TheCursedMod:FleshFromBone+1","TheCursedMod:ReleasedStrength+1","RitualDagger","TheCursedMod:ParallelWorld"],"relics":["TheCursedMod:BlackMagic101","HushsDoor","Leech","aspiration:Nostalgia","Sizzling Blood","aspiration:HummingbirdHeart","D6","conspire:DeflatedDodgeball","Dream Catcher","DemoMod:GreenGuonStone","ChewingGum","ReplayTheSpireMod:CursedCoin","Membership Card","Replay:Wax Seal","Pen Nib","DemoMod:MeatBun","Lantern","Thread and Needle","Blue Doll","PokeGo","Blue Candle","Void","DemoMod:GlassGuonStoneRelic"],"acts_visited":["Exordium","TheCity"],"potions_floor_usage":[],"damage_taken":[{"damage":11.0,"enemies":"Jaw Worm","floor":1.0,"turns":2.0},{"damage":5.0,"enemies":"Cultist","floor":2.0,"turns":3.0},{"damage":6.0,"enemies":"2 Louse","floor":3.0,"turns":2.0},{"damage":11.0,"enemies":"Gremlin Gang","floor":4.0,"turns":6.0},{"damage":23.0,"enemies":"Exordium Thugs","floor":5.0,"turns":3.0},{"damage":28.0,"enemies":"Lagavulin","floor":6.0,"turns":5.0},{"damage":0.0,"enemies":"2 Fungi Beasts","floor":7.0,"turns":1.0},{"damage":0.0,"enemies":"Gremlin Nob","floor":8.0,"turns":2.0},{"damage":12.0,"enemies":"Hiden Room Battle","floor":10.0,"turns":4.0},{"damage":10.0,"enemies":"Large Slime","floor":12.0,"turns":4.0},{"damage":0.0,"enemies":"Exordium Thugs","floor":13.0,"turns":3.0},{"damage":0.0,"enemies":"2 Fungi Beasts","floor":14.0,"turns":2.0},{"damage":20.0,"enemies":"Fading Forest","floor":16.0,"turns":11.0},{"damage":4.0,"enemies":"Shell Parasite","floor":18.0,"turns":2.0},{"damage":0.0,"enemies":"Chosen","floor":20.0,"turns":2.0},{"damage":6.0,"enemies":"Shelled Parasite and Fungi","floor":21.0,"turns":3.0},{"damage":3.0,"enemies":"Gremlin Leader","floor":23.0,"turns":4.0},{"damage":0.0,"enemies":"Centurion and Healer","floor":24.0,"turns":4.0},{"damage":2.0,"enemies":"Book of Stabbing","floor":27.0,"turns":3.0},{"damage":8.0,"enemies":"Cultist and Chosen","floor":30.0,"turns":6.0},{"damage":48.0,"enemies":"Collector","floor":33.0,"turns":7.0}],"seed_played":"5135087178181464236","potions_obtained":[{"floor":1.0,"key":"BlessingOfTheForge"},{"floor":2.0,"key":"GamblersBrew"},{"floor":7.0,"key":"CalmPotion"},{"floor":8.0,"key":"Fire Potion"},{"floor":21.0,"key":"Fire Potion"},{"floor":24.0,"key":"LifebloodPotion"},{"floor":30.0,"key":"SkillPotion"}],"is_trial":false,"path_per_floor":["M","M","M","M","M","E","M","E","T","?","?","M","M","M","R_BF","B",null,"M","$","M","M","$","E","M","?","T","E","R","?","M","?","R_BF","B",null],"character_chosen":"THE_CURSED","items_purchased":["ReplayTheSpireMod:CursedCoin","TheCursedMod:OutForBlood","Membership Card","Replay:Wax Seal","Pen Nib","TheCursedMod:CursedBlade","Mayhem","TheCursedMod:HellsGateOpen","Apotheosis","DemoMod:MeatBun","Lantern","Thread and Needle","TheCursedMod:ManaBullet","TheCursedMod:ForbiddenAlchemy"],"campfire_rested":0,"item_purchase_floors":[19,19,19,19,19,19,19,19,22,22,22,22,22,22],"current_hp_per_floor":[73,74,73,76,67,57,61,69,69,68,89,84,89,89,82,73,89,89,89,89,89,89,89,89,89,89,89,89,89,86,80,80,46,46,46],"gold":219,"neow_bonus":"NOSTALGIA","is_daily":false,"chose_seed":false,"campfire_upgraded":0,"win_rate":0.0,"timestamp":1612463878,"path_taken":["M","M","M","M","M","E","M","E","T","?","?","?","M","M","R_BF","BOSS","M","$","M","M","$","E","M","?","T","E","R","?","M","?","R_BF","BOSS"],"items_purchased_type":["Relic","Card","Relic","Relic","Relic","Card","Card","Card","Card","Relic","Card","Relic","Card","Card"],"build_version":"2020-12-22","purchased_purges":0,"victory":false,"max_hp_per_floor":[79,79,79,79,79,79,79,79,79,79,89,89,89,89,89,89,89,89,89,89,89,89,89,89,89,89,89,89,89,89,89,89,89,89,89],"card_choices":[{"not_picked":[],"picked":"EpicFetus","floor":0.0},{"not_picked":["TheCursedMod:SurpriseAttack","TheCursedMod:CursedBlade"],"picked":"TheCursedMod:UltimatePain","floor":1.0},{"not_picked":["TheCursedMod:LuckyCharm","TheCursedMod:RapidMovement"],"picked":"TheCursedMod:SurpriseAttack","floor":2.0},{"not_picked":["TheCursedMod:CursedShiv","TheCursedMod:PrepareRite"],"picked":"TheCursedMod:CircleOfBlood","floor":3.0},{"not_picked":["TheCursedMod:CircleOfFocus","TheCursedMod:Grudge"],"picked":"TheCursedMod:CircleOfBlood","floor":4.0},{"not_picked":["TheCursedMod:WearCloak","TheCursedMod:HellfireBreathing"],"picked":"TheCursedMod:AbyssShockwave","floor":5.0},{"not_picked":["TheCursedMod:RavingStaff","TheCursedMod:CursedBlade"],"picked":"TheCursedMod:CursedStaff","floor":6.0},{"not_picked":["TheCursedMod:SpitefulStrike","TheCursedMod:CursedShiv"],"picked":"TheCursedMod:RavingStaff","floor":7.0},{"not_picked":["TheCursedMod:EmpowerCircles","TheCursedMod:Stretching"],"picked":"TheCursedMod:TacticalStrike","floor":8.0},{"not_picked":["TheCursedMod:Evocation","TheCursedMod:ReleasedKnowledge"],"picked":"TheCursedMod:SpreadPlague","floor":10.0},{"not_picked":["TheCursedMod:CursedBlade","TheCursedMod:FleshFromBone"],"picked":"TheCursedMod:CursedMace","floor":12.0},{"not_picked":["TheCursedMod:Stretching","TheCursedMod:Torture"],"picked":"TheCursedMod:RavingStaff","floor":13.0},{"not_picked":["TheCursedMod:CircleOfFocus","Bomb"],"picked":"TheCursedMod:ShockAndAwe","floor":14.0},{"not_picked":["TheCursedMod:CursedRelics","TheCursedMod:CircleOfAbyss"],"picked":"TheCursedMod:ShockAndAwe","floor":16.0},{"not_picked":["TheCursedMod:RapidMovement","TheCursedMod:CircleOfCorruption+1","TheCursedMod:LuckyCharm"],"picked":"SKIP","floor":18.0},{"not_picked":["TheCursedMod:PrepareRite","TheCursedMod:VitalStrike"],"picked":"TheCursedMod:HellfireBreathing+1","floor":20.0},{"not_picked":["TheCursedMod:CircleOfCorruption","TheCursedMod:RapidMovement","TheCursedMod:Obscuration"],"picked":"SKIP","floor":21.0},{"not_picked":["TheCursedMod:Obscuration","TheCursedMod:SaltUponWound"],"picked":"TheCursedMod:ManaCirculation","floor":23.0},{"not_picked":["TheCursedMod:CursedShiv","TheCursedMod:Wield"],"picked":"TheCursedMod:RavingStaff+1","floor":24.0},{"not_picked":["TheCursedMod:TacticalStrike","TheCursedMod:Stigma+1"],"picked":"TheCursedMod:FleshFromBone+1","floor":27.0},{"not_picked":["TheCursedMod:Torture","TheCursedMod:Hemoplague"],"picked":"TheCursedMod:ReleasedStrength+1","floor":30.0},{"not_picked":["TheCursedMod:UltimatePain","TheCursedMod:DemonSword"],"picked":"TheCursedMod:ParallelWorld","floor":33.0}],"player_experience":123602,"relics_obtained":[{"floor":6.0,"key":"aspiration:HummingbirdHeart"},{"floor":8.0,"key":"D6"},{"floor":10.0,"key":"conspire:DeflatedDodgeball"},{"floor":10.0,"key":"Dream Catcher"},{"floor":23.0,"key":"Blue Doll"},{"floor":26.0,"key":"Blue Candle"},{"floor":27.0,"key":"Void"}],"event_choices":[{"damage_healed":0.0,"max_hp_gain":0.0,"max_hp_loss":0.0,"gold_gain":0.0,"event_name":"HidenRoomEvent","player_choice":"Fight","floor":10.0,"gold_loss":0.0,"damage_taken":0.0},{"cards_removed":["TheCursedMod:UltimatePain"],"damage_healed":11.0,"max_hp_gain":10.0,"max_hp_loss":0.0,"gold_gain":0.0,"event_name":"Bonfire Elementals","player_choice":"Offered Rare","floor":11.0,"gold_loss":0.0,"damage_taken":0.0},{"damage_healed":0.0,"max_hp_gain":0.0,"max_hp_loss":0.0,"gold_gain":0.0,"event_name":"Scrap Ooze","player_choice":"Success","floor":15.0,"gold_loss":0.0,"damage_taken":7.0,"relics_obtained":["DemoMod:GreenGuonStone"]},{"damage_healed":0.0,"max_hp_gain":0.0,"max_hp_loss":0.0,"gold_gain":0.0,"event_name":"WeMeetAgain","player_choice":"Gave Potion","floor":25.0,"gold_loss":0.0,"damage_taken":0.0,"relics_obtained":["PokeGo"]},{"damage_healed":0.0,"max_hp_gain":0.0,"max_hp_loss":0.0,"gold_gain":0.0,"event_name":"Nest","player_choice":"Joined the Cult","floor":31.0,"gold_loss":0.0,"damage_taken":6.0,"cards_obtained":["RitualDagger"]}],"is_beta":false,"boss_relics":[{"not_picked":["Coffee Dripper","Fusion Hammer"],"picked":"ChewingGum"},{"not_picked":[]}],"items_purged_floors":[],"is_endless":false,"potions_floor_spawned":[1,2,7,8,10,12,21,24,30,33],"ascension_level":0}}