{"host":"h0xw20cia6ppa69g","time":1612420837,"event":{"mods":["AchievementEnabler","BaseMod","Colored Map","Filter the Spire","Googly Eyes","Minty Spire (QoL Compilation)","Relic Stats","StSLib","The Awakened One except there are too many feathers","everything is the same but u backflip on backflip"],"gold_per_floor":[109,184,484,27,27,54,65,91,91,121,121,63,63,17,17,141,141,160,108,4,103,127,160,160,181,205,246,265,390,423,442,442,568,568,582,582,597,226,250,289,289,324,400,425,278,314,314,339,339,339,339,339,29,69,69],"floor_reached":56,"language":"ENG","playtime":2943,"items_purged":["Pain","Dagger Spray"],"score":1828,"play_id":"e0f4196e-954b-44c0-9c73-192cbf30a2c5","local_time":"20210204004037","is_ascension_mode":true,"campfire_choices":[{"data":"Envenom","floor":15,"key":"SMITH"},{"data":"Calculated Gamble","floor":24,"key":"SMITH"},{"data":"Phantasmal Killer","floor":32,"key":"SMITH"},{"floor":41,"key":"RECALL"},{"data":"Wraith Form v2","floor":47,"key":"SMITH"},{"data":"Finisher","floor":49,"key":"SMITH"},{"data":"Neutralize","floor":52,"key":"SMITH"}],"circlet_count":0,"master_deck":["Survivor","Neutralize+1","Backstab","Predator","Wraith Form v2+1","Calculated Gamble+1","Envenom+1","Deflect","Catalyst","Backstab","Backflip","Dodge and Roll","Noxious Fumes","Blade Dance","Escape Plan","Dagger Throw","Footwork","Infinite Blades","Well Laid Plans","Dodge and Roll","Adrenaline","Finisher","Cloak And Dagger","Phantasmal Killer+1","Dodge and Roll","Acrobatics","Tactician","Concentrate","Prepared+1","Storm of Steel","PiercingWail+1","Noxious Fumes","Blade Dance","Crippling Poison+1","Finisher+1","Cloak And Dagger+1","PiercingWail","Blade Dance+1","Envenom","Leg Sweep","Setup+1","Caltrops","Flechettes"],"relics":["Pandora\u0027s Box","Old Coin","Membership Card","Kunai","Snake Skull","WarpedTongs","Ginger","FossilizedHelix","Gremlin Horn","Orichalcum","Golden Idol","Runic Pyramid","Bag of Marbles","Potion Belt","Mummified Hand","Thread and Needle","Letter Opener","Oddly Smooth Stone","Pantograph","Darkstone Periapt","DollysMirror","Bag of Preparation","Ninja Scroll","TungstenRod","Centennial Puzzle","Medical Kit","Incense Burner","Lizard Tail"],"acts_visited":["Exordium","TheCity","TheBeyond","TheEnding"],"potions_floor_usage":[8,23,29,55,55,55,55,55],"damage_taken":[{"damage":0,"enemies":"Small Slimes","floor":1,"turns":2},{"damage":6,"enemies":"Gremlin Nob","floor":6,"turns":4},{"damage":0,"enemies":"2 Louse","floor":7,"turns":1},{"damage":8,"enemies":"3 Sentries","floor":8,"turns":5},{"damage":0,"enemies":"Lagavulin","floor":10,"turns":4},{"damage":0,"enemies":"Slime Boss","floor":16,"turns":6},{"damage":2,"enemies":"2 Thieves","floor":18,"turns":4},{"damage":0,"enemies":"Spheric Guardian","floor":22,"turns":2},{"damage":0,"enemies":"Gremlin Leader","floor":23,"turns":5},{"damage":0,"enemies":"Centurion and Healer","floor":25,"turns":4},{"damage":0,"enemies":"Slavers","floor":27,"turns":4},{"damage":0,"enemies":"Cultist and Chosen","floor":28,"turns":4},{"damage":0,"enemies":"Colosseum Slavers","floor":29,"turns":3},{"damage":18,"enemies":"Colosseum Nobs","floor":29,"turns":4},{"damage":7,"enemies":"Book of Stabbing","floor":30,"turns":5},{"damage":7,"enemies":"Snake Plant","floor":31,"turns":2},{"damage":0,"enemies":"Champ","floor":33,"turns":8},{"damage":0,"enemies":"3 Darklings","floor":35,"turns":5},{"damage":0,"enemies":"Orb Walker","floor":37,"turns":3},{"damage":0,"enemies":"Maw","floor":39,"turns":5},{"damage":0,"enemies":"Nemesis","floor":40,"turns":5},{"damage":0,"enemies":"Giant Head","floor":42,"turns":6},{"damage":0,"enemies":"3 Darklings","floor":44,"turns":3},{"damage":0,"enemies":"Reptomancer","floor":46,"turns":4},{"damage":0,"enemies":"Spire Growth","floor":48,"turns":5},{"damage":0,"enemies":"Time Eater","floor":50,"turns":10},{"damage":0,"enemies":"Shield and Spear","floor":54,"turns":4},{"damage":38,"enemies":"The Heart","floor":55,"turns":7}],"seed_played":"2727218321787453720","potions_obtained":[{"floor":1,"key":"BlessingOfTheForge"},{"floor":7,"key":"DistilledChaos"},{"floor":16,"key":"FearPotion"},{"floor":18,"key":"DuplicationPotion"},{"floor":27,"key":"Strength Potion"},{"floor":30,"key":"Dexterity Potion"},{"floor":35,"key":"Swift Potion"},{"floor":42,"key":"LiquidMemories"}],"is_trial":false,"path_per_floor":["M","?","?","$","?","E","M","E","T","E","?","$","?","$","R","B",null,"M","$","$","?","M","E","R","M","T","E","M","?","E","M","R","B",null,"M","?","M","$","M","E","R","E","T","M","$","E","R","M","R","B",null,"R","$","E","B",null],"character_chosen":"THE_SILENT","items_purchased":["Membership Card","Kunai","Snake Skull","Dodge and Roll","Noxious Fumes","CunningPotion","Infinite Blades","Well Laid Plans","Dodge and Roll","Finisher","Cloak And Dagger","Phantasmal Killer","Dodge and Roll","Pantograph","Darkstone Periapt","DollysMirror","TungstenRod","Medical Kit","Incense Burner","Caltrops","GamblersBrew"],"campfire_rested":0,"item_purchase_floors":[4,4,4,4,4,4,12,14,14,19,19,20,20,38,38,38,45,53,53,53,53],"current_hp_per_floor":[70,59,52,52,52,46,46,38,38,38,21,21,70,70,70,70,70,68,68,68,68,68,68,68,68,68,68,68,50,43,36,36,36,70,70,66,66,66,66,66,66,66,66,66,66,66,66,66,66,66,66,66,66,66,28],"gold":69,"neow_bonus":"BOSS_RELIC","is_daily":false,"chose_seed":false,"campfire_upgraded":6,"win_rate":0.0,"timestamp":1612420837,"path_taken":["M","?","?","$","?","E","?","E","T","E","?","?","?","$","R","BOSS","M","?","$","?","M","E","R","M","T","E","M","?","E","M","R","BOSS","M","?","M","$","M","E","R","E","T","M","$","E","R","M","R","BOSS","R","$","E","BOSS"],"items_purchased_type":["Relic","Relic","Relic","Card","Card","Potion","Card","Card","Card","Card","Card","Card","Card","Relic","Relic","Relic","Relic","Relic","Relic","Card","Potion"],"build_version":"2020-12-22","purchased_purges":2,"victory":true,"max_hp_per_floor":[70,70,70,70,70,70,70,70,70,70,70,70,70,70,70,70,70,70,70,70,70,70,70,70,70,70,70,70,70,70,70,70,70,70,70,66,66,66,66,66,66,66,66,66,66,66,66,66,66,66,66,66,66,66,66],"relic_stats":{"Darkstone Periapt":0,"Gremlin Horn":[23,23],"counters":[28,124],"Golden Idol":218,"Snake Skull":[393],"Bag of Preparation":[14],"Ginger":[16],"Letter Opener":[221],"Orichalcum":[156],"Medical Kit":[3],"WarpedTongs":[122],"Centennial Puzzle":[3],"Lizard Tail":0,"Mummified Hand":[87],"Pantograph":0,"Pandora\u0027s Box":["Backstab","Predator","Wraith Form v2","Calculated Gamble","Dagger Spray","Masterful Stab","Envenom","Deflect","Catalyst","Backstab"],"Kunai":[114],"obtain_stats":[{"Darkstone Periapt":38,"Gremlin Horn":9,"Snake Skull":4,"Bag of Preparation":40,"Incense Burner":53,"Ginger":6,"Old Coin":3,"Centennial Puzzle":46,"Lizard Tail":54,"Mummified Hand":27,"DollysMirror":38,"Ninja Scroll":42,"Pantograph":38,"Kunai":4,"Ring of the Snake":0,"Runic Pyramid":17,"Potion Belt":26,"Golden Idol":11,"Oddly Smooth Stone":30,"Thread and Needle":29,"Letter Opener":29,"Orichalcum":10,"Medical Kit":53,"WarpedTongs":5,"Pandora\u0027s Box":0,"Bag of Marbles":23,"Membership Card":4,"FossilizedHelix":8,"TungstenRod":45},{"Darkstone Periapt":19,"Gremlin Horn":4,"Snake Skull":1,"Bag of Preparation":21,"Incense Burner":26,"Ginger":2,"Old Coin":1,"Centennial Puzzle":24,"Lizard Tail":27,"Mummified Hand":11,"DollysMirror":19,"Ninja Scroll":22,"Pantograph":19,"Kunai":1,"Ring of the Snake":0,"Runic Pyramid":6,"Potion Belt":10,"Golden Idol":5,"Oddly Smooth Stone":15,"Thread and Needle":14,"Letter Opener":14,"Orichalcum":5,"Medical Kit":26,"WarpedTongs":1,"Pandora\u0027s Box":0,"Bag of Marbles":9,"Membership Card":1,"FossilizedHelix":4,"TungstenRod":23},{"Darkstone Periapt":75,"Gremlin Horn":12,"Snake Skull":2,"Bag of Preparation":85,"Incense Burner":113,"Ginger":6,"Old Coin":2,"Centennial Puzzle":98,"Lizard Tail":117,"Mummified Hand":41,"DollysMirror":75,"Ninja Scroll":91,"Pantograph":75,"Kunai":2,"Ring of the Snake":0,"Runic Pyramid":22,"Potion Belt":37,"Golden Idol":16,"Oddly Smooth Stone":57,"Thread and Needle":52,"Letter Opener":52,"Orichalcum":16,"Medical Kit":113,"WarpedTongs":2,"Pandora\u0027s Box":0,"Bag of Marbles":33,"Membership Card":2,"FossilizedHelix":12,"TungstenRod":94}],"TungstenRod":26},"card_choices":[{"not_picked":["Bouncing Flask","Infinite Blades"],"picked":"Backflip","floor":1},{"not_picked":["Dagger Spray","Eviscerate"],"picked":"Blade Dance","floor":6},{"not_picked":["Slice","Skewer"],"picked":"Escape Plan","floor":7},{"not_picked":["Catalyst","Setup"],"picked":"Dagger Throw","floor":8},{"not_picked":["Skewer","Blur"],"picked":"Footwork","floor":10},{"not_picked":["Envenom","Doppelganger"],"picked":"Adrenaline","floor":16},{"not_picked":["Poisoned Stab","Underhanded Strike","All Out Attack+1"],"picked":"SKIP","floor":18},{"not_picked":["Poisoned Stab+1","Flying Knee"],"picked":"Acrobatics","floor":22},{"not_picked":["Underhanded Strike+1","Noxious Fumes"],"picked":"Tactician","floor":23},{"not_picked":["Deadly Poison","All Out Attack"],"picked":"Concentrate","floor":25},{"not_picked":["PiercingWail+1","Dagger Throw"],"picked":"Prepared+1","floor":27},{"not_picked":["Deflect","Masterful Stab","Backflip"],"picked":"SKIP","floor":28},{"not_picked":["All Out Attack","Distraction"],"picked":"Storm of Steel","floor":29},{"not_picked":["Setup","Acrobatics"],"picked":"PiercingWail+1","floor":30},{"not_picked":["Backflip","Deadly Poison"],"picked":"Noxious Fumes","floor":31},{"not_picked":["Deflect","PiercingWail+1"],"picked":"Blade Dance","floor":35},{"not_picked":["Flechettes+1","Predator"],"picked":"Crippling Poison+1","floor":37},{"not_picked":["Deadly Poison+1","Concentrate+1"],"picked":"Cloak And Dagger+1","floor":39},{"not_picked":["Deadly Poison+1","Masterful Stab"],"picked":"PiercingWail","floor":40},{"not_picked":["Prepared","Heel Hook"],"picked":"Blade Dance+1","floor":42},{"not_picked":["Acrobatics+1","Heel Hook"],"picked":"Envenom","floor":44},{"not_picked":["Backflip","Acrobatics+1"],"picked":"Leg Sweep","floor":46},{"not_picked":["Finisher","Catalyst+1"],"picked":"Setup+1","floor":48},{"not_picked":["Leg Sweep+1","Catalyst+1"],"picked":"Flechettes","floor":54}],"player_experience":3812395,"relics_obtained":[{"floor":6,"key":"Ginger"},{"floor":8,"key":"FossilizedHelix"},{"floor":9,"key":"Gremlin Horn"},{"floor":10,"key":"Orichalcum"},{"floor":23,"key":"Bag of Marbles"},{"floor":26,"key":"Potion Belt"},{"floor":27,"key":"Mummified Hand"},{"floor":29,"key":"Thread and Needle"},{"floor":29,"key":"Letter Opener"},{"floor":30,"key":"Oddly Smooth Stone"},{"floor":40,"key":"Bag of Preparation"},{"floor":42,"key":"Ninja Scroll"},{"floor":46,"key":"Centennial Puzzle"},{"floor":54,"key":"Lizard Tail"}],"event_choices":[{"damage_healed":0,"gold_gain":75,"player_choice":"Gather Gold","damage_taken":11,"max_hp_gain":0,"max_hp_loss":0,"event_name":"World of Goop","floor":2,"gold_loss":0},{"damage_healed":0,"gold_gain":0,"player_choice":"Success","damage_taken":7,"relics_obtained":["Old Coin"],"max_hp_gain":0,"max_hp_loss":0,"event_name":"Scrap Ooze","floor":3,"gold_loss":0},{"damage_healed":0,"gold_gain":0,"player_choice":"Rummage","damage_taken":0,"relics_obtained":["WarpedTongs"],"max_hp_gain":0,"max_hp_loss":0,"event_name":"Accursed Blacksmith","floor":5,"gold_loss":0,"cards_obtained":["Pain"]},{"damage_healed":0,"gold_gain":0,"player_choice":"Take Damage","damage_taken":17,"relics_obtained":["Golden Idol"],"max_hp_gain":0,"max_hp_loss":0,"event_name":"Golden Idol","floor":11,"gold_loss":0},{"cards_removed":["Masterful Stab"],"damage_healed":49,"gold_gain":0,"player_choice":"Offered Uncommon","damage_taken":0,"max_hp_gain":0,"max_hp_loss":0,"event_name":"Bonfire Elementals","floor":13,"gold_loss":0},{"damage_healed":0,"gold_gain":99,"player_choice":"Stole From Cult","damage_taken":0,"max_hp_gain":0,"max_hp_loss":0,"event_name":"Nest","floor":21,"gold_loss":0},{"damage_healed":0,"gold_gain":0,"player_choice":"Fight","damage_taken":0,"max_hp_gain":0,"max_hp_loss":0,"event_name":"Colosseum","floor":29,"gold_loss":0},{"damage_healed":0,"gold_gain":0,"player_choice":"Fought Nobs","damage_taken":0,"max_hp_gain":0,"max_hp_loss":0,"event_name":"Colosseum","floor":29,"gold_loss":0},{"damage_healed":0,"gold_gain":0,"player_choice":"Max HP","damage_taken":0,"max_hp_gain":0,"max_hp_loss":4,"event_name":"Winding Halls","floor":36,"gold_loss":0}],"is_beta":false,"boss_relics":[{"not_picked":["Tiny House","Sozu"],"picked":"Runic Pyramid"},{"not_picked":["Runic Dome","Busted Crown","Velvet Choker"]}],"items_purged_floors":[12,38],"is_endless":false,"potions_floor_spawned":[1,7,16,18,27,29,30,35,42],"ascension_level":1}}