{"host":"8d3fefv2347kqkpz","time":1612426332,"event":{"mods":["AchievementEnabler","Act Like it!","Aspiration","BaseMod","Better Vampires","Colored Map","Colored Powertips","Conspire","GifTheSpireLib","Highlight Path","Hubris","Mimic Mod","Minty Spire (QoL Compilation)","Quick Restart","Rare Cards Sparkle","Relic Stats","Replay The Spire","Spicy Shops","StSLib","The Jungle","Waifu the Spire"],"gold_per_floor":[113,124,144,69,69,97,97,131,164,164,175,191,226,28,28,132,132,146,146,46,0,14,14,14,14,38,38,50,82,82,99,99,99,99],"floor_reached":33,"language":"ZHS","playtime":1211,"items_purged":["Strike_R","Strike_R","ReplayTheSpireMod:Splinters"],"score":297,"play_id":"edfe70f8-65be-45e8-9784-b88edbed4d99","local_time":"20210204161212","is_ascension_mode":true,"campfire_choices":[{"floor":7.0,"key":"REST"},{"floor":10.0,"key":"REST"},{"floor":15.0,"key":"REST"},{"data":"Rampage","floor":23.0,"key":"SMITH"},{"data":"Armaments","floor":25.0,"key":"SMITH"},{"floor":30.0,"key":"REST"},{"floor":32.0,"key":"REST"}],"circlet_count":0,"master_deck":["Strike_R","Defend_R","Defend_R","Defend_R","Combust","Headbutt","Rampage+1","Armaments+1","hubris:Wrath","Pommel Strike+1"],"relics":["Burning Blood","NeowsBlessing","aspiration:AnachronicSnailShell","Replay:Baseball","aspiration:HiddenCompartment","The Courier","Kintsugi","Dream Catcher","Red Skull"],"acts_visited":["Exordium","TheCity"],"potions_floor_usage":[33,33],"damage_taken":[{"damage":0.0,"enemies":"Cultist","floor":1.0,"turns":1.0},{"damage":0.0,"enemies":"Small Slimes","floor":2.0,"turns":1.0},{"damage":0.0,"enemies":"Jaw Worm","floor":3.0,"turns":1.0},{"damage":42.0,"enemies":"3 Sentries","floor":6.0,"turns":8.0},{"damage":34.0,"enemies":"Gremlin Nob","floor":8.0,"turns":5.0},{"damage":5.0,"enemies":"Looter","floor":9.0,"turns":6.0},{"damage":9.0,"enemies":"Looter","floor":11.0,"turns":3.0},{"damage":11.0,"enemies":"2 Fungi Beasts","floor":12.0,"turns":4.0},{"damage":9.0,"enemies":"3 Sentries","floor":13.0,"turns":6.0},{"damage":43.0,"enemies":"The Guardian","floor":16.0,"turns":12.0},{"damage":14.0,"enemies":"3 Byrds","floor":18.0,"turns":5.0},{"damage":8.0,"enemies":"Shell Parasite","floor":22.0,"turns":5.0},{"damage":18.0,"enemies":"Snake Plant","floor":28.0,"turns":7.0},{"damage":55.0,"enemies":"Slavers","floor":29.0,"turns":7.0},{"damage":8.0,"enemies":"3 Cultists","floor":31.0,"turns":5.0},{"damage":61,"enemies":"hubris:MusketHawk","floor":33,"turns":7}],"seed_played":"6410413198031267637","potions_obtained":[{"floor":1.0,"key":"Fire Potion"},{"floor":2.0,"key":"Block Potion"},{"floor":11.0,"key":"Block Potion"},{"floor":12.0,"key":"DuplicationPotion"},{"floor":29.0,"key":"AttackPotion"}],"is_trial":false,"path_per_floor":["M","M","M","$","$","E","R","E","MIM","R","M","M","E","$","R","B",null,"M","?","$","?","M","R","?","R","T","$","M","E","R","M","R","B"],"character_chosen":"IRONCLAD","items_purchased":["conspire:HitWhereItHurts"],"campfire_rested":5,"item_purchase_floors":[14],"current_hp_per_floor":[80,80,80,80,80,44,68,40,41,65,62,57,54,54,78,41,80,72,72,72,72,70,70,70,70,70,70,58,9,33,31,55,0,0],"gold":99,"neow_bonus":"THREE_ENEMY_KILL","is_daily":false,"chose_seed":false,"campfire_upgraded":2,"win_rate":0.0,"timestamp":1612426332,"path_taken":["M","M","?","?","$","E","R","E","MIM","R","M","M","E","$","R","BOSS","M","?","$","?","M","R","?","R","T","?","M","E","R","M","R","BOSS"],"items_purchased_type":["Card"],"build_version":"2020-12-22","purchased_purges":3,"victory":false,"max_hp_per_floor":[80,80,80,80,80,80,80,80,80,80,80,80,80,80,80,80,80,80,80,80,80,80,80,80,80,80,80,80,80,80,80,80,80,80],"relic_stats":{"Dream Catcher":2,"counters":[16,83],"obtain_stats":[{"Replay:Baseball":8,"Dream Catcher":26,"NeowsBlessing":0,"aspiration:AnachronicSnailShell":6,"The Courier":13,"Kintsugi":17,"aspiration:HiddenCompartment":9,"Burning Blood":0,"Red Skull":29},{"Replay:Baseball":5,"Dream Catcher":12,"NeowsBlessing":0,"aspiration:AnachronicSnailShell":4,"The Courier":9,"Kintsugi":10,"aspiration:HiddenCompartment":6,"Burning Blood":0,"Red Skull":14},{"Replay:Baseball":16,"Dream Catcher":57,"NeowsBlessing":0,"aspiration:AnachronicSnailShell":11,"The Courier":35,"Kintsugi":47,"aspiration:HiddenCompartment":22,"Burning Blood":0,"Red Skull":71}],"Burning Blood":72},"card_choices":[{"not_picked":["Second Wind","Abandon"],"picked":"Combust","floor":1.0},{"not_picked":["Thunderclap","Pummel","Clothesline"],"picked":"SKIP","floor":2.0},{"not_picked":["Perfected Strike","Clash","Iron Wave"],"picked":"SKIP","floor":3.0},{"not_picked":["Eclipse","Evolve"],"picked":"Headbutt","floor":6.0},{"not_picked":["ReplayReversal","Exhume"],"picked":"Rampage","floor":8.0},{"not_picked":["hubris:ReadiedAction","Cleave","Sword Boomerang"],"picked":"SKIP","floor":11.0},{"not_picked":["Body Slam","Sword Boomerang"],"picked":"Armaments","floor":12.0},{"not_picked":["Uppercut","Havoc","Pummel"],"picked":"SKIP","floor":13.0},{"not_picked":["Sword Boomerang","Flex","Dark Embrace+1"],"picked":"SKIP","floor":18.0},{"not_picked":["Sword Boomerang","Dark Embrace","Replay:Undeath\u0027s Touch"],"picked":"SKIP","floor":22.0},{"not_picked":["Havoc","True Grit","Shrug It Off"],"picked":"SKIP","floor":28.0},{"not_picked":["Cleave+1","Exhume"],"picked":"Pommel Strike+1","floor":29.0},{"not_picked":["Run Through+1","Havoc","Replay:Undeath\u0027s Touch+1"],"picked":"SKIP","floor":31.0}],"player_experience":246647,"relics_obtained":[{"floor":6.0,"key":"aspiration:AnachronicSnailShell"},{"floor":8.0,"key":"Replay:Baseball"},{"floor":9.0,"key":"aspiration:HiddenCompartment"},{"floor":13.0,"key":"The Courier"},{"floor":26.0,"key":"Dream Catcher"},{"floor":29.0,"key":"Red Skull"}],"event_choices":[{"damage_healed":0.0,"max_hp_gain":0.0,"max_hp_loss":0.0,"gold_gain":0.0,"event_name":"Ghosts","player_choice":"Ignored","floor":19.0,"gold_loss":0.0,"damage_taken":0.0},{"damage_healed":0.0,"max_hp_gain":0.0,"max_hp_loss":0.0,"gold_gain":0.0,"event_name":"Masked Bandits","player_choice":"Paid Fearfully","floor":21.0,"gold_loss":46.0,"damage_taken":0.0},{"damage_healed":0.0,"max_hp_gain":0.0,"max_hp_loss":0.0,"gold_gain":0.0,"event_name":"Cursed Tome","player_choice":"Ignored","floor":24.0,"gold_loss":0.0,"damage_taken":0.0}],"is_beta":false,"boss_relics":[{"not_picked":["Runic Pyramid","Fusion Hammer"],"picked":"Kintsugi"}],"items_purged_floors":[4,14,20],"is_endless":false,"potions_floor_spawned":[1,2,11,12,22,28,29],"killed_by":"hubris:MusketHawk","ascension_level":1}}