{"host":"2wp95sdfrgw3k439","time":1612466086,"event":{"mods":["BaseMod","Better Altar","Better Skull","Better Third Choice","Curses Come First","Minty Spire (QoL Compilation)","Permanent Neow","StSLib"],"gold_per_floor":[115,125,125,125,145,145,175,250,250,250,19,19,33,57,57,57,57],"floor_reached":16,"language":"ENG","playtime":470,"items_purged":["Strike_R"],"score":145,"play_id":"4d930eef-e226-4e95-9973-0b18bfffdcfc","local_time":"20210204121446","is_ascension_mode":true,"campfire_choices":[{"data":"Pommel Strike","floor":6,"key":"SMITH"},{"floor":12,"key":"REST"},{"floor":15,"key":"REST"}],"circlet_count":0,"master_deck":["Strike_R","Strike_R","Defend_R","Defend_R","Defend_R","Defend_R","Bash","Dropkick","Thunderclap","Burning Pact","Thunderclap","Pommel Strike+1","Flame Barrier"],"relics":["Burning Blood","CaptainsWheel","Bottled Flame","Golden Idol","Blood Vial"],"acts_visited":["Exordium"],"potions_floor_usage":[7,16],"damage_taken":[{"damage":7,"enemies":"Jaw Worm","floor":1,"turns":3},{"damage":0,"enemies":"Small Slimes","floor":2,"turns":3},{"damage":1,"enemies":"Cultist","floor":5,"turns":3},{"damage":44,"enemies":"Lagavulin","floor":7,"turns":5},{"damage":11,"enemies":"2 Fungi Beasts","floor":13,"turns":3},{"damage":1,"enemies":"Looter","floor":14,"turns":3},{"damage":76,"enemies":"Slime Boss","floor":16,"turns":18}],"seed_played":"8245581082226540959","potions_obtained":[{"floor":2,"key":"PowerPotion"},{"floor":7,"key":"Weak Potion"},{"floor":14,"key":"HeartOfIron"}],"is_trial":false,"path_per_floor":["M","M","?","?","M","R","E","?","T","?","$","R","M","M","R","B"],"character_chosen":"IRONCLAD","items_purchased":["Blood Vial"],"campfire_rested":2,"item_purchase_floors":[11],"current_hp_per_floor":[71,77,82,82,85,85,47,36,36,15,15,40,37,44,69,0,0],"gold":57,"neow_bonus":"TRANSFORM_CARD","is_daily":false,"chose_seed":false,"campfire_upgraded":1,"win_rate":0.0,"timestamp":1612466086,"path_taken":["M","M","?","?","?","R","E","?","T","?","?","R","?","M","R","BOSS"],"items_purchased_type":["Relic"],"build_version":"2020-12-22","purchased_purges":1,"victory":false,"max_hp_per_floor":[80,80,85,85,85,85,85,85,85,85,85,85,85,85,85,85,85],"card_choices":[{"not_picked":["Sever Soul","Iron Wave"],"picked":"Thunderclap","floor":1},{"not_picked":["Blood for Blood","Thunderclap"],"picked":"Burning Pact","floor":2},{"not_picked":["Wild Strike","Flex"],"picked":"Pommel Strike","floor":5},{"not_picked":["Rampage","Entrench","Clash"],"picked":"SKIP","floor":7},{"not_picked":["Dark Embrace","Ghostly Armor"],"picked":"Flame Barrier","floor":13},{"not_picked":["True Grit","Heavy Blade","Anger"],"picked":"SKIP","floor":14}],"player_experience":536986,"relics_obtained":[{"floor":7,"key":"CaptainsWheel"},{"floor":9,"key":"Bottled Flame"}],"event_choices":[{"damage_healed":0,"gold_gain":0,"player_choice":"Donut","damage_taken":0,"max_hp_gain":5,"max_hp_loss":0,"event_name":"Big Fish","floor":3,"gold_loss":0},{"damage_healed":0,"gold_gain":0,"cards_transformed":["Strike_R"],"player_choice":"Transformed","damage_taken":0,"max_hp_gain":0,"max_hp_loss":0,"event_name":"Transmorgrifier","floor":4,"gold_loss":0,"cards_obtained":["Thunderclap"]},{"damage_healed":0,"gold_gain":75,"player_choice":"Gold","damage_taken":11,"max_hp_gain":0,"max_hp_loss":0,"event_name":"betterThird:BetterGoop","floor":8,"gold_loss":0},{"damage_healed":0,"gold_gain":0,"player_choice":"Take Damage","damage_taken":21,"relics_obtained":["Golden Idol"],"max_hp_gain":0,"max_hp_loss":0,"event_name":"Golden Idol","floor":10,"gold_loss":0}],"is_beta":false,"boss_relics":[],"items_purged_floors":[11],"is_endless":false,"potions_floor_spawned":[2,7,14],"killed_by":"Slime Boss","ascension_level":9}}