{"host":"dw2ay8i719i7xlef","time":1612407768,"event":{"mods":["BaseMod","Minty Spire (QoL Compilation)"],"gold_per_floor":[109,122,122,122,140,140,187,211,211,211,211,211,244,277,277,405,405,435,435,457,372,372,372,414,29,29,29,47,89,114,147,147,279,279,303,322,337,337,405,405,433,448,448,466,466,466,480,489,489,489],"floor_reached":51,"language":"ENG","playtime":18097,"items_purged":[],"score":1006,"play_id":"5978ef6e-5c4d-47e6-a649-e1b124fc666b","local_time":"20210203210248","is_ascension_mode":true,"campfire_choices":[{"floor":6.0,"key":"REST"},{"floor":10.0,"key":"REST"},{"data":"Leg Sweep","floor":12.0,"key":"SMITH"},{"data":"Neutralize","floor":15.0,"key":"SMITH"},{"data":"1","floor":23.0,"key":"LIFT"},{"floor":27.0,"key":"REST"},{"data":"2","floor":32.0,"key":"LIFT"},{"data":"3","floor":40.0,"key":"LIFT"},{"data":"Backflip","floor":45,"key":"SMITH"},{"data":"Backflip","floor":49,"key":"SMITH"}],"circlet_count":0,"master_deck":["AscendersBane","Strike_G","Strike_G+1","Strike_G","Strike_G","Strike_G","Defend_G","Defend_G","Defend_G","Defend_G","Defend_G","Survivor","Neutralize+1","Footwork+1","Sucker Punch","PiercingWail","Leg Sweep+1","Dash","Backflip+1","Doppelganger","Backflip+1","Cloak And Dagger+1","Envenom","Endless Agony","Footwork","Cloak And Dagger","Blade Dance+1","Accuracy","Tools of the Trade","Predator","Endless Agony","Blade Dance+1","Decay"],"relics":["WristBlade","Golden Idol","CeramicFish","Nunchaku","Eternal Feather","The Specimen","Sozu","Oddly Smooth Stone","Girya","Sundial","TwistedFunnel","Ancient Tea Set","Strawberry","HoveringKite","Tough Bandages","Blood Vial"],"acts_visited":["Exordium","TheCity","TheBeyond"],"potions_floor_usage":[],"damage_taken":[{"damage":4.0,"enemies":"Small Slimes","floor":1.0,"turns":5.0},{"damage":1.0,"enemies":"Jaw Worm","floor":2.0,"turns":5.0},{"damage":2.0,"enemies":"2 Louse","floor":5.0,"turns":3.0},{"damage":18.0,"enemies":"Gremlin Nob","floor":7.0,"turns":5.0},{"damage":1.0,"enemies":"Blue Slaver","floor":8.0,"turns":5.0},{"damage":0.0,"enemies":"Exordium Thugs","floor":13.0,"turns":5.0},{"damage":2.0,"enemies":"3 Sentries","floor":14.0,"turns":11.0},{"damage":13.0,"enemies":"The Guardian","floor":16.0,"turns":21.0},{"damage":10.0,"enemies":"Shell Parasite","floor":18.0,"turns":8.0},{"damage":1.0,"enemies":"3 Byrds","floor":20.0,"turns":8.0},{"damage":47.0,"enemies":"Gremlin Leader","floor":24.0,"turns":15.0},{"damage":0.0,"enemies":"Centurion and Healer","floor":28.0,"turns":6.0},{"damage":6.0,"enemies":"Book of Stabbing","floor":29.0,"turns":7.0},{"damage":4.0,"enemies":"Snake Plant","floor":30.0,"turns":5.0},{"damage":0.0,"enemies":"Snecko","floor":31.0,"turns":5.0},{"damage":25.0,"enemies":"Collector","floor":33.0,"turns":9.0},{"damage":0.0,"enemies":"3 Darklings","floor":35.0,"turns":5.0},{"damage":0.0,"enemies":"Orb Walker","floor":36.0,"turns":4.0},{"damage":16.0,"enemies":"Transient","floor":37.0,"turns":5.0},{"damage":15.0,"enemies":"2 Orb Walkers","floor":39.0,"turns":6.0},{"damage":0,"enemies":"3 Darklings","floor":41,"turns":5},{"damage":0,"enemies":"4 Shapes","floor":42,"turns":3},{"damage":13,"enemies":"Jaw Worm Horde","floor":44,"turns":3},{"damage":0,"enemies":"Writhing Mass","floor":47,"turns":5},{"damage":19,"enemies":"Donu and Deca","floor":50,"turns":9}],"seed_played":"7818137361927996220","potions_obtained":[{"floor":1.0,"key":"FearPotion"},{"floor":8.0,"key":"CunningPotion"},{"floor":13.0,"key":"LiquidMemories"},{"floor":16.0,"key":"DuplicationPotion"}],"is_trial":false,"path_per_floor":["M","M","?","?","M","R","E","M","T","R","?","R","M","E","R","B",null,"M","?","M","?","T","R","E","$","T","R","M","E","M","M","R","B",null,"M","M","M","?","?","R","M","M","T","M","R","?","M","?","R","B",null],"character_chosen":"THE_SILENT","items_purchased":["TwistedFunnel","Ancient Tea Set","Endless Agony","Footwork"],"campfire_rested":3,"item_purchase_floors":[25,25,25,25],"current_hp_per_floor":[59,58,41,27,25,46,28,27,27,48,45,54,54,52,61,48,65,55,55,54,54,54,66,19,19,19,55,55,56,52,52,67,42,68,68,68,52,52,37,55,55,55,55,44,62,62,64,64,73,54],"gold":489,"neow_bonus":"BOSS_RELIC","is_daily":false,"chose_seed":false,"campfire_upgraded":4,"win_rate":0.0,"timestamp":1612407768,"path_taken":["M","M","?","?","M","R","E","M","T","R","?","R","M","E","R","BOSS","M","?","M","?","?","R","E","$","T","R","M","E","?","M","R","BOSS","M","M","M","?","?","R","M","M","T","M","R","?","M","?","R","BOSS"],"items_purchased_type":["Relic","Relic","Card","Card"],"build_version":"2020-12-22","purchased_purges":0,"victory":true,"max_hp_per_floor":[70,70,70,70,70,70,70,70,70,70,70,70,70,70,70,70,70,70,70,70,70,70,70,70,70,70,70,70,77,77,77,77,77,77,77,77,77,77,77,77,77,77,77,77,77,73,73,73,73,73],"card_choices":[{"not_picked":["Tactician","Deadly Poison"],"picked":"Footwork","floor":1.0},{"not_picked":["Underhanded Strike","Quick Slash"],"picked":"Sucker Punch","floor":2.0},{"not_picked":["All Out Attack","Masterful Stab"],"picked":"PiercingWail","floor":5.0},{"not_picked":["Burst","Sucker Punch"],"picked":"Leg Sweep","floor":7.0},{"not_picked":["Noxious Fumes","Underhanded Strike"],"picked":"Dash","floor":8.0},{"not_picked":["Underhanded Strike","All Out Attack"],"picked":"Backflip","floor":13.0},{"not_picked":["Noxious Fumes","Dagger Spray","Flying Knee"],"picked":"SKIP","floor":14.0},{"not_picked":["Bullet Time","Grand Finale"],"picked":"Doppelganger","floor":16.0},{"not_picked":["Escape Plan","Reflex"],"picked":"Backflip","floor":18.0},{"not_picked":["Blur","Blade Dance"],"picked":"Cloak And Dagger+1","floor":20.0},{"not_picked":["Flying Knee+1","Dagger Spray"],"picked":"Envenom","floor":24.0},{"not_picked":["Distraction","Outmaneuver","Deadly Poison"],"picked":"SKIP","floor":28.0},{"not_picked":["Noxious Fumes+1","Reflex"],"picked":"Cloak And Dagger","floor":29.0},{"not_picked":["Sucker Punch","Terror"],"picked":"Blade Dance+1","floor":30.0},{"not_picked":["Sucker Punch","Acrobatics"],"picked":"Accuracy","floor":31.0},{"not_picked":["Bullet Time","Die Die Die"],"picked":"Tools of the Trade","floor":33.0},{"not_picked":["Deflect+1","Quick Slash+1"],"picked":"Predator","floor":35.0},{"not_picked":["Backstab","Escape Plan+1","Deflect"],"picked":"SKIP","floor":36.0},{"not_picked":["Outmaneuver+1","Sucker Punch+1","Blade Dance"],"picked":"SKIP","floor":37.0},{"not_picked":["Heel Hook+1","Bane"],"picked":"Endless Agony","floor":39.0},{"not_picked":["Prepared","Backflip"],"picked":"Blade Dance+1","floor":41},{"not_picked":["Accuracy","PiercingWail","Dodge and Roll+1"],"picked":"SKIP","floor":42},{"not_picked":["All Out Attack+1","Sucker Punch+1","Outmaneuver+1"],"picked":"SKIP","floor":44},{"not_picked":["Choke","Terror+1","Blur"],"picked":"SKIP","floor":47}],"player_experience":1292831,"relics_obtained":[{"floor":7.0,"key":"CeramicFish"},{"floor":9.0,"key":"Nunchaku"},{"floor":14.0,"key":"The Specimen"},{"floor":22.0,"key":"Girya"},{"floor":24.0,"key":"Sundial"},{"floor":29.0,"key":"Strawberry"},{"floor":39.0,"key":"Tough Bandages"},{"floor":43,"key":"Blood Vial"}],"event_choices":[{"damage_healed":0.0,"max_hp_gain":0.0,"max_hp_loss":0.0,"gold_gain":0.0,"event_name":"Golden Idol","player_choice":"Take Damage","floor":3.0,"gold_loss":0.0,"damage_taken":17.0,"relics_obtained":["Golden Idol"]},{"damage_healed":0.0,"max_hp_gain":0.0,"max_hp_loss":0.0,"gold_gain":0.0,"event_name":"Shining Light","player_choice":"Entered Light","floor":4.0,"gold_loss":0.0,"damage_taken":14.0,"cards_upgraded":["Footwork","Strike_G"]},{"damage_healed":0.0,"max_hp_gain":0.0,"max_hp_loss":0.0,"gold_gain":0.0,"event_name":"Scrap Ooze","player_choice":"Success","floor":11.0,"gold_loss":0.0,"damage_taken":3.0,"relics_obtained":["Eternal Feather"]},{"damage_healed":0.0,"max_hp_gain":0.0,"max_hp_loss":0.0,"gold_gain":0.0,"event_name":"Beggar","player_choice":"Ignored","floor":19.0,"gold_loss":0.0,"damage_taken":0.0},{"damage_healed":0.0,"max_hp_gain":0.0,"max_hp_loss":0.0,"gold_gain":0.0,"event_name":"Addict","player_choice":"Obtained Relic","floor":21.0,"gold_loss":85.0,"damage_taken":0.0,"relics_obtained":["Oddly Smooth Stone"]},{"damage_healed":0.0,"max_hp_gain":0.0,"max_hp_loss":0.0,"gold_gain":0.0,"event_name":"SensoryStone","player_choice":"Memory 1","floor":38.0,"gold_loss":0.0,"damage_taken":0.0},{"damage_healed":0.0,"max_hp_gain":0.0,"max_hp_loss":0.0,"gold_gain":0.0,"event_name":"Mysterious Sphere","player_choice":"Fight","floor":39.0,"gold_loss":0.0,"damage_taken":0.0},{"damage_healed":0,"gold_gain":0,"player_choice":"Max HP","damage_taken":0,"max_hp_gain":0,"max_hp_loss":4,"event_name":"Winding Halls","floor":46,"gold_loss":0},{"damage_healed":0,"gold_gain":0,"player_choice":"Cursed","damage_taken":0,"max_hp_gain":0,"max_hp_loss":0,"event_name":"Wheel of Change","floor":48,"gold_loss":0,"cards_obtained":["Decay"]}],"is_beta":false,"boss_relics":[{"not_picked":["Runic Pyramid","Tiny House"],"picked":"Sozu"},{"not_picked":["SlaversCollar","Pandora\u0027s Box"],"picked":"HoveringKite"}],"items_purged_floors":[],"is_endless":false,"potions_floor_spawned":[1,8,13,16,20,28,30,36,37,42],"ascension_level":11}}