{"host":"v0xbo920qxoewo3e","time":1612453043,"event":{"mods":["Act Like it!","Aspiration","Astrologer","BaseMod","Conspire","Downfall","Friendly Minions","GifTheSpireLib","Halation","Hermit","Hubris","Infinite Spire","Jedi Mod","Jorbs\u0027s Wanderer Trilogy","Koishi","Marisa????????","Minty Spire (QoL Compilation)","Potionbrewer","Rare Cards Sparkle","Reimu??????","Remilia??????","Replay The Spire","StSLib","Stuff the Spire","The Animator","The Blackbeard","The Bladedancer","The Bug Knight","The Construct","The Cursed","The Disciple","The Gatherer","The Jungle","The Problem Sleuth","The Runesmith","The Servant 0.9.4","TheBandit","Unceasing Turn Reminder"],"gold_per_floor":[111,111,41,41,52,87,87,112,185,185,197,197,197],"floor_reached":12,"language":"ENG","playtime":589,"items_purged":[],"score":133,"play_id":"24560e3f-b8f7-44f6-86bf-192211ad3f49","local_time":"20210204173723","is_ascension_mode":true,"campfire_choices":[{"data":"Defragment","floor":7,"key":"SMITH"},{"data":"StuffTheSpire:Synthwave","floor":10,"key":"SMITH"}],"circlet_count":0,"master_deck":["AscendersBane","Strike_B","Strike_B","Strike_B","Defend_B","Defend_B","Defend_B","Defend_B","Zap","Dualcast","Leap","Defragment+1","StuffTheSpire:Innocence","jedi:BurstFrost","StuffTheSpire:SnapShoot","StuffTheSpire:Synthwave+1"],"relics":["Cracked Core","hubris:Towel","StuffTheSpire:PointBlank","aspiration:ChemicalBlood","potionbrewer:BottledElixir"],"acts_visited":["Exordium"],"potions_floor_usage":[12],"damage_taken":[{"damage":0,"enemies":"Jaw Worm","floor":1,"turns":3},{"damage":0,"enemies":"conspire:RoseBush","floor":5,"turns":3},{"damage":19,"enemies":"Gremlin Nob","floor":6,"turns":5},{"damage":8,"enemies":"HollowMod:MossKnight","floor":8,"turns":10},{"damage":3,"enemies":"2 Louse","floor":11,"turns":3},{"damage":38,"enemies":"Gremlin Nob","floor":12,"turns":3}],"seed_played":"3661537919287820144","potions_obtained":[{"floor":11,"key":"FearPotion"}],"is_trial":false,"path_per_floor":["M","?","$","?","M","E","R","E","T","R","M","E"],"character_chosen":"DEFECT","items_purchased":["Defragment"],"campfire_rested":0,"item_purchase_floors":[3],"current_hp_per_floor":[68,68,68,61,61,42,42,34,34,34,31,0,0],"gold":197,"neow_bonus":"REMOVE_CARD","is_daily":false,"chose_seed":false,"campfire_upgraded":2,"win_rate":0.0,"timestamp":1612453043,"path_taken":["M","?","$","?","M","E","R","E","T","R","M","E"],"items_purchased_type":["Card"],"build_version":"2020-12-22","purchased_purges":0,"victory":false,"max_hp_per_floor":[75,75,75,75,75,75,75,75,75,75,75,75,75],"card_choices":[{"not_picked":["jedi:BurstFrost","Ball Lightning"],"picked":"Leap","floor":1},{"not_picked":["ReplaySort","Compile Driver"],"picked":"jedi:BurstFrost","floor":5},{"not_picked":["Barrage","hubris:Ukulele"],"picked":"StuffTheSpire:SnapShoot","floor":6},{"not_picked":["StuffTheSpire:GlassShard","jedi:studyfrost"],"picked":"StuffTheSpire:Synthwave","floor":8},{"not_picked":["Compile Driver","Panic Button","StuffTheSpire:ShieldGenerator"],"picked":"SKIP","floor":11}],"player_experience":1469663,"relics_obtained":[{"floor":6,"key":"StuffTheSpire:PointBlank"},{"floor":8,"key":"aspiration:ChemicalBlood"},{"floor":9,"key":"potionbrewer:BottledElixir"}],"event_choices":[],"is_beta":false,"boss_relics":[],"items_purged_floors":[],"is_endless":false,"potions_floor_spawned":[11],"killed_by":"Gremlin Nob","ascension_level":11}}