{"host":"ly20tmf9be7b85hl","time":1612450206,"event":{"mods":["BaseMod","Colored Map","Keyboard Shortcuts","Minty Spire (QoL Compilation)","Permanent Neow","Quick Restart","SuperFastMode"],"gold_per_floor":[113,123,123,123,140,170,170,198,275,275,293,323,336,15,15,94,94,106,106,120,146,71,71,71,71,71],"floor_reached":25,"language":"KOR","playtime":525,"items_purged":["Strike_B"],"score":438,"play_id":"d3f3f60a-6fe3-4ebe-b88a-72ad7b937883","local_time":"20210204235006","is_ascension_mode":true,"campfire_choices":[{"data":"Coolheaded","floor":7.0,"key":"SMITH"},{"floor":10.0,"key":"REST"},{"data":"Turbo","floor":15.0,"key":"SMITH"},{"data":"Coolheaded","floor":23.0,"key":"SMITH"}],"circlet_count":0,"master_deck":["AscendersBane","Strike_B+1","Defend_B","Defend_B","Defend_B","Defend_B","Zap","Dualcast","Meteor Strike","Sunder+1","Coolheaded+1","Coolheaded+1","Turbo+1","Hologram","Chill","Seek","Compile Driver","Steam Power"],"relics":["Cracked Core","CaptainsWheel","Whetstone","Shuriken","Singing Bowl","Meat on the Bone","Sundial","Coffee Dripper"],"acts_visited":["Exordium","TheCity"],"potions_floor_usage":[],"damage_taken":[{"damage":3.0,"enemies":"Small Slimes","floor":1.0,"turns":2.0},{"damage":4.0,"enemies":"Cultist","floor":2.0,"turns":3.0},{"damage":2.0,"enemies":"Jaw Worm","floor":5.0,"turns":5.0},{"damage":17.0,"enemies":"Lagavulin","floor":6.0,"turns":9.0},{"damage":14.0,"enemies":"Gremlin Nob","floor":8.0,"turns":4.0},{"damage":4.0,"enemies":"Exordium Thugs","floor":11.0,"turns":5.0},{"damage":24.0,"enemies":"3 Sentries","floor":12.0,"turns":7.0},{"damage":5.0,"enemies":"2 Fungi Beasts","floor":13.0,"turns":3.0},{"damage":23.0,"enemies":"Slime Boss","floor":16.0,"turns":8.0},{"damage":17.0,"enemies":"Shell Parasite","floor":18.0,"turns":3.0},{"damage":4.0,"enemies":"Spheric Guardian","floor":20.0,"turns":4.0},{"damage":0,"enemies":"Gremlin Leader","floor":25,"turns":6}],"seed_played":"-1171196995168096376","potions_obtained":[{"floor":2.0,"key":"SteroidPotion"},{"floor":8.0,"key":"Regen Potion"},{"floor":11.0,"key":"SteroidPotion"},{"floor":16.0,"key":"Energy Potion"}],"is_trial":false,"path_per_floor":["M","M","?","?","M","E","R","E","T","R","M","E","M","$","R","B",null,"M","?","M","T","$","R","?","E"],"character_chosen":"DEFECT","items_purchased":["Sundial","Chill"],"campfire_rested":1,"item_purchase_floors":[14,14],"current_hp_per_floor":[61,57,50,50,48,31,31,17,17,38,36,24,31,31,31,20,60,43,22,30,30,30,30,30,30,30],"gold":71,"neow_bonus":"TRANSFORM_TWO_CARDS","is_daily":false,"chose_seed":false,"campfire_upgraded":3,"win_rate":0.0,"timestamp":1612450206,"path_taken":["M","M","?","?","M","E","R","E","T","R","M","E","?","$","R","BOSS","M","?","M","?","$","R","?","E"],"items_purchased_type":["Relic","Card"],"build_version":"2020-12-22","purchased_purges":1,"victory":false,"max_hp_per_floor":[71,71,71,71,71,71,71,71,71,71,73,73,73,73,73,73,73,73,78,78,78,78,78,78,78,78],"card_choices":[{"not_picked":["Recycle","Ball Lightning"],"picked":"Coolheaded","floor":1.0},{"not_picked":["Beam Cell","Hello World","Melter"],"picked":"SKIP","floor":2.0},{"not_picked":["BootSequence","Sweeping Beam"],"picked":"Coolheaded","floor":5.0},{"not_picked":["Barrage","Force Field","Static Discharge"],"picked":"SKIP","floor":6.0},{"not_picked":["White Noise","Rebound","Conserve Battery"],"picked":"SKIP","floor":8.0},{"not_picked":["Leap","Tempest","Hello World"],"picked":"Singing Bowl","floor":11.0},{"not_picked":["Machine Learning","Beam Cell"],"picked":"Turbo","floor":12.0},{"not_picked":["Reprogram","Conserve Battery"],"picked":"Hologram","floor":13.0},{"not_picked":["All For One","Creative AI"],"picked":"Seek","floor":16.0},{"not_picked":["Steam+1","Go for the Eyes"],"picked":"Compile Driver","floor":18.0},{"not_picked":["Double Energy","Undo"],"picked":"Steam Power","floor":20.0}],"player_experience":845887,"relics_obtained":[{"floor":6.0,"key":"Whetstone"},{"floor":8.0,"key":"Shuriken"},{"floor":9.0,"key":"Singing Bowl"},{"floor":12.0,"key":"Meat on the Bone"}],"event_choices":[{"cards_removed":["Shame"],"damage_healed":0.0,"max_hp_gain":0.0,"max_hp_loss":0.0,"gold_gain":0.0,"event_name":"Golden Wing","player_choice":"Card Removal","floor":3.0,"gold_loss":0.0,"damage_taken":7.0},{"damage_healed":0.0,"max_hp_gain":0.0,"max_hp_loss":0.0,"gold_gain":0.0,"event_name":"WeMeetAgain","player_choice":"Gave Potion","floor":4.0,"gold_loss":0.0,"damage_taken":0.0,"relics_obtained":["CaptainsWheel"]},{"damage_healed":0.0,"max_hp_gain":5.0,"max_hp_loss":0.0,"gold_gain":0.0,"event_name":"Forgotten Altar","player_choice":"Shed Blood","floor":19.0,"gold_loss":0.0,"damage_taken":26.0},{"damage_healed":0.0,"max_hp_gain":0.0,"max_hp_loss":0.0,"gold_gain":0.0,"event_name":"Cursed Tome","player_choice":"Ignored","floor":24.0,"gold_loss":0.0,"damage_taken":0.0}],"is_beta":false,"boss_relics":[{"not_picked":["Fusion Hammer","Tiny House"],"picked":"Coffee Dripper"}],"items_purged_floors":[22],"is_endless":false,"potions_floor_spawned":[2,8,11,16],"killed_by":"Gremlin Leader","ascension_level":20}}