{"host":"5ezk7t18wcb10u1o","time":1612453844,"event":{"mods":["BaseMod","Bestiary","Colored Powertips","Minty Spire (QoL Compilation)","Relic Sorter"],"gold_per_floor":[114,124,134,154,169,169,201,201,201,227,227,246,246,296,296,373,373,383,394,394,394],"floor_reached":20,"language":"ENG","playtime":923,"items_purged":[],"score":372,"play_id":"a75cda2b-82ff-4126-bf99-51a991d21e0d","local_time":"20210204155044","is_ascension_mode":true,"campfire_choices":[{"data":"Dualcast","floor":6.0,"key":"SMITH"},{"floor":8.0,"key":"REST"},{"data":"Streamline","floor":11.0,"key":"SMITH"},{"data":"Zap","floor":15.0,"key":"SMITH"}],"circlet_count":0,"master_deck":["AscendersBane","Strike_B","Strike_B","Defend_B","Defend_B","Defend_B","Defend_B","Zap+1","Dualcast+1","Doom and Gloom","Streamline+1","BootSequence","Electrodynamics","Undo","Hologram","Reboot","Conserve Battery","Leap"],"relics":["Cracked Core","Shuriken","Frozen Egg 2","HornCleat","Inserter"],"acts_visited":["Exordium","TheCity"],"potions_floor_usage":[20],"damage_taken":[{"damage":2.0,"enemies":"Jaw Worm","floor":1.0,"turns":4.0},{"damage":5.0,"enemies":"2 Louse","floor":2.0,"turns":2.0},{"damage":1.0,"enemies":"Cultist","floor":3.0,"turns":4.0},{"damage":7.0,"enemies":"Gremlin Gang","floor":4.0,"turns":3.0},{"damage":0.0,"enemies":"3 Louse","floor":5.0,"turns":2.0},{"damage":20.0,"enemies":"Lagavulin","floor":7.0,"turns":5.0},{"damage":15.0,"enemies":"3 Sentries","floor":10.0,"turns":4.0},{"damage":0.0,"enemies":"Exordium Thugs","floor":12.0,"turns":4.0},{"damage":8.0,"enemies":"Slime Boss","floor":16.0,"turns":6.0},{"damage":18,"enemies":"Chosen","floor":18,"turns":5},{"damage":27,"enemies":"2 Thieves","floor":19,"turns":4},{"damage":19,"enemies":"Snake Plant","floor":20,"turns":3}],"seed_played":"6189730719465354197","potions_obtained":[{"floor":1.0,"key":"FocusPotion"},{"floor":3.0,"key":"Swift Potion"},{"floor":10.0,"key":"Block Potion"},{"floor":16.0,"key":"FocusPotion"}],"is_trial":false,"path_per_floor":["M","M","M","M","M","R","E","R","T","E","R","M","?","?","R","B",null,"M","M","M"],"character_chosen":"DEFECT","items_purchased":[],"campfire_rested":1,"item_purchase_floors":[],"current_hp_per_floor":[62,57,56,49,49,49,29,48,48,33,33,33,54,54,54,46,60,42,15,0,0],"gold":394,"neow_bonus":"REMOVE_TWO","is_daily":false,"chose_seed":false,"campfire_upgraded":3,"win_rate":0.0,"timestamp":1612453844,"path_taken":["M","M","M","M","M","R","E","R","T","E","R","M","?","?","R","BOSS","M","M","?"],"items_purchased_type":[],"build_version":"2020-12-22","purchased_purges":0,"victory":false,"max_hp_per_floor":[64,64,64,64,64,64,64,64,64,64,64,64,64,64,64,64,64,64,64,64,64],"card_choices":[{"not_picked":["Force Field","Ball Lightning"],"picked":"Doom and Gloom","floor":1.0},{"not_picked":["Stack","Leap"],"picked":"Streamline","floor":2.0},{"not_picked":["Stack","Turbo"],"picked":"BootSequence","floor":3.0},{"not_picked":["Blizzard","Force Field","Streamline"],"picked":"SKIP","floor":4.0},{"not_picked":["Barrage","Recycle","Hello World"],"picked":"SKIP","floor":5.0},{"not_picked":["Barrage","Recycle","Hello World"],"picked":"SKIP","floor":5.0},{"not_picked":["White Noise","Beam Cell"],"picked":"Electrodynamics","floor":7.0},{"not_picked":["Biased Cognition+1","Meteor Strike"],"picked":"Undo","floor":10.0},{"not_picked":["Skim","Aggregate"],"picked":"Hologram","floor":12.0},{"not_picked":["Creative AI+1","Biased Cognition+1"],"picked":"Reboot","floor":16.0},{"not_picked":["Coolheaded","Ball Lightning"],"picked":"Conserve Battery","floor":18},{"not_picked":["Barrage","Redo"],"picked":"Leap","floor":19}],"player_experience":1200163,"relics_obtained":[{"floor":7.0,"key":"Shuriken"},{"floor":9.0,"key":"Frozen Egg 2"},{"floor":10.0,"key":"HornCleat"}],"event_choices":[{"damage_healed":21.0,"max_hp_gain":0.0,"max_hp_loss":0.0,"gold_gain":0.0,"event_name":"Big Fish","player_choice":"Banana","floor":13.0,"gold_loss":0.0,"damage_taken":0.0},{"damage_healed":0.0,"max_hp_gain":0.0,"max_hp_loss":0.0,"gold_gain":50.0,"event_name":"Golden Shrine","player_choice":"Pray","floor":14.0,"gold_loss":0.0,"damage_taken":0.0}],"is_beta":false,"boss_relics":[{"not_picked":["Empty Cage","Runic Dome"],"picked":"Inserter"}],"items_purged_floors":[],"is_endless":false,"potions_floor_spawned":[1,3,10,16],"killed_by":"Snake Plant","ascension_level":20}}