{"host":"md0dejzd6k70gl1f","time":1612428749,"event":{"mods":["BaseMod","Minty Spire (QoL Compilation)","Quick Restart"],"gold_per_floor":[210,210,228,228,228,228,228,261,261,286,286,305,319,34,34,129,129,29,0,0,20,43,76,1,24,71,71,71],"floor_reached":27,"language":"ENG","playtime":1048,"items_purged":["Strike_G"],"score":478,"play_id":"788b009a-3609-495e-8178-e3bab9c11561","local_time":"20210204095229","is_ascension_mode":true,"campfire_choices":[{"data":"Poisoned Stab","floor":6.0,"key":"SMITH"},{"floor":15.0,"key":"REST"}],"circlet_count":0,"master_deck":["AscendersBane","Strike_G","Defend_G","Defend_G","Defend_G","Defend_G","Defend_G","Survivor","Neutralize+1","Blade Dance","Poisoned Stab+1","Noxious Fumes","Leg Sweep","Footwork","Dodge and Roll","After Image","Escape Plan","Concentrate","Bouncing Flask","Deadly Poison","Blur+1"],"relics":["Ring of the Snake","StoneCalendar","Nunchaku","Eternal Feather","Golden Idol","Snake Skull","Empty Cage","Shovel","Omamori"],"acts_visited":["Exordium","TheCity"],"potions_floor_usage":[23,27,27],"damage_taken":[{"damage":4.0,"enemies":"Jaw Worm","floor":1.0,"turns":8.0},{"damage":0.0,"enemies":"Cultist","floor":3.0,"turns":4.0},{"damage":20.0,"enemies":"Lagavulin","floor":8.0,"turns":5.0},{"damage":32.0,"enemies":"Gremlin Nob","floor":10.0,"turns":4.0},{"damage":1.0,"enemies":"Small Slimes","floor":12.0,"turns":4.0},{"damage":0.0,"enemies":"2 Fungi Beasts","floor":13.0,"turns":3.0},{"damage":1.0,"enemies":"Hexaghost","floor":16.0,"turns":8.0},{"damage":13.0,"enemies":"2 Thieves","floor":18.0,"turns":5.0},{"damage":8,"enemies":"3 Byrds","floor":21,"turns":7},{"damage":7,"enemies":"Snake Plant","floor":22,"turns":6},{"damage":10,"enemies":"Gremlin Leader","floor":23,"turns":8},{"damage":16,"enemies":"Chosen and Byrds","floor":25,"turns":7},{"damage":18,"enemies":"3 Cultists","floor":27,"turns":4}],"seed_played":"4112117488805993617","potions_obtained":[{"floor":3.0,"key":"FearPotion"},{"floor":12.0,"key":"Poison Potion"},{"floor":16.0,"key":"SpeedPotion"},{"floor":21,"key":"BlessingOfTheForge"},{"floor":22,"key":"Weak Potion"},{"floor":25,"key":"AttackPotion"}],"is_trial":false,"path_per_floor":["M","?","M","?","?","R","?","E","T","E","?","M","M","$","R","B",null,"M","?","?","M","M","E","$","M","T","M"],"character_chosen":"THE_SILENT","items_purchased":["Snake Skull","Footwork","Dodge and Roll"],"campfire_rested":1,"item_purchase_floors":[14,14,14],"current_hp_per_floor":[55,55,55,55,60,60,60,40,40,8,8,7,7,7,35,34,57,44,44,44,36,29,19,19,3,3,0,0],"gold":71,"neow_bonus":"HUNDRED_GOLD","is_daily":false,"chose_seed":false,"campfire_upgraded":1,"win_rate":0.0,"timestamp":1612428749,"path_taken":["M","?","?","?","?","R","?","E","T","E","?","M","M","$","R","BOSS","M","?","?","M","M","E","$","M","T","M"],"items_purchased_type":["Relic","Card","Card"],"build_version":"2020-12-22","purchased_purges":1,"victory":false,"max_hp_per_floor":[66,66,66,66,71,71,71,71,71,71,64,64,64,64,64,64,64,64,64,64,64,64,64,64,64,64,64,64],"card_choices":[{"not_picked":["Deflect","Acrobatics"],"picked":"Blade Dance","floor":1.0},{"not_picked":["Sucker Punch","Slice"],"picked":"Poisoned Stab","floor":3.0},{"not_picked":["Bullet Time","Outmaneuver","Underhanded Strike"],"picked":"SKIP","floor":8.0},{"not_picked":["Heel Hook","Reflex"],"picked":"Noxious Fumes","floor":10.0},{"not_picked":["Distraction","Setup","Eviscerate"],"picked":"SKIP","floor":12.0},{"not_picked":["Backflip","Backstab"],"picked":"Leg Sweep","floor":13.0},{"not_picked":["Glass Knife","A Thousand Cuts"],"picked":"After Image","floor":16.0},{"not_picked":["Deflect","Quick Slash"],"picked":"Escape Plan","floor":18.0},{"not_picked":["Dash","Acrobatics"],"picked":"Bouncing Flask","floor":21},{"not_picked":["Backstab","Flechettes"],"picked":"Deadly Poison","floor":22},{"not_picked":["Setup+1","Dagger Spray"],"picked":"Blur+1","floor":23},{"not_picked":["Endless Agony","Quick Slash","Skewer"],"picked":"SKIP","floor":25}],"player_experience":468004,"relics_obtained":[{"floor":8.0,"key":"StoneCalendar"},{"floor":9.0,"key":"Nunchaku"},{"floor":10.0,"key":"Eternal Feather"},{"floor":23,"key":"Shovel"},{"floor":26,"key":"Omamori"}],"event_choices":[{"damage_healed":0.0,"max_hp_gain":0.0,"max_hp_loss":0.0,"gold_gain":0.0,"event_name":"Match and Keep!","player_choice":"0 cards matched","floor":2.0,"gold_loss":0.0,"damage_taken":0.0,"cards_obtained":[]},{"damage_healed":0.0,"max_hp_gain":0.0,"max_hp_loss":0.0,"gold_gain":0.0,"event_name":"Living Wall","player_choice":"Grow","floor":4.0,"gold_loss":0.0,"damage_taken":0.0,"cards_upgraded":["Neutralize"]},{"damage_healed":0.0,"max_hp_gain":5.0,"max_hp_loss":0.0,"gold_gain":0.0,"event_name":"Big Fish","player_choice":"Donut","floor":5.0,"gold_loss":0.0,"damage_taken":0.0},{"damage_healed":0.0,"max_hp_gain":0.0,"max_hp_loss":0.0,"gold_gain":0.0,"event_name":"Liars Game","player_choice":"Ignored","floor":7.0,"gold_loss":0.0,"damage_taken":0.0},{"damage_healed":0.0,"max_hp_gain":0.0,"max_hp_loss":7.0,"gold_gain":0.0,"event_name":"Golden Idol","player_choice":"Lose Max HP","floor":11.0,"gold_loss":0.0,"damage_taken":0.0,"relics_obtained":["Golden Idol"]},{"damage_healed":0,"gold_gain":0,"player_choice":"Paid Fearfully","damage_taken":0,"max_hp_gain":0,"max_hp_loss":0,"event_name":"Masked Bandits","floor":19,"gold_loss":29},{"damage_healed":0,"gold_gain":0,"cards_transformed":["Strike_G"],"player_choice":"Transformed","damage_taken":0,"max_hp_gain":0,"max_hp_loss":0,"event_name":"Transmorgrifier","floor":20,"gold_loss":0,"cards_obtained":["Concentrate"]}],"is_beta":false,"boss_relics":[{"not_picked":["Ectoplasm","Pandora\u0027s Box"],"picked":"Empty Cage"}],"items_purged_floors":[24],"is_endless":false,"potions_floor_spawned":[3,12,16,21,22,25],"killed_by":"3 Cultists","ascension_level":20}}