{"host":"aaqofma31c3gm2hj","time":1612404832,"event":{"mods":["BaseMod","GungeonMod","Minty Spire (QoL Compilation)","Replay The Spire","Spicy Shops","StSLib"],"gold_per_floor":[113,133,133,208,208,251,39,39,39,39,39,39,39,63,63,81,106,106,106,202,202,218,243,256,88,88,106,106,122,122,122,147,47,61,61,61,61,61,61,154,154,173,506,506,524,239,239,249,249,284,284,331,331],"floor_reached":52,"language":"ZHS","playtime":1758,"items_purged":["Strike_G","Outmaneuver","Defend_G"],"score":1085,"play_id":"48cb357a-a1fa-4473-8a38-d5dd816c32af","local_time":"20210204101352","is_ascension_mode":true,"campfire_choices":[{"data":"Acrobatics","floor":9.0,"key":"SMITH"},{"data":"Neutralize","floor":12.0,"key":"SMITH"},{"data":"Reflex","floor":15.0,"key":"SMITH"},{"data":"Cloak And Dagger","floor":18.0,"key":"SMITH"},{"data":"Survivor","floor":19.0,"key":"SMITH"},{"floor":28.0,"key":"REST"},{"floor":30.0,"key":"REST"},{"data":"Prepared","floor":35.0,"key":"SMITH"},{"data":"Prepared","floor":38.0,"key":"SMITH"},{"data":"Replay:Bag of Tricks","floor":39.0,"key":"SMITH"},{"floor":47,"key":"RECALL"},{"data":"Eviscerate","floor":49,"key":"SMITH"}],"circlet_count":0,"master_deck":["AscendersBane","Defend_G","Defend_G","Defend_G","Survivor+1","Neutralize+1","Acrobatics+1","Reflex+1","Cloak And Dagger+1","Replay:Bag of Tricks+1","Eviscerate+1","Prepared+1","Riddle With Holes","Prepared+1","Tactician+1"],"relics":["Ring of the Snake","NeowsBlessing","ReplayTheSpireMod:Lightbulb","Shuriken","ReplayTheSpireMod:Ring of Collecting","ReplayTheSpireMod:Ring of Addiction","SacredBark","Toy Ornithopter","Replay:Mystery Machine","Replay:Bottled Steam","Empty Cage","Medical Kit","Mummified Hand","Replay:Bronze Core","PrismaticShard","DemoMod:GlassGuonStoneRelic","Replay:WaspNest","Anchor"],"acts_visited":["Exordium","TheCity","TheBeyond"],"potions_floor_usage":[48],"damage_taken":[{"damage":0.0,"enemies":"Cultist","floor":1.0,"turns":1.0},{"damage":0.0,"enemies":"2 Louse","floor":2.0,"turns":1.0},{"damage":0.0,"enemies":"Lagavulin","floor":6.0,"turns":1.0},{"damage":0.0,"enemies":"Small Slimes","floor":14.0,"turns":5.0},{"damage":0.0,"enemies":"Blue Slaver","floor":16.0,"turns":4.0},{"damage":1.0,"enemies":"3 Louse","floor":17.0,"turns":3.0},{"damage":38.0,"enemies":"Fading Forest","floor":20.0,"turns":13.0},{"damage":20.0,"enemies":"2 Thieves","floor":22.0,"turns":5.0},{"damage":0.0,"enemies":"Chosen","floor":23.0,"turns":1.0},{"damage":12.0,"enemies":"Shelled Parasite and Fungi","floor":24.0,"turns":7.0},{"damage":7.0,"enemies":"Snake Plant","floor":27.0,"turns":4.0},{"damage":35.0,"enemies":"Cultist and Chosen","floor":29.0,"turns":5.0},{"damage":0.0,"enemies":"Sentry and Sphere","floor":32.0,"turns":4.0},{"damage":0.0,"enemies":"Centurion and Healer","floor":34.0,"turns":6.0},{"damage":6.0,"enemies":"Champ","floor":40.0,"turns":5.0},{"damage":0.0,"enemies":"3 Shapes","floor":42.0,"turns":2.0},{"damage":0.0,"enemies":"Orb Walker","floor":45.0,"turns":1.0},{"damage":5,"enemies":"Sphere and 2 Shapes","floor":48,"turns":2},{"damage":21,"enemies":"R_Hoarder","floor":50,"turns":5}],"seed_played":"-4695964301267233245","potions_obtained":[{"floor":6.0,"key":"Strength Potion"},{"floor":10.0,"key":"Poison Potion"},{"floor":14.0,"key":"EssenceOfSteel"},{"floor":17.0,"key":"SpeedPotion"},{"floor":20.0,"key":"ColorlessPotion"},{"floor":24.0,"key":"PowerPotion"},{"floor":29.0,"key":"LifebloodPotion"},{"floor":40.0,"key":"Elixir"},{"floor":48,"key":"Ancient Potion"},{"floor":52,"key":"EntropicBrew"}],"is_trial":false,"path_per_floor":["M","M","?","?","?","E","$","?","R","T","$","R","T","M","R","M","M","R","R","B",null,"M","M","M","$","?","M","R","M","R","T","M","$","M","R","?","?","R","R","B",null,"M","?","?","M","$","R","M","R","E","T","?"],"character_chosen":"THE_SILENT","items_purchased":["Shuriken","Medical Kit","PrismaticShard"],"campfire_rested":2,"item_purchase_floors":[7,25,46],"current_hp_per_floor":[59,59,59,48,41,41,41,41,41,41,41,41,41,46,46,51,50,50,50,17,49,29,34,22,22,22,15,32,2,19,19,24,24,24,24,24,24,24,24,23,46,46,46,46,46,46,46,46,46,25,25,25,25],"gold":331,"neow_bonus":"THREE_ENEMY_KILL","is_daily":false,"chose_seed":false,"campfire_upgraded":9,"win_rate":0.0,"timestamp":1612404832,"path_taken":["M","M","?","?","?","E","?","?","R","T","$","R","?","M","R","?","M","R","R","BOSS","M","M","M","$","?","M","R","M","R","T","M","$","M","R","?","?","R","R","BOSS","M","?","?","M","$","R","M","R","E","T","?"],"items_purchased_type":["Relic","Relic","Relic"],"build_version":"2020-12-22","purchased_purges":3,"victory":false,"max_hp_per_floor":[66,66,60,60,60,60,60,60,60,60,60,60,60,60,60,60,60,60,60,60,60,60,60,60,60,60,58,58,58,58,58,58,58,58,58,56,56,56,56,54,54,54,54,54,52,52,52,52,52,52,52,50,50],"card_choices":[{"not_picked":["Deflect","Sucker Punch","Toxin Wave"],"picked":"SKIP","floor":1.0},{"not_picked":["Flying Knee","PiercingWail","Blur"],"picked":"SKIP","floor":2.0},{"not_picked":["Dodge and Roll","Cloak And Dagger"],"picked":"Acrobatics","floor":6.0},{"not_picked":["Hidden Blade","Deflect"],"picked":"Reflex","floor":14.0},{"not_picked":["Finisher","Dagger Spray"],"picked":"Cloak And Dagger","floor":16.0},{"not_picked":["Slice","ReplayTheSpireMod:Exploit Weakness","Bane"],"picked":"SKIP","floor":17.0},{"not_picked":["ReplayTheSpireMod:Necrosis","Burst"],"picked":"Replay:Bag of Tricks","floor":20.0},{"not_picked":["Deadly Poison+1","Backflip"],"picked":"Eviscerate","floor":22.0},{"not_picked":["Replay:Bag of Tricks","Riddle With Holes+1","Deflect"],"picked":"SKIP","floor":23.0},{"not_picked":["Acrobatics","Skewer"],"picked":"Prepared","floor":24.0},{"not_picked":["Quick Slash","Underhanded Strike","Bane"],"picked":"SKIP","floor":27.0},{"not_picked":["Riddle With Holes","Backflip","Underhanded Strike+1"],"picked":"SKIP","floor":29.0},{"not_picked":["Bouncing Flask","Quick Slash","Envenom"],"picked":"SKIP","floor":32.0},{"not_picked":["Deadly Poison+1","Slice","Dagger Throw"],"picked":"SKIP","floor":34.0},{"not_picked":["Dagger Spray","Underhanded Strike"],"picked":"Tactician+1","floor":42.0},{"not_picked":["Infinite Blades","Dagger Spray+1","Choke"],"picked":"SKIP","floor":45.0},{"not_picked":["Replay:AtTheReady","DemoMod:HardPowerCard","Pommel Strike+1"],"picked":"SKIP","floor":48},{"not_picked":["Flechettes","Deflect","Clothesline"],"picked":"SKIP","floor":50}],"player_experience":644140,"relics_obtained":[{"floor":6.0,"key":"ReplayTheSpireMod:Lightbulb"},{"floor":8.0,"key":"ReplayTheSpireMod:Ring of Collecting"},{"floor":10.0,"key":"ReplayTheSpireMod:Ring of Addiction"},{"floor":10.0,"key":"SacredBark"},{"floor":10.0,"key":"Toy Ornithopter"},{"floor":10.0,"key":"Replay:Mystery Machine"},{"floor":13.0,"key":"Replay:Bottled Steam"},{"floor":31.0,"key":"Mummified Hand"},{"floor":50,"key":"Replay:WaspNest"},{"floor":52,"key":"Anchor"}],"event_choices":[{"damage_healed":0.0,"max_hp_gain":0.0,"max_hp_loss":6.0,"gold_gain":0.0,"event_name":"Golden Idol","player_choice":"Lose Max HP","floor":3.0,"gold_loss":0.0,"damage_taken":0.0,"relics_obtained":["Golden Idol"]},{"damage_healed":0.0,"max_hp_gain":0.0,"max_hp_loss":0.0,"gold_gain":75.0,"event_name":"World of Goop","player_choice":"Gather Gold","floor":4.0,"gold_loss":0.0,"damage_taken":11.0},{"cards_removed":["Strike_G"],"damage_healed":0.0,"max_hp_gain":0.0,"max_hp_loss":0.0,"gold_gain":0.0,"event_name":"Golden Wing","player_choice":"Card Removal","floor":5.0,"gold_loss":0.0,"damage_taken":7.0},{"damage_healed":0.0,"max_hp_gain":0.0,"max_hp_loss":0.0,"gold_gain":0.0,"cards_transformed":["Defend_G","Strike_G"],"event_name":"Drug Dealer","player_choice":"Became Test Subject","floor":26.0,"gold_loss":0.0,"damage_taken":0.0,"cards_obtained":["Outmaneuver","Riddle With Holes"]},{"damage_healed":0.0,"max_hp_gain":0.0,"max_hp_loss":0.0,"gold_gain":0.0,"event_name":"The Library","player_choice":"Read","floor":37.0,"gold_loss":0.0,"damage_taken":0.0,"cards_obtained":["Prepared"]},{"damage_healed":0.0,"max_hp_gain":0.0,"max_hp_loss":0.0,"gold_gain":333.0,"event_name":"The Moai Head","player_choice":"Gave Idol","floor":43.0,"relics_lost":["Golden Idol"],"gold_loss":0.0,"damage_taken":0.0},{"damage_healed":0.0,"max_hp_gain":0.0,"max_hp_loss":0.0,"gold_gain":0.0,"event_name":"SensoryStone","player_choice":"Memory 1","floor":44.0,"gold_loss":0.0,"damage_taken":0.0}],"is_beta":false,"boss_relics":[{"not_picked":["Cursed Key","Runic Dome"],"picked":"Empty Cage"},{"not_picked":["Astrolabe","Kintsugi"],"picked":"Replay:Bronze Core"}],"items_purged_floors":[7,33,46],"is_endless":false,"potions_floor_spawned":[6,14,17,20,24,29,40,48],"ascension_level":20}}