{"host":"g2yp6paluzgljz05","time":1612416276,"event":{"mods":["BaseMod","Bestiary","Colored Powertips","DeckTracker","Highlight Path","Minty Spire (QoL Compilation)","Quick Restart"],"gold_per_floor":[109,284,295,295,71,71,99,119,144,158,176,194,194,194,194,194,194],"floor_reached":16,"language":"ENG","playtime":548,"items_purged":["Doubt"],"score":153,"play_id":"5d4a1642-2d42-4360-9899-534c3fb8ce97","local_time":"20210204162436","is_ascension_mode":true,"campfire_choices":[{"data":"Bash","floor":6,"key":"SMITH"},{"floor":15,"key":"REST"}],"circlet_count":0,"master_deck":["AscendersBane","Strike_R","Strike_R","Strike_R","Strike_R","Strike_R","Defend_R","Defend_R","Defend_R","Defend_R+1","Bash+1","Sadistic Nature+1","Fire Breathing","Shrug It Off"],"relics":["Burning Blood","TheAbacus","Anchor","Strawberry","Singing Bowl"],"acts_visited":["Exordium"],"potions_floor_usage":[16],"damage_taken":[{"damage":15,"enemies":"Small Slimes","floor":1,"turns":4},{"damage":6,"enemies":"2 Louse","floor":3,"turns":4},{"damage":34,"enemies":"Lagavulin","floor":7,"turns":6},{"damage":6,"enemies":"Cultist","floor":8,"turns":3},{"damage":14,"enemies":"3 Louse","floor":10,"turns":5},{"damage":6,"enemies":"2 Fungi Beasts","floor":11,"turns":4},{"damage":13,"enemies":"Exordium Wildlife","floor":12,"turns":4},{"damage":46,"enemies":"Slime Boss","floor":16,"turns":3}],"seed_played":"7116190978506329795","potions_obtained":[{"floor":1,"key":"PowerPotion"},{"floor":7,"key":"ElixirPotion"}],"is_trial":false,"path_per_floor":["M","?","M","?","$","R","E","M","T","M","M","M","?","?","R","B"],"character_chosen":"IRONCLAD","items_purchased":["TheAbacus"],"campfire_rested":1,"item_purchase_floors":[5],"current_hp_per_floor":[63,63,63,63,63,63,35,35,42,34,34,27,11,8,31,0,0],"gold":194,"neow_bonus":"RANDOM_COLORLESS_2","is_daily":false,"chose_seed":false,"campfire_upgraded":1,"win_rate":0.0,"timestamp":1612416276,"path_taken":["M","?","M","?","$","R","E","M","T","?","M","M","?","?","R","BOSS"],"items_purchased_type":["Relic"],"build_version":"2020-12-22","purchased_purges":1,"victory":false,"max_hp_per_floor":[72,72,72,72,72,72,72,72,79,79,79,79,79,79,79,79,79],"card_choices":[{"not_picked":["Metamorphosis","Transmutation"],"picked":"Sadistic Nature","floor":0},{"not_picked":["Pommel Strike","Twin Strike","Infernal Blade"],"picked":"SKIP","floor":1},{"not_picked":["Headbutt","Dual Wield","Anger"],"picked":"SKIP","floor":3},{"not_picked":["Twin Strike","Rupture","Sentinel"],"picked":"SKIP","floor":7},{"not_picked":["Pommel Strike","Rage"],"picked":"Fire Breathing","floor":8},{"not_picked":["Perfected Strike","Cleave","Iron Wave"],"picked":"SKIP","floor":10},{"not_picked":["Sword Boomerang","Havoc","Warcry"],"picked":"SKIP","floor":11},{"not_picked":["Cleave","Armaments"],"picked":"Shrug It Off","floor":12}],"player_experience":322428,"relics_obtained":[{"floor":7,"key":"Anchor"},{"floor":9,"key":"Strawberry"}],"event_choices":[{"damage_healed":0,"gold_gain":175,"player_choice":"AGREE","damage_taken":0,"max_hp_gain":0,"max_hp_loss":0,"event_name":"Liars Game","floor":2,"gold_loss":0,"cards_obtained":["Doubt"]},{"damage_healed":0,"gold_gain":0,"player_choice":"Bought 0 Potions","damage_taken":0,"max_hp_gain":0,"max_hp_loss":0,"event_name":"The Woman in Blue","floor":4,"gold_loss":0},{"damage_healed":0,"gold_gain":0,"player_choice":"Entered Light","damage_taken":16,"max_hp_gain":0,"max_hp_loss":0,"event_name":"Shining Light","floor":13,"gold_loss":0,"cards_upgraded":["Defend_R","Sadistic Nature"]},{"damage_healed":0,"gold_gain":0,"player_choice":"Success","damage_taken":3,"relics_obtained":["Singing Bowl"],"max_hp_gain":0,"max_hp_loss":0,"event_name":"Scrap Ooze","floor":14,"gold_loss":0}],"is_beta":false,"boss_relics":[],"items_purged_floors":[5],"is_endless":false,"potions_floor_spawned":[1,7],"killed_by":"Slime Boss","ascension_level":10}}