{"host":"zgdag062zrknap1a","time":1612420377,"event":{"mods":["AchievementEnabler","Act Like it!","Aspiration","Bard","BaseMod","BetterRewards","Colored Map","Colored Powertips","Conspire","Downfall","Gensokyo","Hallownest","Hermit","Highlight Path","Hubris","Infinite Spire","Jorbs\u0027s Wanderer Trilogy","Marisa????????","Minty Spire (QoL Compilation)","Quick Restart","Rare Cards Sparkle","Replay The Spire","Shop Mod","StSLib","The Bug Knight","The Cursed","The Hierophant","The Necromancer","The Runesmith","The Servant 0.9.4"],"gold_per_floor":[118,118,118,135,146,178,178,189,189,189,189,189,202,202,202,306,306,316,316,216,216,216,216,230,105,131,131,131,131,162,189,189,286,286,298,298,348,348,363,363,380,380,380,398,398,413,447,300,300,396,396,396],"floor_reached":51,"language":"ENG","playtime":2342,"items_purged":["Bash","Defend_R","Defend_R","Defend_R"],"score":864,"play_id":"9f6ecc3a-b85d-4087-b681-7c8ebe929702","local_time":"20210203223257","is_ascension_mode":false,"campfire_choices":[{"floor":7,"key":"RECALL"},{"data":"True Grit","floor":10,"key":"SMITH"},{"data":"Double Tap","floor":12,"key":"SMITH"},{"data":"Rage","floor":15,"key":"SMITH"},{"data":"Perfected Strike","floor":23,"key":"SMITH"},{"data":"Pommel Strike","floor":27,"key":"SMITH"},{"data":"Strike_R","floor":32,"key":"SMITH"},{"data":"Perfected Strike+1","floor":40,"key":"SMITH"},{"data":"Perfected Strike+2","floor":42,"key":"SMITH"},{"data":"Rage","floor":45,"key":"SMITH"},{"data":"ReplayTheSpireMod:Strike From Hell","floor":49,"key":"SMITH"}],"circlet_count":0,"master_deck":["Strike_R+1","Strike_R+1","Strike_R+1","Strike_R","Strike_R","Perfected Strike+3","Pommel Strike+1","Double Tap+1","Shrug It Off","ReplayTheSpireMod:Strike From Hell+1","True Grit+1","Rage+1","Pommel Strike+1","hubris:StunningStrike+1","Twin Strike+1","ReplayTheSpireMod:Strike From Hell+1","Rage+1","Perfected Strike+1"],"relics":["Burning Blood","Gremlin Horn","Molten Egg 2","Red Skull","aspiration:PoetsPen_weak","Simple Rune","conspire:DeflatedDodgeball","Runesmith:AutoHammer","ReplayTheSpireMod:DimensionalGlitch","conspire:InfiniteJournal","Question Card","hubris:Potato","infinitespire:Lucky Rock","Nunchaku"],"acts_visited":["Exordium","TheCity","TheBeyond"],"potions_floor_usage":[6,13,33,37,50],"damage_taken":[{"damage":2,"enemies":"Small Slimes","floor":1,"turns":4},{"damage":6,"enemies":"Jaw Worm","floor":4,"turns":2},{"damage":0,"enemies":"conspire:RoseBush","floor":5,"turns":2},{"damage":42,"enemies":"Replay:BlueRogue","floor":6,"turns":6},{"damage":2,"enemies":"Exordium Thugs","floor":8,"turns":4},{"damage":8,"enemies":"Red Slaver","floor":13,"turns":2},{"damage":24,"enemies":"Slime Boss","floor":16,"turns":6},{"damage":25,"enemies":"3 Byrds","floor":18,"turns":5},{"damage":0,"enemies":"Chosen","floor":24,"turns":2},{"damage":7,"enemies":"Slavers","floor":30,"turns":3},{"damage":18,"enemies":"Collector","floor":33,"turns":5},{"damage":0,"enemies":"3 Shapes","floor":35,"turns":1},{"damage":27,"enemies":"Mind Bloom Boss Battle","floor":37,"turns":4},{"damage":0,"enemies":"Orb Walker","floor":39,"turns":1},{"damage":0,"enemies":"Maw","floor":41,"turns":5},{"damage":0,"enemies":"4 Shapes","floor":44,"turns":3},{"damage":0,"enemies":"Writhing Mass","floor":46,"turns":3},{"damage":0,"enemies":"Nightmare","floor":47,"turns":4},{"damage":57,"enemies":"Time Eater","floor":50,"turns":8}],"seed_played":"-9183052818118201876","potions_obtained":[{"floor":1,"key":"Swift Potion"},{"floor":8,"key":"BloodPotion"},{"floor":13,"key":"GamblersBrew"},{"floor":24,"key":"AttackPotion"},{"floor":39,"key":"Block Potion"},{"floor":44,"key":"DuplicationPotion"}],"is_trial":false,"path_per_floor":["M","?","?","M","M","E","R","M","T","R","?","R","M","?","R","B",null,"M","?","$","?","?","R","M","$","T","R","$","?","E","T","R","B",null,"M","AVR","?","T","M","R","M","R","T","M","R","M","NM","$","R","B",null],"character_chosen":"IRONCLAD","items_purchased":["Perfected Strike","Gremlin Horn","Pommel Strike","Double Tap","Shrug It Off","bronze:BurnAndBuffPotion","Nunchaku"],"campfire_rested":0,"item_purchase_floors":[0,0,0,0,0,0,48],"current_hp_per_floor":[54,54,54,54,60,24,24,28,28,28,28,28,42,42,42,24,80,61,61,61,61,61,61,67,67,67,67,67,67,66,66,66,54,80,80,80,56,56,59,59,62,62,62,65,65,68,71,71,71,17,17,17],"gold":396,"neow_bonus":"","is_daily":false,"chose_seed":false,"campfire_upgraded":10,"win_rate":0.0,"timestamp":1612420377,"path_taken":["M","?","?","M","M","E","R","M","T","R","?","R","?","?","R","BOSS","M","?","?","?","?","R","M","$","T","R","$","?","E","?","R","BOSS","M","AVR","?","?","M","R","M","R","T","M","R","M","NM","$","R","BOSS"],"items_purchased_type":["Card","Relic","Card","Card","Card","Potion","Relic"],"build_version":"2020-12-22","purchased_purges":4,"victory":false,"max_hp_per_floor":[80,80,80,80,80,80,80,80,80,80,80,80,80,80,80,80,80,80,80,80,80,80,80,80,80,80,80,80,80,80,80,80,80,80,80,80,80,80,80,80,80,80,80,80,80,80,80,80,80,80,80,80],"card_choices":[{"not_picked":["Seeing Red","Replay:Undeath\u0027s Touch"],"picked":"ReplayTheSpireMod:Strike From Hell","floor":1},{"not_picked":["conspire:Charge+1","ReplayTheSpireMod:Stacked"],"picked":"True Grit","floor":4},{"not_picked":["Spot Weakness","Bloodletting","ReplayTheSpireMod:Muscle Training"],"picked":"SKIP","floor":5},{"not_picked":["Run Through+1","hubris:ReadiedAction"],"picked":"Rage","floor":6},{"not_picked":["Uppercut+1","Shrug It Off"],"picked":"Pommel Strike+1","floor":8},{"not_picked":["Armaments","Run Through+1","Body Slam+1"],"picked":"SKIP","floor":13},{"not_picked":["Brutality","Double Tap"],"picked":"hubris:StunningStrike+1","floor":16},{"not_picked":["Wild Strike+1","infinitespire:OneForAll+1"],"picked":"Twin Strike+1","floor":18},{"not_picked":["Heavy Blade+1","Sword Boomerang+1","Dark Embrace"],"picked":"SKIP","floor":24},{"not_picked":["Havoc","Feel No Pain"],"picked":"ReplayTheSpireMod:Strike From Hell+1","floor":30},{"not_picked":["ReplayTheSpireMod:Limb From Limb+1","Heavy Blade+1"],"picked":"Rage","floor":35},{"not_picked":["Burning Pact","Defy Death+1","ReplayTheSpireMod:Strike From Hell+1","Clash+1"],"picked":"SKIP","floor":39},{"not_picked":["ReplayTheSpireMod:Strike From Hell+1","Warcry","Thunderclap+1","Armaments"],"picked":"SKIP","floor":41},{"not_picked":["Warcry+1","Flame Barrier","Heavy Blade+1"],"picked":"Perfected Strike+1","floor":44},{"not_picked":["Run Through+1","Clash+1","Headbutt+1","Whirlwind+1"],"picked":"SKIP","floor":46},{"not_picked":["Warcry","Berserk","Rampage+1","Wild Strike+1"],"picked":"SKIP","floor":47}],"player_experience":394829,"relics_obtained":[{"floor":6,"key":"Red Skull"},{"floor":26,"key":"Simple Rune"},{"floor":30,"key":"conspire:DeflatedDodgeball"},{"floor":31,"key":"Runesmith:AutoHammer"},{"floor":37,"key":"conspire:InfiniteJournal"},{"floor":38,"key":"Question Card"},{"floor":43,"key":"hubris:Potato"},{"floor":47,"key":"infinitespire:Lucky Rock"}],"event_choices":[{"cards_removed":["Defend_R"],"damage_healed":0,"gold_gain":0,"player_choice":"Forget","damage_taken":0,"max_hp_gain":0,"max_hp_loss":0,"event_name":"Living Wall","floor":2,"gold_loss":0},{"damage_healed":0,"gold_gain":0,"player_choice":"Ignored","damage_taken":0,"max_hp_gain":0,"max_hp_loss":0,"event_name":"Golden Idol","floor":11,"gold_loss":0},{"cards_removed":["Injury"],"damage_healed":0,"gold_gain":0,"player_choice":"Purged","damage_taken":0,"max_hp_gain":0,"max_hp_loss":0,"event_name":"Purifier","floor":14,"gold_loss":0},{"damage_healed":0,"gold_gain":0,"player_choice":"Ignored","damage_taken":0,"max_hp_gain":0,"max_hp_loss":0,"event_name":"NoteForYourself","floor":19,"gold_loss":0},{"damage_healed":0,"gold_gain":0,"player_choice":"Ignored","damage_taken":0,"max_hp_gain":0,"max_hp_loss":0,"event_name":"Ghosts","floor":29,"gold_loss":0},{"damage_healed":0,"gold_gain":0,"player_choice":"Fight","damage_taken":0,"max_hp_gain":0,"max_hp_loss":0,"event_name":"MindBloom","floor":37,"gold_loss":0}],"is_beta":false,"boss_relics":[{"not_picked":["infinitespire:Burning Sword","conspire:RunicOctahedron"],"picked":"aspiration:PoetsPen_weak"},{"not_picked":["hubris:ScarierMask","hubris:CrackedHourglass"],"picked":"ReplayTheSpireMod:DimensionalGlitch"}],"items_purged_floors":[0,20,25,36],"is_endless":true,"potions_floor_spawned":[1,8,13,24,30,39,44],"ascension_level":0}}