{"host":"xp5rvh2jwe2ejyfm","time":1612400397,"event":{"mods":["Aspiration","BaseMod","BetterRewards","Colored Powertips","Conspire","Downfall","GifTheSpireLib","Gremlin Mod","Hermit","Hubris","Jorbs\u0027s Wanderer Trilogy","Minty Spire (QoL Compilation)","Replay The Spire","Robot Space Explorer","Shade Mod","Somnambulant","StSLib","The Bug Knight","The Clintock","The Construct","The Cursed","The Disciple","The Forsaken","The Hierophant","The Necromancer","The Runesmith","The Servant 0.9.4","The Valiant","The Witch","thorton"],"gold_per_floor":[118,193,193,203,216,216,234,234,258,277,293,316,316,316,316],"floor_reached":14,"language":"ENG","playtime":383,"items_purged":[],"score":82,"play_id":"00870eed-cfed-4cee-87bf-9baf63280027","local_time":"20210203195957","is_ascension_mode":false,"campfire_choices":[{"floor":6,"key":"RECALL"},{"floor":8,"key":"REST"}],"circlet_count":0,"master_deck":["somnambulantmod: SomnambulantStrike","somnambulantmod: SomnambulantStrike","somnambulantmod: SomnambulantStrike","somnambulantmod: SomnambulantStrike","somnambulantmod: SomnambulantStrike","somnambulantmod: Defend_Somnambulant","somnambulantmod: Defend_Somnambulant","somnambulantmod: Defend_Somnambulant","somnambulantmod: Defend_Somnambulant","somnambulantmod: Defend_Somnambulant","somnambulantmod: QuickNap","somnambulantmod: PrimingPunch","Replay:Parry","somnambulantmod: RacingThoughts","somnambulantmod: Stumble","somnambulantmod: OpeningUp","somnambulantmod: MindWave+1","somnambulantmod: DarkeningMind","somnambulantmod: ShimmeringVeil","Replay:BasicMightCard"],"relics":["somnambulantmod: DreamJournal","Bronze Scales"],"acts_visited":["Exordium"],"potions_floor_usage":[10,14,14,14],"damage_taken":[{"damage":8,"enemies":"Small Slimes","floor":1,"turns":3},{"damage":4,"enemies":"Cultist","floor":4,"turns":4},{"damage":0,"enemies":"2 Louse","floor":5,"turns":3},{"damage":28,"enemies":"Gremlin Gang","floor":7,"turns":7},{"damage":30,"enemies":"Exordium Wildlife","floor":10,"turns":5},{"damage":2,"enemies":"2 Fungi Beasts","floor":11,"turns":3},{"damage":1,"enemies":"3 Sentries","floor":14,"turns":2}],"seed_played":"-2420119113871032208","potions_obtained":[{"floor":1,"key":"CultistPotion"},{"floor":3,"key":"BlessingOfTheForge"},{"floor":3,"key":"sneckomod:MuddlingPotion"},{"floor":11,"key":"SteroidPotion"}],"is_trial":false,"path_per_floor":["M","?","?","M","M","R","M","R","T","M","M","T","?","E"],"character_chosen":"THE_SOMNAMBULANT","items_purchased":[],"campfire_rested":1,"item_purchase_floors":[],"current_hp_per_floor":[62,51,51,47,47,47,19,42,42,12,10,10,10,9,9],"gold":316,"neow_bonus":"RANDOM_COLORLESS","is_daily":false,"chose_seed":false,"campfire_upgraded":0,"win_rate":0.0,"timestamp":1612400397,"path_taken":["M","?","?","?","M","R","M","R","T","M","M","?","?","E"],"items_purchased_type":[],"build_version":"2020-12-22","purchased_purges":0,"victory":false,"max_hp_per_floor":[70,70,70,70,70,70,70,72,72,72,72,72,72,72,72],"card_choices":[{"not_picked":["Impatience","ReplayTheSpireMod:Uncanny Aura"],"picked":"Replay:Parry","floor":0},{"not_picked":["somnambulantmod: Nosebleed","somnambulantmod: Unmake"],"picked":"somnambulantmod: RacingThoughts","floor":1},{"not_picked":["somnambulantmod: Extract","somnambulantmod: Bruise"],"picked":"somnambulantmod: Stumble","floor":4},{"not_picked":["somnambulantmod: BadIdea","somnambulantmod: AllForNothing"],"picked":"somnambulantmod: OpeningUp","floor":5},{"not_picked":["somnambulantmod: Bruise","somnambulantmod: Stimulus"],"picked":"somnambulantmod: MindWave","floor":7},{"not_picked":["somnambulantmod: Repression","somnambulantmod: Trauma"],"picked":"somnambulantmod: DarkeningMind","floor":10},{"not_picked":["somnambulantmod: Repression","somnambulantmod: PourItOut"],"picked":"somnambulantmod: ShimmeringVeil","floor":11}],"player_experience":413239,"relics_obtained":[{"floor":9,"key":"Bronze Scales"}],"event_choices":[{"damage_healed":0,"gold_gain":75,"player_choice":"Gather Gold","damage_taken":11,"max_hp_gain":0,"max_hp_loss":0,"event_name":"World of Goop","floor":2,"gold_loss":0},{"damage_healed":0,"gold_gain":0,"player_choice":"Got Potions","damage_taken":0,"max_hp_gain":0,"max_hp_loss":0,"event_name":"Lab","floor":3,"gold_loss":0},{"damage_healed":0,"gold_gain":0,"player_choice":"1 cards matched","damage_taken":0,"max_hp_gain":0,"max_hp_loss":0,"event_name":"Match and Keep!","floor":13,"gold_loss":0,"cards_obtained":["Replay:BasicMightCard"]}],"is_beta":false,"boss_relics":[],"items_purged_floors":[],"is_endless":false,"potions_floor_spawned":[1,11],"killed_by":"3 Sentries","ascension_level":0}}