{"host":"l5zfpd2l2htson6l","time":1612417485,"event":{"mods":["AchievementEnabler","BaseMod","Colored Map","Colored Powertips","Minty Spire (QoL Compilation)","Permanent Neow","Quick Restart","Rare Cards Sparkle","Relic Stats","SuperFastMode"],"gold_per_floor":[119,134,148,159,159,159,194,194,249,268,300,300,325,325,325,325,325],"floor_reached":16,"language":"ENG","playtime":1115,"items_purged":[],"score":234,"play_id":"92504636-dd0f-4849-9c0d-d0b26d8e348c","local_time":"20210203214445","is_ascension_mode":true,"campfire_choices":[{"floor":6,"key":"REST"},{"floor":8,"key":"REST"},{"floor":12,"key":"REST"},{"floor":15,"key":"REST"}],"circlet_count":0,"master_deck":["AscendersBane","Strike_R","Strike_R","Strike_R","Strike_R","Defend_R","Defend_R+1","Defend_R+1","Defend_R","Bash+1","Seeing Red","Armaments","Uppercut","Metallicize+1","Pommel Strike","Shrug It Off+1","Brutality"],"relics":["Burning Blood","Ornamental Fan","Tiny Chest","War Paint","Dream Catcher"],"acts_visited":["Exordium"],"potions_floor_usage":[4,7,11,16],"damage_taken":[{"damage":38,"enemies":"Jaw Worm","floor":1,"turns":7},{"damage":10,"enemies":"2 Louse","floor":2,"turns":3},{"damage":1,"enemies":"Cultist","floor":3,"turns":3},{"damage":8,"enemies":"Large Slime","floor":4,"turns":6},{"damage":28,"enemies":"Lagavulin","floor":7,"turns":9},{"damage":7,"enemies":"2 Fungi Beasts","floor":10,"turns":4},{"damage":31,"enemies":"Gremlin Nob","floor":11,"turns":4},{"damage":24,"enemies":"Lagavulin","floor":13,"turns":7},{"damage":45,"enemies":"Hexaghost","floor":16,"turns":10}],"seed_played":"9172270570440706064","potions_obtained":[{"floor":3,"key":"AttackPotion"},{"floor":4,"key":"BlessingOfTheForge"},{"floor":7,"key":"SteroidPotion"},{"floor":11,"key":"BloodPotion"}],"is_trial":false,"path_per_floor":["M","M","M","M","?","R","E","R","T","M","E","R","E","?","R","B"],"character_chosen":"IRONCLAD","items_purchased":[],"campfire_rested":4,"item_purchase_floors":[],"current_hp_per_floor":[36,32,37,35,28,50,28,50,50,49,24,46,28,5,27,0,0],"gold":325,"neow_bonus":"UPGRADE_CARD","is_daily":false,"chose_seed":false,"campfire_upgraded":0,"win_rate":0.0,"timestamp":1612417485,"path_taken":["M","M","M","M","?","R","E","R","T","M","E","R","E","?","R","BOSS"],"items_purchased_type":[],"build_version":"2020-12-22","purchased_purges":0,"victory":false,"max_hp_per_floor":[75,75,75,75,75,75,75,75,75,75,75,75,75,75,75,75,75],"relic_stats":{"Dream Catcher":1,"counters":[9,53],"Ornamental Fan":[8],"Tiny Chest":0,"War Paint":["Defend_R","Shrug It Off"],"obtain_stats":[{"Dream Catcher":13,"Ornamental Fan":7,"Tiny Chest":9,"War Paint":11,"Burning Blood":0},{"Dream Catcher":8,"Ornamental Fan":5,"Tiny Chest":5,"War Paint":7,"Burning Blood":0},{"Dream Catcher":43,"Ornamental Fan":28,"Tiny Chest":28,"War Paint":36,"Burning Blood":0}],"Burning Blood":48},"card_choices":[{"not_picked":["Havoc","Feel No Pain"],"picked":"Seeing Red","floor":1},{"not_picked":["Perfected Strike","Warcry"],"picked":"Armaments","floor":2},{"not_picked":["Pommel Strike","Iron Wave"],"picked":"Uppercut","floor":3},{"not_picked":["Power Through","Sentinel"],"picked":"Metallicize","floor":4},{"not_picked":["Perfected Strike","Sentinel"],"picked":"Pommel Strike","floor":7},{"not_picked":["Perfected Strike","Sword Boomerang","Flex"],"picked":"SKIP","floor":10},{"not_picked":["Infernal Blade","Thunderclap"],"picked":"Shrug It Off","floor":11},{"not_picked":["Fire Breathing","Iron Wave"],"picked":"Brutality","floor":13}],"player_experience":860128,"relics_obtained":[{"floor":7,"key":"Ornamental Fan"},{"floor":9,"key":"Tiny Chest"},{"floor":11,"key":"War Paint"},{"floor":13,"key":"Dream Catcher"}],"event_choices":[{"cards_removed":["Strike_R"],"damage_healed":0,"gold_gain":0,"player_choice":"Card Removal","damage_taken":7,"max_hp_gain":0,"max_hp_loss":0,"event_name":"Golden Wing","floor":5,"gold_loss":0},{"damage_healed":0,"gold_gain":0,"player_choice":"Entered Light","damage_taken":23,"max_hp_gain":0,"max_hp_loss":0,"event_name":"Shining Light","floor":14,"gold_loss":0,"cards_upgraded":["Metallicize","Defend_R"]}],"is_beta":false,"boss_relics":[],"items_purged_floors":[],"is_endless":false,"potions_floor_spawned":[3,4,7,11],"killed_by":"Hexaghost","ascension_level":19}}