{"host":"lq2h7q9ca6uwu60x","time":1612419630,"event":{"mods":["Act Like it!","BaseMod","Gensokyo","Minty Spire (QoL Compilation)","StSLib","The Animator"],"gold_per_floor":[275,275,301,327,327,327,359,359,384,423,423,423,27,27,27,139,139,155,185,185,185,205,205,205,255,255,255,255,255],"floor_reached":28,"language":"ZHS","playtime":1146,"items_purged":[],"score":259,"play_id":"8c17095c-fda7-4ee4-9a3a-71a1ff8d1843","local_time":"20210204142030","is_ascension_mode":true,"campfire_choices":[{"data":"animator:Arpeggio","floor":6.0,"key":"SMITH"},{"data":"animator:MamiTomoe","floor":12.0,"key":"SMITH"},{"data":"animator:Shuna","floor":15.0,"key":"SMITH"},{"data":"animator:HinaKagiyama","floor":23.0,"key":"SMITH"}],"circlet_count":0,"master_deck":["animator:Strike_Kancolle","animator:Defend_Kancolle","animator:Strike","animator:Strike","animator:Strike","animator:Defend","animator:Defend","animator:Defend","animator:Arpeggio+1","animator:MamiTomoe+1","Pain","animator:Shuna+1","Clumsy","animator:PinaCoLada","Injury","animator:Rimuru","animator:SayakaMiki","animator:HinaKagiyama+1","animator:Curse_Dizziness","Gensokyo:FourOfAKind","Gensokyo:FourOfAKind","Gensokyo:FourOfAKind","Gensokyo:FourOfAKind","Night Terror","animator:Vesta"],"relics":["animator:TheMissingPiece","Sozu","Pear","Gensokyo:Mercy","Gensokyo:LunaticRedEyes","animator:ShionDessert","Gensokyo:NagashiBinaDoll","Mummified Hand","Anchor","Philosopher\u0027s Stone","MealTicket","Frozen Egg 2","Happy Flower"],"acts_visited":["Exordium","Gensokyo:Gensokyo"],"potions_floor_usage":[],"damage_taken":[{"damage":0.0,"enemies":"Gensokyo:3_Fairies","floor":1.0,"turns":4.0},{"damage":4.0,"enemies":"Gensokyo:2_Kodama","floor":4.0,"turns":3.0},{"damage":0.0,"enemies":"Gensokyo:Python","floor":7.0,"turns":4.0},{"damage":3.0,"enemies":"Gensokyo:Kitsune","floor":10.0,"turns":2.0},{"damage":5.0,"enemies":"Gensokyo:Reimu","floor":16.0,"turns":9.0},{"damage":3.0,"enemies":"Gensokyo:CosmicMonolith","floor":18.0,"turns":5.0},{"damage":3.0,"enemies":"Gensokyo:2_Gloops","floor":19.0,"turns":6.0},{"damage":3.0,"enemies":"Gensokyo:Swordslinger","floor":22.0,"turns":5.0},{"damage":31,"enemies":"Gensokyo:Tenshi","floor":25,"turns":7},{"damage":13,"enemies":"Gensokyo:Mirror_and_Dog","floor":28,"turns":3}],"seed_played":"-7297597181041160579","potions_obtained":[],"is_trial":false,"path_per_floor":["M","?","T","M","?","R","M","?","T","M","?","R","$","?","R","B",null,"M","M","?","?","M","R","?","E","T","?","M"],"character_chosen":"THE_ANIMATOR","items_purchased":["animator:PinaCoLada","Mummified Hand"],"campfire_rested":0,"item_purchase_floors":[13,13],"current_hp_per_floor":[66,61,61,57,57,57,57,57,57,54,54,54,54,54,54,50,77,75,72,72,55,52,52,47,16,16,16,3,3],"gold":255,"neow_bonus":"BOSS_RELIC","is_daily":false,"chose_seed":false,"campfire_upgraded":4,"win_rate":0.0,"timestamp":1612419630,"path_taken":["M","?","?","M","?","R","M","?","T","?","?","R","$","?","R","BOSS","M","M","?","?","?","R","?","E","T","?","M"],"items_purchased_type":["Card","Relic"],"build_version":"2020-12-22","purchased_purges":0,"victory":false,"max_hp_per_floor":[66,76,76,76,76,76,76,76,76,76,76,76,76,76,76,77,77,78,78,78,55,55,55,55,55,55,51,51,51],"card_choices":[{"not_picked":["animator:GazelDwargon","animator:GuildGirl","animator:Entoma"],"picked":"SKIP","floor":1.0},{"not_picked":["animator:LizardPriest","animator:YaoHaDucy"],"picked":"animator:Arpeggio","floor":4.0},{"not_picked":["animator:RoryMercury","animator:Shion"],"picked":"animator:MamiTomoe","floor":7.0},{"not_picked":["animator:Vesta","animator:Millim"],"picked":"animator:Shuna","floor":10.0},{"not_picked":["animator:Shizu","animator:HomuraAkemi"],"picked":"animator:Rimuru","floor":16.0},{"not_picked":["animator:Genos+1","animator:Demiurge+1"],"picked":"animator:SayakaMiki","floor":18.0},{"not_picked":["animator:IrohaTamaki+1","animator:Archer","animator:OrikoMikuni"],"picked":"SKIP","floor":19.0},{"not_picked":["animator:Millim","animator:Melzalgald","animator:LizardPriest"],"picked":"SKIP","floor":22.0},{"not_picked":["animator:Hakurou","animator:Benimaru"],"picked":"animator:Vesta","floor":25}],"player_experience":798480,"relics_obtained":[{"floor":9.0,"key":"animator:ShionDessert"},{"floor":25,"key":"MealTicket"},{"floor":26,"key":"Frozen Egg 2"}],"event_choices":[],"is_beta":false,"boss_relics":[{"not_picked":["Astrolabe","Pandora\u0027s Box"],"picked":"Philosopher\u0027s Stone"}],"items_purged_floors":[],"is_endless":false,"potions_floor_spawned":[1,4,22,25],"killed_by":"Gensokyo:Mirror_and_Dog","ascension_level":1}}