{"host":"126yiuos2nq86se7","time":1612424439,"event":{"mods":["AchievementEnabler","Act Like it!","BaseMod","Colored Map","Colored Powertips","Friendly Minions","Highlight Path","Hubris","Minty Spire (QoL Compilation)","Reimu??????","StSLib","SuperFastMode","The Animator"],"gold_per_floor":[218,27,47,47,47,47,82,82,82,95,113,113,113,188,188,188,188],"floor_reached":16,"language":"ENG","playtime":457,"items_purged":["Eruption"],"score":103,"play_id":"d3a9b445-c030-40a0-ae15-a133fe2279fa","local_time":"20210204184039","is_ascension_mode":true,"campfire_choices":[{"floor":6,"key":"REST"},{"floor":8,"key":"REST"},{"floor":13,"key":"REST"},{"floor":15,"key":"REST"}],"circlet_count":0,"master_deck":["Strike_P","Strike_P","Strike_P","Defend_P","Defend_P","Defend_P","Defend_P","Vigilance","Evaluate","ForeignInfluence","MentalFortress","FollowUp","Evaluate","Consecrate"],"relics":["PureWater","Golden Idol","TeardropLocket","Matryoshka","Bottled Lightning","Shuriken"],"acts_visited":["Exordium"],"potions_floor_usage":[16,16],"damage_taken":[{"damage":1,"enemies":"Jaw Worm","floor":1,"turns":7},{"damage":5,"enemies":"Small Slimes","floor":3,"turns":5},{"damage":55,"enemies":"Gremlin Nob","floor":7,"turns":6},{"damage":0,"enemies":"2 Louse","floor":10,"turns":3},{"damage":0,"enemies":"2 Fungi Beasts","floor":11,"turns":6},{"damage":63,"enemies":"Hexaghost","floor":16,"turns":16}],"seed_played":"8720683179204982333","potions_obtained":[{"floor":3,"key":"BottledMiracle"},{"floor":11,"key":"Weak Potion"}],"is_trial":false,"path_per_floor":["M","$","M","?","?","R","E","R","T","M","M","T","R","?","R","B"],"character_chosen":"WATCHER","items_purchased":["ForeignInfluence","MentalFortress"],"campfire_rested":4,"item_purchase_floors":[2,2],"current_hp_per_floor":[71,71,66,59,41,62,7,28,28,28,28,28,49,38,59,0,0],"gold":188,"neow_bonus":"HUNDRED_GOLD","is_daily":false,"chose_seed":false,"campfire_upgraded":0,"win_rate":0.0,"timestamp":1612424439,"path_taken":["M","$","M","?","?","R","E","R","T","M","M","?","R","?","R","BOSS"],"items_purchased_type":["Card","Card"],"build_version":"2020-12-22","purchased_purges":1,"victory":false,"max_hp_per_floor":[72,72,72,72,72,72,72,72,72,72,72,72,72,72,72,72,72],"card_choices":[{"not_picked":["Prostrate","FlyingSleeves"],"picked":"Evaluate","floor":1},{"not_picked":["BowlingBash","ClearTheMind"],"picked":"FollowUp","floor":3},{"not_picked":["Meditate","SandsOfTime"],"picked":"Evaluate","floor":7},{"not_picked":["ReachHeaven","Crescendo","FlyingSleeves"],"picked":"SKIP","floor":10},{"not_picked":["JustLucky","Protect"],"picked":"Consecrate","floor":11}],"player_experience":1586518,"relics_obtained":[{"floor":7,"key":"TeardropLocket"},{"floor":9,"key":"Matryoshka"},{"floor":12,"key":"Bottled Lightning"},{"floor":12,"key":"Shuriken"}],"event_choices":[{"cards_removed":["Strike_P"],"damage_healed":0,"gold_gain":0,"player_choice":"Card Removal","damage_taken":7,"max_hp_gain":0,"max_hp_loss":0,"event_name":"Golden Wing","floor":4,"gold_loss":0},{"damage_healed":0,"gold_gain":0,"player_choice":"Take Damage","damage_taken":18,"relics_obtained":["Golden Idol"],"max_hp_gain":0,"max_hp_loss":0,"event_name":"Golden Idol","floor":5,"gold_loss":0},{"damage_healed":0,"gold_gain":75,"player_choice":"Gather Gold","damage_taken":11,"max_hp_gain":0,"max_hp_loss":0,"event_name":"World of Goop","floor":14,"gold_loss":0}],"is_beta":false,"boss_relics":[],"items_purged_floors":[2],"is_endless":false,"potions_floor_spawned":[3,11],"killed_by":"Hexaghost","ascension_level":1}}