{"host":"jwbw4f4imxd0v0b0","time":1612409212,"event":{"mods":["BaseMod","Colored Map","Highlight Path","Minty Spire (QoL Compilation)","Relic Stats","StSLib"],"gold_per_floor":[114,114,189,114,134,134,149,169,169,182,182,32,57,57,57,130,130,146,161,4,0,0,0,0,35,35,35,35,61,61,32,32,32,32],"floor_reached":33,"language":"ENG","playtime":1445,"items_purged":["Strike_B"],"score":558,"play_id":"c3599120-12cf-48c7-8b12-ef1b3b7fd928","local_time":"20210203212652","is_ascension_mode":true,"campfire_choices":[{"data":"Ball Lightning","floor":6.0,"key":"SMITH"},{"data":"Stack","floor":11.0,"key":"SMITH"},{"data":"Barrage","floor":15.0,"key":"SMITH"},{"data":"Fission","floor":23,"key":"SMITH"},{"data":"Capacitor","floor":27,"key":"SMITH"},{"data":"Electrodynamics","floor":28,"key":"SMITH"},{"data":"Undo","floor":30,"key":"SMITH"},{"data":"Coolheaded","floor":32,"key":"SMITH"}],"circlet_count":0,"master_deck":["AscendersBane","Strike_B+1","Strike_B+1","Defend_B","Defend_B","Defend_B","Defend_B","Zap","Dualcast","Ball Lightning+1","Stack+1","Conserve Battery","Capacitor+1","Undo+1","Electrodynamics+1","Barrage+1","Fission+1","Storm+1","Streamline+1","Coolheaded+1"],"relics":["Cracked Core","Pen Nib","Eternal Feather","Snecko Eye","Runic Capacitor","WingedGreaves","Whetstone","Pantograph"],"acts_visited":["Exordium","TheCity"],"potions_floor_usage":[29,29],"damage_taken":[{"damage":5.0,"enemies":"Small Slimes","floor":1.0,"turns":4.0},{"damage":3.0,"enemies":"2 Louse","floor":5.0,"turns":2.0},{"damage":2.0,"enemies":"Jaw Worm","floor":7.0,"turns":3.0},{"damage":13.0,"enemies":"Lots of Slimes","floor":8.0,"turns":4.0},{"damage":4.0,"enemies":"Blue Slaver","floor":10.0,"turns":4.0},{"damage":4.0,"enemies":"Lagavulin","floor":13.0,"turns":8.0},{"damage":21.0,"enemies":"The Guardian","floor":16.0,"turns":12.0},{"damage":5.0,"enemies":"Spheric Guardian","floor":18.0,"turns":4.0},{"damage":12.0,"enemies":"Chosen","floor":19.0,"turns":4.0},{"damage":3,"enemies":"Book of Stabbing","floor":25,"turns":3},{"damage":30,"enemies":"Slavers","floor":29,"turns":5},{"damage":86,"enemies":"Champ","floor":33,"turns":12}],"seed_played":"-6905201349415095756","potions_obtained":[{"floor":5.0,"key":"Weak Potion"},{"floor":10.0,"key":"EssenceOfSteel"},{"floor":13.0,"key":"Explosive Potion"},{"floor":25,"key":"Fire Potion"},{"floor":29,"key":"Dexterity Potion"}],"is_trial":false,"path_per_floor":["M","?","?","?","M","R","M","M","T","M","R","$","E","$","R","B",null,"M","M","$","?","?","R","?","E","T","R","R","E","R","$","R","B"],"character_chosen":"DEFECT","items_purchased":["Electrodynamics","Runic Capacitor","Coolheaded"],"campfire_rested":0,"item_purchase_floors":[12,20,31],"current_hp_per_floor":[66,71,60,60,57,57,55,42,42,38,38,38,34,34,43,22,68,63,51,51,51,51,60,36,33,33,42,51,21,30,30,42,0,0],"gold":32,"neow_bonus":"TEN_PERCENT_HP_BONUS","is_daily":false,"chose_seed":false,"campfire_upgraded":8,"win_rate":0.0,"timestamp":1612409212,"path_taken":["M","?","?","?","?","R","M","?","T","M","R","?","E","$","R","BOSS","M","M","$","?","?","R","?","E","T","R","R","E","R","$","R","BOSS"],"items_purchased_type":["Card","Relic","Card"],"build_version":"2020-12-22","purchased_purges":1,"victory":false,"max_hp_per_floor":[78,83,83,83,83,83,83,83,83,83,83,83,83,83,83,83,83,83,83,83,83,83,83,88,88,88,88,88,88,88,88,88,88,88],"relic_stats":{"counters":[12,65],"Pantograph":25,"Snecko Eye":[49,41,41,41],"Eternal Feather":57,"Pen Nib":[4],"Whetstone":["Strike_B","Strike_B"],"obtain_stats":[{"Pantograph":29,"Snecko Eye":17,"Eternal Feather":13,"Pen Nib":9,"WingedGreaves":25,"Runic Capacitor":20,"Whetstone":26,"Cracked Core":0},{"Pantograph":11,"Snecko Eye":7,"Eternal Feather":6,"Pen Nib":4,"WingedGreaves":10,"Runic Capacitor":9,"Whetstone":10,"Cracked Core":0},{"Pantograph":53,"Snecko Eye":37,"Eternal Feather":25,"Pen Nib":13,"WingedGreaves":48,"Runic Capacitor":45,"Whetstone":48,"Cracked Core":0}]},"card_choices":[{"not_picked":["BootSequence","Capacitor"],"picked":"Ball Lightning","floor":1.0},{"not_picked":["Compile Driver","Sweeping Beam"],"picked":"Stack","floor":5.0},{"not_picked":["Blizzard","BootSequence"],"picked":"Conserve Battery","floor":7.0},{"not_picked":["Gash","Coolheaded"],"picked":"Capacitor","floor":8.0},{"not_picked":["Aggregate","Reprogram"],"picked":"Undo","floor":10.0},{"not_picked":["Blizzard","Ball Lightning"],"picked":"Barrage","floor":13.0},{"not_picked":["Buffer","Electrodynamics"],"picked":"Fission","floor":16.0},{"not_picked":["Ball Lightning","Redo","Heatsinks+1"],"picked":"SKIP","floor":18.0},{"not_picked":["Darkness","Streamline+1"],"picked":"Storm+1","floor":19.0},{"not_picked":["Stack","Steam","Reinforced Body"],"picked":"SKIP","floor":25},{"not_picked":["Beam Cell","Conserve Battery"],"picked":"Streamline+1","floor":29}],"player_experience":1201800,"relics_obtained":[{"floor":9.0,"key":"Pen Nib"},{"floor":13.0,"key":"Eternal Feather"},{"floor":25,"key":"WingedGreaves"},{"floor":26,"key":"Whetstone"},{"floor":29,"key":"Pantograph"}],"event_choices":[{"damage_healed":0.0,"max_hp_gain":5.0,"max_hp_loss":0.0,"gold_gain":0.0,"event_name":"Big Fish","player_choice":"Donut","floor":2.0,"gold_loss":0.0,"damage_taken":0.0},{"damage_healed":0.0,"max_hp_gain":0.0,"max_hp_loss":0.0,"gold_gain":75.0,"event_name":"World of Goop","player_choice":"Gather Gold","floor":3.0,"gold_loss":0.0,"damage_taken":11.0},{"cards_removed":["Strike_B"],"damage_healed":0.0,"max_hp_gain":0.0,"max_hp_loss":0.0,"gold_gain":0.0,"event_name":"The Cleric","player_choice":"Card Removal","floor":4.0,"gold_loss":75.0,"damage_taken":0.0},{"damage_healed":0,"gold_gain":0,"player_choice":"Paid Fearfully","damage_taken":0,"max_hp_gain":0,"max_hp_loss":0,"event_name":"Masked Bandits","floor":21,"gold_loss":4},{"damage_healed":0,"gold_gain":0,"player_choice":"Ignored","damage_taken":0,"max_hp_gain":0,"max_hp_loss":0,"event_name":"Ghosts","floor":22,"gold_loss":0},{"damage_healed":0,"gold_gain":0,"player_choice":"Shed Blood","damage_taken":29,"max_hp_gain":5,"max_hp_loss":0,"event_name":"Forgotten Altar","floor":24,"gold_loss":0}],"is_beta":false,"boss_relics":[{"not_picked":["FrozenCore","Black Star"],"picked":"Snecko Eye"}],"items_purged_floors":[12],"is_endless":false,"potions_floor_spawned":[5,10,13,25,29],"killed_by":"Champ","ascension_level":20}}