{"host":"w4b7hmige5bnqipq","time":1612470407,"event":{"mods":["2.2 Compatiblity","BaseMod","Colored Map","DeckTracker","Keyboard Shortcuts","Minty Spire (QoL Compilation)","Permanent Neow","Rare Cards Sparkle","SuperFastMode","everything is the same but u backflip on backflip","slay the spire mod where everything is the same but ironclad has a cowboy hat"],"gold_per_floor":[12,22,22,22,88,88,121,136,206,256,256,297,320,356,356,475,475,498,548,141,211,261,261,300,375,401,401,451,464,494,537,537,662,662,678,752,1135,479,494,527,527,100,127,156,257,57,57,83,95,107,119,131,20,49,49,49],"floor_reached":55,"language":"KOR","playtime":2432,"items_purged":["Pain","Strike_B","Parasite","Strike_B","Defend_B"],"score":1289,"play_id":"117a6cbb-7a54-461b-9b6a-c00f75bb72ff","local_time":"20210205052647","is_ascension_mode":true,"campfire_choices":[{"data":"Go for the Eyes","floor":6.0,"key":"SMITH"},{"data":"Beam Cell","floor":11.0,"key":"SMITH"},{"data":"Fusion","floor":15.0,"key":"SMITH"},{"data":"Defragment","floor":23.0,"key":"SMITH"},{"floor":27.0,"key":"REST"},{"floor":32.0,"key":"REST"},{"floor":41.0,"key":"RECALL"},{"data":"Double Energy","floor":47.0,"key":"SMITH"},{"data":"Glacier","floor":49.0,"key":"SMITH"},{"floor":52.0,"key":"REST"}],"circlet_count":0,"master_deck":["AscendersBane","Defend_B","Defend_B","Defend_B","Zap+1","Dualcast","BootSequence","Skim","Beam Cell+1","Ball Lightning+1","Go for the Eyes+1","Sunder+1","Darkness","Hologram","Fusion+1","Amplify","Glacier+1","Defragment+1","Fusion+1","Melter","Capacitor","Auto Shields","Double Energy+1","Sweeping Beam","Creative AI","Core Surge","Biased Cognition","Chill","Rebound"],"relics":["FrozenCore","SsserpentHead","WingedGreaves","Mummified Hand","Dream Catcher","Regal Pillow","Runic Pyramid","WarpedTongs","Tiny Chest","DollysMirror","DataDisk","Smiling Mask","Bottled Lightning","Bottled Tornado","Blood Vial","Ancient Tea Set","ClockworkSouvenir","Whetstone","OrangePellets","Lantern","Mercury Hourglass","MealTicket","Medical Kit","MawBank","Gremlin Horn"],"acts_visited":["Exordium","TheCity","TheBeyond","TheEnding"],"potions_floor_usage":[55,55],"damage_taken":[{"damage":7.0,"enemies":"2 Louse","floor":1.0,"turns":3.0},{"damage":0.0,"enemies":"Small Slimes","floor":2.0,"turns":3.0},{"damage":0.0,"enemies":"Cultist","floor":5.0,"turns":3.0},{"damage":28.0,"enemies":"Gremlin Nob","floor":7.0,"turns":5.0},{"damage":0.0,"enemies":"3 Louse","floor":8.0,"turns":3.0},{"damage":6.0,"enemies":"3 Sentries","floor":12.0,"turns":6.0},{"damage":0.0,"enemies":"Exordium Wildlife","floor":13.0,"turns":3.0},{"damage":18.0,"enemies":"Gremlin Nob","floor":14.0,"turns":4.0},{"damage":14.0,"enemies":"The Guardian","floor":16.0,"turns":8.0},{"damage":31.0,"enemies":"3 Byrds","floor":18.0,"turns":5.0},{"damage":4.0,"enemies":"Shell Parasite","floor":21.0,"turns":3.0},{"damage":33.0,"enemies":"Gremlin Leader","floor":24.0,"turns":6.0},{"damage":20.0,"enemies":"Snake Plant","floor":25.0,"turns":4.0},{"damage":26.0,"enemies":"3 Cultists","floor":29.0,"turns":7.0},{"damage":14.0,"enemies":"Slavers","floor":31.0,"turns":5.0},{"damage":23.0,"enemies":"Collector","floor":33.0,"turns":9.0},{"damage":5.0,"enemies":"Orb Walker","floor":35.0,"turns":5.0},{"damage":0.0,"enemies":"3 Darklings","floor":36.0,"turns":6.0},{"damage":8.0,"enemies":"Writhing Mass","floor":39.0,"turns":6.0},{"damage":6.0,"enemies":"Nemesis","floor":40.0,"turns":7.0},{"damage":13.0,"enemies":"Giant Head","floor":44.0,"turns":7.0},{"damage":23.0,"enemies":"Reptomancer","floor":48.0,"turns":6.0},{"damage":15.0,"enemies":"Awakened One","floor":50.0,"turns":19.0},{"damage":43.0,"enemies":"Shield and Spear","floor":54.0,"turns":9.0},{"damage":25,"enemies":"The Heart","floor":55,"turns":6}],"seed_played":"3967054499223513590","potions_obtained":[{"floor":2.0,"key":"Energy Potion"},{"floor":7.0,"key":"Dexterity Potion"},{"floor":12.0,"key":"Regen Potion"},{"floor":13.0,"key":"FocusPotion"},{"floor":21.0,"key":"DistilledChaos"},{"floor":25.0,"key":"PowerPotion"},{"floor":30.0,"key":"EssenceOfDarkness"},{"floor":31.0,"key":"PowerPotion"},{"floor":33.0,"key":"SpeedPotion"},{"floor":39.0,"key":"Dexterity Potion"},{"floor":44.0,"key":"Block Potion"},{"floor":48.0,"key":"AttackPotion"},{"floor":54.0,"key":"ColorlessPotion"}],"is_trial":false,"path_per_floor":["M","M","?","?","M","R","E","M","T","?","R","E","M","E","R","B",null,"M","?","$","M","?","R","E","M","T","R","T","M","?","E","R","B",null,"M","M","?","$","M","E","R","$","T","E","T","$","R","E","R","B",null,"R","$","E","B"],"character_chosen":"DEFECT","items_purchased":["Defragment","Tiny Chest","DollysMirror","Blood Vial","Ancient Tea Set","ClockworkSouvenir","Core Surge","OrangePellets","Lantern","Regen Potion","Medical Kit","LiquidMemories"],"campfire_rested":3,"item_purchase_floors":[20,20,20,38,38,38,38,42,42,42,46,53],"current_hp_per_floor":[61,61,61,61,61,61,33,33,33,33,33,27,27,21,21,7,54,23,23,23,19,69,69,36,16,16,51,51,25,25,11,46,23,58,53,53,53,53,47,43,43,43,43,32,32,47,47,40,40,27,56,66,66,23,0,0],"gold":49,"neow_bonus":"TRANSFORM_TWO_CARDS","is_daily":false,"chose_seed":false,"campfire_upgraded":6,"win_rate":0.0,"timestamp":1612470407,"path_taken":["M","M","?","?","?","R","E","M","T","?","R","E","M","E","R","BOSS","M","?","$","?","?","R","E","?","T","R","?","M","?","E","R","BOSS","M","?","?","$","M","E","R","$","T","E","?","$","R","E","R","BOSS","R","$","E","BOSS"],"items_purchased_type":["Card","Relic","Relic","Relic","Relic","Relic","Card","Relic","Relic","Potion","Relic","Potion"],"build_version":"2020-12-22","purchased_purges":5,"victory":false,"max_hp_per_floor":[75,75,75,75,75,75,75,75,75,69,69,69,69,69,69,69,69,69,69,69,69,69,69,69,69,69,69,69,69,69,69,69,69,69,69,69,69,69,69,69,69,66,66,66,66,66,66,66,66,66,66,66,66,66,66,66],"card_choices":[{"not_picked":["Compile Driver","Skim"],"picked":"Beam Cell","floor":1.0},{"not_picked":["Rebound","Turbo"],"picked":"Ball Lightning","floor":2.0},{"not_picked":["Stack","Hologram"],"picked":"Go for the Eyes","floor":5.0},{"not_picked":["Fission","Double Energy"],"picked":"Sunder","floor":7.0},{"not_picked":["Rip and Tear","Heatsinks","Barrage"],"picked":"SKIP","floor":8.0},{"not_picked":["Steam Power","Cold Snap"],"picked":"Darkness","floor":12.0},{"not_picked":["Gash","Steam"],"picked":"Hologram","floor":13.0},{"not_picked":["Steam","Heatsinks"],"picked":"Fusion","floor":14.0},{"not_picked":["Rainbow","All For One"],"picked":"Amplify","floor":16.0},{"not_picked":["Skim","Undo"],"picked":"Glacier","floor":18.0},{"not_picked":["Streamline","Hologram"],"picked":"Melter","floor":21.0},{"not_picked":["Double Energy+1","Scrape+1"],"picked":"Capacitor","floor":24.0},{"not_picked":["Steam","Go for the Eyes","Rip and Tear"],"picked":"SKIP","floor":25.0},{"not_picked":["Go for the Eyes","Gash"],"picked":"Auto Shields","floor":27.0},{"not_picked":["Sweeping Beam","Redo"],"picked":"Double Energy","floor":29.0},{"not_picked":["Lockon","Gash","BootSequence"],"picked":"SKIP","floor":31.0},{"not_picked":["All For One","Double Energy"],"picked":"Sweeping Beam","floor":32.0},{"not_picked":["Echo Form","Fission"],"picked":"Creative AI","floor":33.0},{"not_picked":["Barrage","Hologram","Sweeping Beam"],"picked":"SKIP","floor":35.0},{"not_picked":["Redo","Genetic Algorithm","Hologram"],"picked":"SKIP","floor":36.0},{"not_picked":["Reprogram","Chaos+1","Beam Cell"],"picked":"SKIP","floor":39.0},{"not_picked":["Redo","Tempest+1"],"picked":"Biased Cognition","floor":40.0},{"not_picked":["Gash","Stack","Cold Snap"],"picked":"SKIP","floor":44.0},{"not_picked":["Gash","Stack","Cold Snap"],"picked":"SKIP","floor":44.0},{"not_picked":["Go for the Eyes","Undo"],"picked":"Chill","floor":48.0},{"not_picked":["Barrage","Storm"],"picked":"Rebound","floor":52.0},{"not_picked":["Rebound","Genetic Algorithm","Biased Cognition"],"picked":"SKIP","floor":54.0}],"player_experience":701719,"relics_obtained":[{"floor":7.0,"key":"WingedGreaves"},{"floor":9.0,"key":"Mummified Hand"},{"floor":12.0,"key":"Dream Catcher"},{"floor":14.0,"key":"Regal Pillow"},{"floor":24.0,"key":"DataDisk"},{"floor":26.0,"key":"Smiling Mask"},{"floor":28.0,"key":"Bottled Lightning"},{"floor":31.0,"key":"Bottled Tornado"},{"floor":40.0,"key":"Whetstone"},{"floor":44.0,"key":"Mercury Hourglass"},{"floor":45.0,"key":"MealTicket"},{"floor":48.0,"key":"MawBank"},{"floor":54.0,"key":"Gremlin Horn"}],"event_choices":[{"damage_healed":0.0,"max_hp_gain":0.0,"max_hp_loss":0.0,"gold_gain":0.0,"event_name":"Living Wall","player_choice":"Grow","floor":3.0,"gold_loss":0.0,"damage_taken":0.0,"cards_upgraded":["Zap"]},{"damage_healed":0.0,"max_hp_gain":0.0,"max_hp_loss":0.0,"gold_gain":0.0,"event_name":"FaceTrader","player_choice":"Trade","floor":4.0,"gold_loss":0.0,"damage_taken":0.0,"relics_obtained":["SsserpentHead"]},{"damage_healed":0.0,"max_hp_gain":0.0,"max_hp_loss":6.0,"gold_gain":0.0,"event_name":"Golden Idol","player_choice":"Lose Max HP","floor":10.0,"gold_loss":0.0,"damage_taken":0.0,"relics_obtained":["Golden Idol"]},{"damage_healed":0.0,"max_hp_gain":0.0,"max_hp_loss":0.0,"gold_gain":0.0,"event_name":"Accursed Blacksmith","player_choice":"Rummage","floor":19.0,"gold_loss":0.0,"damage_taken":0.0,"relics_obtained":["WarpedTongs"],"cards_obtained":["Pain"]},{"damage_healed":50.0,"max_hp_gain":0.0,"max_hp_loss":0.0,"gold_gain":0.0,"event_name":"Wheel of Change","player_choice":"Full Heal","floor":22.0,"gold_loss":0.0,"damage_taken":0.0},{"damage_healed":0.0,"max_hp_gain":0.0,"max_hp_loss":0.0,"gold_gain":0.0,"event_name":"The Woman in Blue","player_choice":"Bought 1 Potion","floor":30.0,"gold_loss":0.0,"damage_taken":0.0},{"damage_healed":0.0,"max_hp_gain":0.0,"max_hp_loss":0.0,"gold_gain":333.0,"event_name":"The Moai Head","player_choice":"Gave Idol","floor":37.0,"relics_lost":["Golden Idol"],"gold_loss":0.0,"damage_taken":0.0}],"is_beta":false,"boss_relics":[{"not_picked":["Calling Bell","Coffee Dripper"],"picked":"Runic Pyramid"},{"not_picked":["Busted Crown","Fusion Hammer"],"picked":"FrozenCore"}],"items_purged_floors":[20,38,42,46,53],"is_endless":false,"potions_floor_spawned":[2,7,12,13,21,25,31,33,39,44,48,54],"killed_by":"The Heart","ascension_level":12}}