{"host":"v9ordiuf4xzdpttp","time":1612482613,"event":{"mods":["AchievementEnabler","Act Like it!","Aspiration","BaseMod","Better Third Choice","Better Vampires","BetterRewards","CCEM2","Colored Map","Gold Saver","Halation","Hubris","Infinite Spire","Jedi Mod","Marked Mod","Minty Spire (QoL Compilation)","Reliquary","Remove Card Discount Mod","Replay The Spire","Shop Mod","Spicy Shops","StSLib"],"gold_per_floor":[475,670,690,705,185,185,54,54,54,68,85,85,120,27,27,122,122,138,138,148,148,148],"floor_reached":21,"language":"ENG","playtime":1190,"items_purged":["Bash","Strike_R","Strike_R","Strike_R","Strike_R","Strike_R","Defend_R"],"score":430,"play_id":"e1a2ff5e-726e-4022-b8a3-3c4abfc3b02c","local_time":"20210204185013","is_ascension_mode":true,"campfire_choices":[{"floor":6,"key":"REST"},{"floor":8,"key":"REST"},{"floor":15,"key":"REST"}],"circlet_count":0,"master_deck":["Defend_R","Defend_R","Defend_R","Rupture+1","Dual Wield","jedi:fear","jedi:fear","Thunderclap+1","Spot Weakness","ReplayTheSpireMod:Splinters","Fire Breathing","Headbutt","hubris:InfiniteBlow+3","Hemokinesis+1","Rupture+1","Shrug It Off","Shrug It Off","Anger","Reckless Charge","Rupture+1","Rupture+1","Armaments+1","Limit Break","Hemokinesis","infinitespire:FutureSight","infinitespire:UltimateForm","infinitespire:NeuralNetwork","Metallicize"],"relics":["Burning Blood","Ice Cream","Blue Doll","MerchantsRug","Replay:Bottled Eggs","ReplayTheSpireMod:Ninjato","reliquary:WritOfMandamus","infinitespire:Burning Sword","Replay:Towering Pillar of Hats"],"acts_visited":["Exordium","TheCity"],"potions_floor_usage":[13,18],"damage_taken":[{"damage":9,"enemies":"Jaw Worm","floor":1,"turns":3},{"damage":2,"enemies":"Cultist","floor":3,"turns":4},{"damage":12,"enemies":"2 Louse","floor":4,"turns":3},{"damage":19,"enemies":"Blue Slaver","floor":10,"turns":2},{"damage":13,"enemies":"Red Slaver","floor":11,"turns":3},{"damage":28,"enemies":"Gremlin Nob","floor":13,"turns":4},{"damage":44,"enemies":"The Guardian","floor":16,"turns":7},{"damage":22,"enemies":"3 Byrds","floor":18,"turns":4},{"damage":18,"enemies":"Chosen","floor":20,"turns":3},{"damage":46,"enemies":"Shelled Parasite and Fungi","floor":21,"turns":2}],"seed_played":"-5401499024025538014","potions_obtained":[{"floor":3,"key":"Elixir"},{"floor":10,"key":"Fire Potion"},{"floor":13,"key":"Doom Potion"},{"floor":16,"key":"Adrenaline Potion"}],"is_trial":false,"path_per_floor":["M","?","M","M","?","R","$","R","T","M","M","?","E","$","R","B",null,"M","AVR","M","M"],"character_chosen":"IRONCLAD","items_purchased":["Rupture","Dual Wield","Ice Cream","Blue Doll","MerchantsRug","jedi:fear","Thunderclap+1","Hemokinesis+1","Rupture","Shrug It Off","Rupture","Armaments+1"],"campfire_rested":3,"item_purchase_floors":[0,0,0,0,0,0,0,7,7,7,14,14],"current_hp_per_floor":[43,43,47,41,41,65,65,80,80,67,60,60,38,38,62,24,66,50,50,38,0,0],"gold":148,"neow_bonus":"","is_daily":false,"chose_seed":false,"campfire_upgraded":0,"win_rate":0.0,"timestamp":1612482613,"path_taken":["M","?","?","M","?","R","$","R","T","M","M","?","E","?","R","BOSS","M","AVR","?","M"],"items_purchased_type":["Card","Card","Relic","Relic","Relic","Card","Card","Card","Card","Card","Card","Card"],"build_version":"2020-12-22","purchased_purges":7,"victory":false,"max_hp_per_floor":[80,80,80,80,80,80,80,80,80,80,80,80,80,80,80,80,80,80,80,80,80,80],"card_choices":[{"not_picked":["ReplayTheSpireMod:Strike From Hell","Disarm"],"picked":"Spot Weakness","floor":1},{"not_picked":["Replay:Undeath\u0027s Touch","Clothesline"],"picked":"Fire Breathing","floor":3},{"not_picked":["Perfected Strike","Spot Weakness"],"picked":"Headbutt","floor":4},{"not_picked":["infinitespire:SealOfDarkness+","infinitespire:Oblivion"],"picked":"hubris:InfiniteBlow+2","floor":5},{"not_picked":["Armaments","Perfected Strike"],"picked":"Shrug It Off","floor":10},{"not_picked":["Hemokinesis","ReplayTheSpireMod:Strike From Hell"],"picked":"Anger","floor":11},{"not_picked":["jedi:harder","Disarm"],"picked":"Reckless Charge","floor":13},{"not_picked":["Replay:Many Hands","jedi:strikingstrike"],"picked":"Limit Break","floor":16},{"not_picked":["Body Slam","Armaments+1"],"picked":"Hemokinesis","floor":18},{"not_picked":["jedi:collectorstrike","ReplayTheSpireMod:Strike From Hell"],"picked":"Metallicize","floor":20}],"player_experience":264966,"relics_obtained":[{"floor":9,"key":"Replay:Bottled Eggs"},{"floor":13,"key":"ReplayTheSpireMod:Ninjato"}],"event_choices":[{"damage_healed":0,"gold_gain":0,"player_choice":"Grow","damage_taken":0,"max_hp_gain":0,"max_hp_loss":0,"event_name":"Living Wall","floor":12,"gold_loss":0,"cards_upgraded":["hubris:InfiniteBlow"]}],"is_beta":false,"boss_relics":[{"not_picked":["Painkiller Herb","aspiration:WatcherSkillbook"],"picked":"reliquary:WritOfMandamus"}],"items_purged_floors":[0,0,0,0,7,7,7],"is_endless":false,"potions_floor_spawned":[3,10,13,16],"killed_by":"Shelled Parasite and Fungi","ascension_level":9}}