{"host":"9kesdg97wkrx2bva","time":1612425726,"event":{"mods":["AchievementEnabler","BaseMod","Colored Map","GifTheSpireLib","Infinite Spire","Minty Spire (QoL Compilation)","Replay The Spire","StSLib"],"gold_per_floor":[366,194,204,204,25,25,41,60,60,73,90,90,124,163,163,163,163],"floor_reached":16,"language":"ENG","playtime":437,"items_purged":["Strike_B"],"score":194,"play_id":"9e40180a-0bea-467d-95db-373dc35f1879","local_time":"20210204020206","is_ascension_mode":true,"campfire_choices":[{"data":"Chaos","floor":6,"key":"SMITH"},{"floor":12,"key":"REST"},{"data":"Zap","floor":12,"key":"SMITH"},{"floor":15,"key":"REST"},{"data":"Defragment","floor":15,"key":"SMITH"}],"circlet_count":0,"master_deck":["AscendersBane","Strike_B","Strike_B","Strike_B","Defend_B","Defend_B","Defend_B","Defend_B","Zap+1","Dualcast+1","Defragment+1","Loop","Ball Lightning","Coolheaded","Chaos+1","FIFO Queue","Cold Snap","Darkness","Gash","Pain"],"relics":["Cracked Core","infinitespire:Magic Flask","Unceasing Top"],"acts_visited":["Exordium"],"potions_floor_usage":[8,13,16,16],"damage_taken":[{"damage":1,"enemies":"Cultist","floor":1,"turns":3},{"damage":2,"enemies":"Jaw Worm","floor":3,"turns":3},{"damage":1,"enemies":"2 Louse","floor":7,"turns":3},{"damage":21,"enemies":"Exordium Wildlife","floor":8,"turns":5},{"damage":5,"enemies":"Red Slaver","floor":10,"turns":4},{"damage":29,"enemies":"Lots of Slimes","floor":11,"turns":4},{"damage":9,"enemies":"Lagavulin","floor":13,"turns":6},{"damage":34,"enemies":"Slime Boss","floor":16,"turns":10}],"seed_played":"-495196461882184068","potions_obtained":[{"floor":1,"key":"Elixir"},{"floor":3,"key":"Fire Potion"},{"floor":8,"key":"Elixir"},{"floor":11,"key":"PowerPotion"},{"floor":14,"key":"Flashbang"},{"floor":14,"key":"DuplicationPotion"}],"is_trial":false,"path_per_floor":["M","$","M","?","$","R","M","M","T","M","M","R","E","?","R","B"],"character_chosen":"DEFECT","items_purchased":["Loop","Ball Lightning","Chaos","FIFO Queue"],"campfire_rested":2,"item_purchase_floors":[2,2,5,5],"current_hp_per_floor":[63,63,61,61,61,61,60,39,39,34,5,24,15,15,34,0,0],"gold":163,"neow_bonus":"TWO_FIFTY_GOLD","is_daily":false,"chose_seed":false,"campfire_upgraded":3,"win_rate":0.0,"timestamp":1612425726,"path_taken":["M","?","M","?","$","R","M","?","T","M","M","R","E","?","R","BOSS"],"items_purchased_type":["Card","Card","Card","Card"],"build_version":"2020-12-22","purchased_purges":1,"victory":false,"max_hp_per_floor":[64,64,64,64,64,64,64,64,64,64,64,64,64,64,64,64,64],"card_choices":[{"not_picked":["Steam","Redo"],"picked":"Defragment","floor":1},{"not_picked":["ReplayTheSpireMod:Repulse","ReplayGash"],"picked":"Coolheaded","floor":3},{"not_picked":["Leap","Steam","Rebound"],"picked":"SKIP","floor":7},{"not_picked":["Rebound","Fission"],"picked":"Cold Snap","floor":8},{"not_picked":["Beam Cell","Steam"],"picked":"Darkness","floor":10},{"not_picked":["Ball Lightning","Reprogram","Rebound"],"picked":"SKIP","floor":11},{"not_picked":["ReplaySolidLightProjector","Tempest"],"picked":"Gash","floor":13}],"player_experience":1005011,"relics_obtained":[{"floor":9,"key":"infinitespire:Magic Flask"},{"floor":13,"key":"Unceasing Top"}],"event_choices":[],"is_beta":false,"boss_relics":[],"items_purged_floors":[2],"is_endless":false,"potions_floor_spawned":[1,3,8,11],"killed_by":"Slime Boss","ascension_level":18}}