{"host":"qfskrnw3pl1q86j0","time":1612471012,"event":{"mods":["BaseMod","Block Reminder","Hermit","Marisa????????","Minty Spire (QoL Compilation)","Quick Restart","Random Character Button","Relic Stats","StSLib","The Poker Player","slay the spire mod where everything is the same but ironclad has a cowboy hat"],"gold_per_floor":[114,64,81,81,0,0,33,33,33,33,48,61,71,71,71,169,169,155,80,96,96,107,107,135,135,135,135,135,135,145,145,145,240,240,251,176,192,211,11,11,47,47,47,47,47,64,64,89,89,89],"floor_reached":51,"language":"ENG","playtime":1695,"items_purged":["Defend_R","Defend_R"],"score":748,"play_id":"dae5b219-6522-44ec-8300-77c0153e783c","local_time":"20210204213652","is_ascension_mode":false,"campfire_choices":[{"data":"Bash","floor":6.0,"key":"SMITH"},{"data":"Trip","floor":8.0,"key":"SMITH"},{"data":"Dropkick","floor":10.0,"key":"SMITH"},{"data":"Pommel Strike","floor":15.0,"key":"SMITH"},{"data":"Dropkick","floor":23.0,"key":"SMITH"},{"data":"Cleave","floor":25.0,"key":"SMITH"},{"data":"Ghostly Armor","floor":28.0,"key":"SMITH"},{"data":"Twin Strike","floor":32.0,"key":"SMITH"},{"data":"Juggernaut","floor":40.0,"key":"SMITH"},{"data":"Headbutt","floor":44.0,"key":"SMITH"},{"floor":47,"key":"REST"},{"data":"Impervious","floor":49,"key":"SMITH"}],"circlet_count":0,"master_deck":["Defend_R","Defend_R","Bash+1","Trip+1","Cleave+1","Dropkick+1","Pommel Strike+1","Impervious+1","Twin Strike+1","Juggernaut+1","Dropkick+1","Headbutt+1","Pommel Strike+1"],"relics":["Burning Blood","Meat on the Bone","Sundial","Empty Cage","Shuriken","HornCleat","Kunai","Cursed Key","CeramicFish","InkBottle"],"acts_visited":["Exordium","TheCity","TheBeyond"],"potions_floor_usage":[50,50],"damage_taken":[{"damage":0.0,"enemies":"Small Slimes","floor":1.0,"turns":2.0},{"damage":6.0,"enemies":"Jaw Worm","floor":3.0,"turns":2.0},{"damage":31.0,"enemies":"Lagavulin","floor":7.0,"turns":7.0},{"damage":1.0,"enemies":"Cultist","floor":11.0,"turns":3.0},{"damage":0.0,"enemies":"2 Fungi Beasts","floor":12.0,"turns":3.0},{"damage":2.0,"enemies":"Blue Slaver","floor":13.0,"turns":3.0},{"damage":62.0,"enemies":"Hexaghost","floor":16.0,"turns":13.0},{"damage":20.0,"enemies":"2 Thieves","floor":18.0,"turns":4.0},{"damage":11.0,"enemies":"3 Byrds","floor":20.0,"turns":5.0},{"damage":34.0,"enemies":"Centurion and Healer","floor":22.0,"turns":10.0},{"damage":42.0,"enemies":"Gremlin Leader","floor":24.0,"turns":6.0},{"damage":0.0,"enemies":"Sentry and Sphere","floor":27.0,"turns":3.0},{"damage":4.0,"enemies":"Cultist and Chosen","floor":30.0,"turns":6.0},{"damage":25.0,"enemies":"Automaton","floor":33.0,"turns":9.0},{"damage":1.0,"enemies":"Orb Walker","floor":35.0,"turns":3.0},{"damage":29.0,"enemies":"3 Darklings","floor":37.0,"turns":5.0},{"damage":20.0,"enemies":"Spire Growth","floor":38.0,"turns":4.0},{"damage":13.0,"enemies":"Nemesis","floor":41.0,"turns":5.0},{"damage":17,"enemies":"Sphere and 2 Shapes","floor":46,"turns":5},{"damage":0,"enemies":"Reptomancer","floor":48,"turns":4},{"damage":42,"enemies":"Awakened One","floor":50,"turns":6}],"seed_played":"6954950524268899401","potions_obtained":[{"floor":1.0,"key":"BlessingOfTheForge"},{"floor":7.0,"key":"GamblersBrew"},{"floor":11.0,"key":"GamblersBrew"},{"floor":16.0,"key":"SmokeBomb"},{"floor":22.0,"key":"Strength Potion"},{"floor":33.0,"key":"FearPotion"},{"floor":35.0,"key":"DuplicationPotion"}],"is_trial":false,"path_per_floor":["M","?","M","?","$","R","E","R","T","R","M","M","M","$","R","B",null,"M","?","M","?","M","R","E","R","T","M","R","?","M","T","R","B",null,"M","$","M","M","$","R","E","$","T","R","?","M","R","E","R","B",null],"character_chosen":"IRONCLAD","items_purchased":["Ghostly Armor","Strength Potion","FearPotion"],"campfire_rested":1,"item_purchase_floors":[5,39,39],"current_hp_per_floor":[80,80,80,80,80,80,55,55,55,55,60,66,70,70,70,26,80,66,66,61,61,45,45,21,21,21,39,39,39,53,53,53,46,80,80,80,57,55,55,55,48,48,48,48,48,49,73,79,79,55],"gold":89,"neow_bonus":"RANDOM_COLORLESS","is_daily":false,"chose_seed":false,"campfire_upgraded":11,"win_rate":0.0,"timestamp":1612471012,"path_taken":["M","?","M","?","$","R","E","R","T","R","M","M","M","$","R","BOSS","M","?","M","?","M","R","E","R","T","M","R","?","M","?","R","BOSS","M","$","M","M","$","R","E","$","T","R","?","M","R","E","R","BOSS"],"items_purchased_type":["Card","Potion","Potion"],"build_version":"2020-12-22","purchased_purges":2,"victory":true,"max_hp_per_floor":[80,80,80,80,80,80,80,80,80,80,80,80,80,80,80,80,80,80,80,80,80,80,80,80,80,80,80,80,80,80,80,80,80,80,80,80,80,80,80,80,80,80,80,80,80,80,80,80,80,80],"relic_stats":{"counters":[21,108],"Sundial":[30],"Shuriken":[30],"CeramicFish":9,"Kunai":[29],"Cursed Key":0,"obtain_stats":[{"HornCleat":26,"Sundial":9,"Shuriken":24,"CeramicFish":41,"Kunai":31,"Empty Cage":17,"Cursed Key":34,"Burning Blood":0,"InkBottle":48,"Meat on the Bone":7},{"HornCleat":11,"Sundial":3,"Shuriken":11,"CeramicFish":18,"Kunai":13,"Empty Cage":7,"Cursed Key":14,"Burning Blood":0,"InkBottle":20,"Meat on the Bone":3},{"HornCleat":58,"Sundial":11,"Shuriken":58,"CeramicFish":93,"Kunai":67,"Empty Cage":33,"Cursed Key":76,"Burning Blood":0,"InkBottle":102,"Meat on the Bone":11}],"Burning Blood":115,"InkBottle":[3],"Meat on the Bone":108},"card_choices":[{"not_picked":["Dark Shackles","Madness"],"picked":"Trip","floor":0.0},{"not_picked":["Clothesline","Blood for Blood"],"picked":"Cleave","floor":1.0},{"not_picked":["Metallicize","Rampage"],"picked":"Dropkick","floor":3.0},{"not_picked":["Rage","Twin Strike"],"picked":"Pommel Strike","floor":7.0},{"not_picked":["Rupture","Rampage","Wild Strike"],"picked":"SKIP","floor":11.0},{"not_picked":["Pommel Strike","Havoc"],"picked":"Impervious","floor":12.0},{"not_picked":["Sever Soul","Second Wind"],"picked":"Twin Strike","floor":13.0},{"not_picked":["Corruption","Impervious"],"picked":"Juggernaut","floor":16.0},{"not_picked":["Armaments","Cleave","Perfected Strike"],"picked":"SKIP","floor":18.0},{"not_picked":["Iron Wave","Whirlwind","Bloodletting"],"picked":"SKIP","floor":20.0},{"not_picked":["Ghostly Armor+1","Seeing Red"],"picked":"Dropkick","floor":22.0},{"not_picked":["Berserk","Barricade","Burning Pact"],"picked":"SKIP","floor":24.0},{"not_picked":["Fire Breathing+1","Sentinel","Burning Pact+1"],"picked":"SKIP","floor":30.0},{"not_picked":["Clash","Intimidate"],"picked":"Headbutt","floor":35.0},{"not_picked":["Perfected Strike","Bloodletting","Cleave+1"],"picked":"SKIP","floor":37.0},{"not_picked":["Clothesline","Intimidate","Perfected Strike"],"picked":"SKIP","floor":38.0},{"not_picked":["Shockwave+1","Flex+1"],"picked":"Pommel Strike+1","floor":41.0},{"not_picked":["Fire Breathing","Clothesline+1","Sword Boomerang"],"picked":"SKIP","floor":46},{"not_picked":["Clash","Barricade","Wild Strike"],"picked":"SKIP","floor":48}],"player_experience":1034029,"relics_obtained":[{"floor":7.0,"key":"Meat on the Bone"},{"floor":9.0,"key":"Sundial"},{"floor":24.0,"key":"Shuriken"},{"floor":26.0,"key":"HornCleat"},{"floor":31.0,"key":"Kunai"},{"floor":41.0,"key":"CeramicFish"},{"floor":48,"key":"InkBottle"}],"event_choices":[{"cards_removed":["Strike_R"],"damage_healed":0.0,"max_hp_gain":0.0,"max_hp_loss":0.0,"gold_gain":0.0,"event_name":"The Cleric","player_choice":"Card Removal","floor":2.0,"gold_loss":50.0,"damage_taken":0.0},{"cards_removed":["Strike_R"],"damage_healed":0.0,"max_hp_gain":0.0,"max_hp_loss":0.0,"gold_gain":0.0,"event_name":"Purifier","player_choice":"Purged","floor":4.0,"gold_loss":0.0,"damage_taken":0.0},{"cards_removed":["Strike_R"],"damage_healed":0.0,"max_hp_gain":0.0,"max_hp_loss":0.0,"gold_gain":0.0,"event_name":"Beggar","player_choice":"Gave Gold","floor":19.0,"gold_loss":75.0,"damage_taken":0.0},{"damage_healed":0.0,"max_hp_gain":0.0,"max_hp_loss":0.0,"gold_gain":0.0,"event_name":"Ghosts","player_choice":"Ignored","floor":21.0,"gold_loss":0.0,"damage_taken":0.0},{"damage_healed":0.0,"max_hp_gain":0.0,"max_hp_loss":0.0,"gold_gain":0.0,"event_name":"Cursed Tome","player_choice":"Ignored","floor":29.0,"gold_loss":0.0,"damage_taken":0.0},{"cards_removed":["Ghostly Armor"],"damage_healed":0,"gold_gain":0,"player_choice":"Removed Skill","damage_taken":0,"max_hp_gain":0,"max_hp_loss":0,"event_name":"Falling","floor":45,"gold_loss":0}],"is_beta":false,"boss_relics":[{"not_picked":["Black Star","Runic Pyramid"],"picked":"Empty Cage"},{"not_picked":["Runic Cube","Mark of Pain"],"picked":"Cursed Key"}],"items_purged_floors":[36,39],"is_endless":false,"potions_floor_spawned":[1,7,11,16,22,27,33,35,46],"ascension_level":0}}